2006 3365
236 158 303 202 82
792 146 1328 188 ANIMADVERSIONES

238 269 285 307 lia
307 268 498 307 «liceretur
516 265 757 317 Arpennium
780 275 849 314 pro
872 263 1028 312 iugero:
1061 274 1134 301 non
1158 266 1249 313 puto
1267 262 1391 311 magis
1410 260 1589 302 Gallicam
1615 274 1745 300 vocem
1769 274 1881 312 esse,

238 349 344 389 quam
375 336 542 375 Latinam
574 332 698 372 Gallis
730 335 942 382 receptam,
976 331 1083 383 quasi
1114 333 1402 383 aruipennium.
1448 331 1514 370 Sic
1544 330 1678 370 Plauto
1711 331 1882 384 dispen-

237 419 351 451 nere,
394 414 462 453 pro
500 400 743 451 dispendere.
817 398 861 438 ln
898 398 1021 438 Gallia
1061 399 1246 450 Belgica,
1287 404 1326 439 et
1358 399 1503 440 Celtica
1544 400 1652 438 etiam
1694 399 1883 452 hodieque

238 475 404 523 iugerum
435 472 573 523 Arpen
602 471 757 508 vocant.
818 467 914 521 Quin
947 472 984 507 et
1014 468 1052 506 in
1094 469 1224 507 eodem
1262 470 1470 520 peroptimo
1501 467 1698 507 Glossario
1730 468 1885 517 integra

238 554 315 579 vox
335 540 496 588 legitur,
514 539 745 591 Arpendia,
768 536 960 587 πλέθρα,
982 549 1055 576 non
1078 539 1300 590 Arpennia.
1333 541 1580 575 SCALlGER.
1625 536 1682 576 De
1701 540 1880 590 pertica,

237 613 274 648 et
305 610 521 661 arpennio,
553 607 617 647 vel
649 609 909 659 arvipennio,
942 607 990 645 cs.
1015 606 1224 645 Burmanno
1247 611 1438 646 annotata.
1484 608 1533 647 Et
1562 611 1703 648 metari
1728 606 1884 644 verbum

235 677 424 728 proprium
443 688 532 715 esse
549 677 585 715 in
605 688 781 725 agrorum
802 675 1114 724 dimensionibus,
1129 675 1380 714 divisionibus
1401 679 1513 728 atque
1533 674 1883 726 assignationibus,

236 746 438 785 Lambinus
469 745 655 785 observat
684 745 730 783 ad
762 745 897 784 Horat.
928 751 1072 784 metato
1104 746 1143 784 in
1175 746 1328 797 aqello,
1360 745 1482 784 Serm.
1514 744 1563 784 ΙΙ.
1598 760 1640 794 11,
1678 746 1767 783 114.
1821 741 1885 782 Cf.

235 813 408 852 laudatus
438 812 612 853 Arnoldo
645 813 778 853 Livius
807 813 957 853 XXXI.
992 829 1045 852 1v.
1085 817 1122 853 et
1154 826 1249 867 quae
1279 814 1458 865 Heynius
1490 814 1693 863 congessit
1723 815 1759 852 in
1792 812 1886 851 Vita

238 882 390 933 Virgilii
421 882 468 921 ad
498 895 630 921 annum
663 883 757 922 713.
820 882 1008 933 Propertii
1039 881 1134 922 haee
1165 883 1285 922 verba
1316 886 1403 922 sunt
1434 883 1503 922 lv.
1537 898 1562 931 1,
1598 885 1691 921 130.
1729 882 1884 922 Abstu-

237 952 285 991 lic
315 953 502 992 excultas
530 955 689 1004 pertica
721 953 854 992 tristis
894 964 1006 1004 opes.
1065 951 1216 991 Rursus
1248 952 1292 991 ad
1326 952 1560 1002 Propertium
1592 950 1728 989 fefellit
1759 950 1884 989 Scali-

236 1033 368 1070 gerum
399 1021 596 1070 memoria,
628 1020 692 1059 ubi
723 1019 883 1060 Catonis
915 1032 1066 1059 versum
1099 1022 1245 1071 profert
1275 1022 1327 1059 ita
1357 1021 1560 1071 scriptum:
1596 1020 1760 1060 Pertiea
1782 1032 1887 1074 quae

236 1093 310 1128 etc.
351 1102 459 1142 quum
497 1093 618 1128 tamen
650 1088 712 1127 hic
741 1092 845 1127 recte
877 1089 1138 1139 praecepisset
1175 1090 1283 1129 unice
1322 1102 1451 1128 verum
1484 1102 1574 1128 esse
1606 1103 1699 1143 ῳια.
1760 1087 1886 1128 Plauti

237 1158 342 1197 iocus
374 1159 447 1197 iste
478 1160 538 1197 est
567 1158 604 1196 in
634 1157 764 1197 Milite
795 1156 845 1196 V.
880 1172 905 1206 1,
943 1158 1006 1195 14.
1038 1156 1282 1209 laudaturque
1312 1158 1435 1196 Nouio
1468 1171 1505 1209 p.
1539 1162 1585 1204 9,
1621 1162 1688 1196 30.

322 1239 403 1281 qua
435 1227 586 1276 primum
618 1225 796 1274 Aldinae,
829 1228 901 1264 tum
924 1225 1014 1264 Bas.
1040 1227 1159 1263 1543.
1191 1226 1290 1264 Veu.
1317 1228 1438 1264 1544.
1464 1230 1582 1265 1555.
1610 1229 1727 1264 1559.
1760 1225 1887 1274 Lugd.

240 1299 361 1334 1556.
395 1295 484 1334 Bas.
517 1294 567 1333 H.
600 1295 644 1334 P.
679 1297 801 1333 1561.
834 1306 963 1332 omncs
995 1305 1074 1332 cum
1106 1297 1284 1333 commate
1317 1297 1404 1345 post
1437 1295 1624 1343 Pertica,
1666 1294 1763 1346 quod
1795 1306 1886 1345 per-

236 1365 362 1403 turbat
400 1376 564 1403 sensum.
640 1364 771 1416 Atque
811 1362 883 1402 hae
923 1366 1010 1401 sunt
1056 1363 1271 1402 nonnullae
1312 1363 1531 1412 editiones,
1575 1375 1669 1414 quas
1707 1362 1888 1411 Scaliger

237 1434 340 1472 dicit.
401 1432 444 1472 ln
482 1433 760 1485 antiquioribus
799 1432 893 1471 enim
933 1432 1125 1480 omnibus,
1166 1432 1326 1484 itemque
1365 1432 1399 1470 in
1442 1432 1619 1482 scriptis,
1665 1431 1712 1470 de
1751 1431 1890 1484 quibus

237 1505 409 1552 constat,
441 1503 539 1541 inter
570 1514 664 1554 quos
696 1501 911 1540 Vossianus
943 1499 972 1538 l.
1005 1500 1148 1539 diserte
1179 1503 1352 1539 monente
1383 1500 1550 1550 Vossi0,
1592 1514 1696 1555 quae
1725 1499 1887 1549 legitur,

239 1570 299 1609 vel
334 1585 421 1625 qne.
476 1571 682 1610 Praeterea
714 1570 893 1609 remansit
926 1583 1029 1624 quae
1060 1570 1096 1607 in
1127 1567 1250 1607 multis
1277 1568 1557 1619 exemplaribus
1589 1569 1886 1617 recentioribus,

237 1646 276 1678 ut
308 1640 346 1678 in
377 1641 472 1691 ipsis
504 1638 789 1688 Scaligeranis,
822 1637 922 1677 Pitli.
955 1637 1003 1677 al.
1037 1640 1074 1676 et
1107 1651 1209 1691 quae
1239 1636 1373 1686 legunt
1398 1637 1571 1676 laudatus
1593 1637 1766 1676 Arnoldo
1788 1637 1886 1676 Dan.

237 1709 441 1758 Heinsius,
472 1708 676 1748 Turnebus
708 1708 878 1747 Advers.
912 1706 1020 1747 Xlll.
1055 1722 1080 1744 ι.
1112 1706 1315 1745 Lambinus
1346 1706 1391 1745 ad
1425 1706 1557 1745 Horat.
1590 1705 1616 1744 l.
1648 1706 1673 1745 l.
1707 1707 1886 1745 Burman-

238 1791 306 1816 nus
337 1778 383 1816 ad
416 1778 591 1828 Propert.
624 1776 649 1816 l.
683 1776 706 1815 l.
740 1776 839 1815 nullo
872 1776 1006 1815 idoneo
1039 1788 1171 1814 sensu.
1232 1776 1314 1814 Etsi
1356 1787 1428 1814 nou
1470 1779 1540 1813 tam
1580 1775 1699 1826 inepti
1738 1777 1887 1814 fuerunt

239 1847 314 1894 illi,
347 1849 407 1897 ut,
439 1846 537 1898 quod
569 1846 650 1885 fieri
680 1857 798 1896 posse
825 1846 987 1891 Badius,
1021 1846 1202 1896 itemque,
1235 1847 1275 1882 ut
1308 1844 1478 1893 videtur,
1512 1844 1721 1892 Domitius,
1754 1845 1887 1894 opina-

238 1917 368 1965 batur,
409 1915 530 1955 arbor
564 1916 722 1968 pertica
761 1915 973 1963 iungerent.
1051 1927 1131 1968 qua
1163 1912 1305 1963 legitur
1335 1914 1431 1964 apud
1463 1913 1680 1952 Turnebum
1713 1913 1886 1952 Advers.

239 1984 388 2024 XXVI.
422 1999 553 2025 XXXV.

323 2053 367 2092 In
392 2053 576 2092 Tliuaneo
605 2052 798 2092 Lassenus
829 2054 957 2092 erlica
990 2051 1108 2101 legit:
1142 2051 1366 2090 exstinctam
1391 2062 1480 2089 esse
1505 2051 1542 2091 P
1565 2050 1738 2089 litteram.
1771 2049 1888 2101 Apud

239 2122 293 2161 Is.
326 2122 504 2160 Vossium
535 2125 573 2162 et
604 2123 848 2162 Burmannum
881 2133 930 2159 ex
962 2121 1092 2159 eodem
1124 2123 1184 2159 est
1215 2149 1225 2158 .
1252 2149 1261 2159 .
1285 2122 1416 2160 estica
1436 2123 1597 2160 mentita
1616 2119 1760 2158 Medic.
1785 2119 1886 2159 Vra·

240 2189 318 2230 tisl.
352 2190 382 2229 1.
413 2193 547 2230 metita
578 2191 732 2230 Monac.
765 2189 795 2229 I.
837 2193 875 2229 at
906 2198 1054 2230 melam
1085 2189 1238 2228 Monac.
1270 2188 1321 2227 ll.
1354 2192 1393 2227 ut
1424 2188 1579 2227 caeteri.

327 2258 444 2312 Quum
475 2263 596 2299 autem
630 2260 744 2300 dicit:
778 2260 942 2300 Pertica
975 2273 1055 2314 qua
1086 2266 1248 2298 nostros
1279 2265 1427 2298 metata
1458 2265 1520 2297 est
1552 2259 1673 2311 impia
1704 2257 1887 2308 aqellos,

239 2329 473 2367 manifestum
504 2331 582 2379 est,
615 2331 730 2368 totum
761 2329 846 2378 agri
874 2328 1045 2367 ambitum
1070 2328 1165 2376 diei,
1197 2340 1269 2366 nou
1296 2326 1414 2365 solum
1438 2325 1592 2375 silvam,
1625 2329 1886 2376 segetemque.

241 2398 362 2438 Erant
390 2400 541 2448 praeter
571 2396 702 2436 silvam
741 2409 786 2436 ac
823 2400 995 2446 segetem
1026 2401 1146 2448 prata.
1208 2396 1448 2449 Quapropter
1485 2399 1624 2434 certum
1664 2397 1746 2443 est,
1787 2392 1887 2433 hunc

242 2479 322 2506 cum
353 2478 469 2504 versu
500 2469 682 2517 sequente
715 2466 1013 2515 coniungendam
1045 2478 1146 2504 esse.
1209 2465 1411 2516 Postquam
1441 2463 1588 2508 silvae,
1621 2464 1786 2507 vitibus,
1819 2475 1886 2501 se-

241 2536 347 2585 geti,
378 2534 512 2573 indixit
542 2535 771 2583 incendium,
805 2535 1079 2573 conclusionem
1110 2535 1219 2583 facit,
1252 2536 1291 2573 et
1322 2533 1582 2583 complectitur
1607 2532 1746 2571 omnia:
1780 2543 1886 2583 quam

241 2604 318 2644 late
348 2603 441 2642 fines
468 2604 586 2642 nostri
613 2604 814 2654 patebant,
848 2617 942 2656 quos
967 2615 1063 2642 nunc
1087 2606 1223 2641 metata
1244 2604 1324 2650 est,
1355 2601 1589 2654 abstulitque
1613 2600 1740 2646 nohis,
1774 2600 1887 2651 impia

242 2673 405 2724 pertica,
447 2672 569 2710 omnia
599 2672 695 2711 cinis
727 2673 828 2711 fiant.
891 2673 981 2731 Qua
1017 2673 1146 2711 nostri
1174 2671 1275 2723 fi'nes
1307 2670 1396 2710 olim
1436 2670 1531 2710 idem
1562 2671 1644 2720 est,
1684 2668 1783 2721 quod
1815 2667 1889 2707 hoc

244 2753 360 2780 versu
393 2740 558 2781 Portica
591 2754 670 2794 qua
702 2743 775 2780 etc.

329 2878 380 2918 V.
413 2881 480 2918 46.
540 2887 635 2928 QUA
670 2886 843 2920 NOSTRI
870 2887 1007 2922 FINES
1033 2885 1170 2929 OLIM,
1205 2886 1330 2921 (31le
1362 2885 1515 2920 OMNIA
1547 2883 1703 2918 FIANT.
1762 2873 1889 2914 Recte

247 2947 315 2984 iam
347 2948 382 2986 in
414 2947 593 2986 Romanis
624 2948 735 2998 atque
767 2945 856 2984 hinc
885 2946 921 2984 iu
953 2947 1037 2986 cod.
1063 2948 1155 2987 Bas.
1184 2946 1291 2986 Vrat.
1315 2946 1366 2986 ΙΙ.
1398 2949 1436 2985 et
1460 2943 1609 2984 Veneta
1631 2943 1772 2983 Achat.
1798 2946 1889 2995 post

247 3015 337 3054 olim
367 3016 579 3055 distinctum
610 3016 684 3055 est.
735 3013 851 3067 Quam
882 3015 1156 3057 distinctionem
1185 3016 1357 3057 omittunt
1385 3013 1484 3054 Mut.
1515 3013 1617 3053 Ven.
1647 3011 1749 3052 lens.
1782 3011 1886 3053 Ruh.
