<?xml version="1.0" encoding="UTF-8"?>
<!DOCTYPE html PUBLIC "-//W3C//DTD XHTML 1.0 Transitional//EN"
    "http://www.w3.org/TR/xhtml1/DTD/xhtml1-transitional.dtd">
<html xmlns="http://www.w3.org/1999/xhtml" xml:lang="en" lang="en">
 <head>
  <title>
</title>
<meta http-equiv="Content-Type" content="text/html;charset=utf-8" />
  <meta name='ocr-system' content='tesseract 3.04.00' />
  <meta name='ocr-capabilities' content='ocr_page ocr_carea ocr_par ocr_line ocrx_word'/>
</head>
<body>
  <div class='ocr_page' id='page_1' title='image "./carmina00catouoft_0358.png"; bbox 0 0 2006 3365; ppageno 0'>
   <div class='ocr_carea' id='block_1_1' title="bbox 270 121 1318 173">
    <p class='ocr_par' dir='ltr' id='par_1_1' title="bbox 270 121 1318 173">
     <span class='ocr_line' id='line_1_1' title="bbox 270 121 1318 173; baseline -0.01 0"><span class='ocrx_word' id='word_1_1' title='bbox 270 127 372 173; x_wconf 83' lang='grc'>334</span> <span class='ocrx_word' id='word_1_2' title='bbox 853 121 1217 164; x_wconf 81' lang='lat' dir='ltr'>DISSERTATIO</span> <span class='ocrx_word' id='word_1_3' title='bbox 1248 122 1318 163; x_wconf 90' lang='lat' dir='ltr'>IV.</span> 
     </span>
    </p>
   </div>
   <div class='ocr_carea' id='block_1_2' title="bbox 263 238 1961 703">
    <p class='ocr_par' dir='ltr' id='par_1_2' title="bbox 263 238 1961 703">
     <span class='ocr_line' id='line_1_2' title="bbox 270 238 1907 293; baseline 0 -15"><span class='ocrx_word' id='word_1_4' title='bbox 270 239 374 279; x_wconf 88' lang='lat' dir='ltr'>brum</span> <span class='ocrx_word' id='word_1_5' title='bbox 405 243 477 280; x_wconf 90' lang='lat' dir='ltr'>tam</span> <span class='ocrx_word' id='word_1_6' title='bbox 507 241 716 291; x_wconf 87' lang='lat' dir='ltr'>antiquum,</span> <span class='ocrx_word' id='word_1_7' title='bbox 756 238 820 277; x_wconf 79' lang='lat' dir='ltr'>vel</span> <span class='ocrx_word' id='word_1_8' title='bbox 859 242 932 278; x_wconf 89' lang='lat' dir='ltr'>tam</span> <span class='ocrx_word' id='word_1_9' title='bbox 973 242 1148 277; x_wconf 84' lang='lat' dir='ltr'>accurate</span> <span class='ocrx_word' id='word_1_10' title='bbox 1186 239 1385 288; x_wconf 87' lang='lat' dir='ltr'>scriptum,</span> <span class='ocrx_word' id='word_1_11' title='bbox 1429 240 1469 278; x_wconf 85' lang='lat' dir='ltr'>ut</span> <span class='ocrx_word' id='word_1_12' title='bbox 1498 241 1682 293; x_wconf 85' lang='lat' dir='ltr'>antiquum</span> <span class='ocrx_word' id='word_1_13' title='bbox 1714 239 1907 280; x_wconf 86' lang='lat' dir='ltr'>scribendi</span> 
     </span>
     <span class='ocr_line' id='line_1_3' title="bbox 268 306 1907 360; baseline -0.001 -13"><span class='ocrx_word' id='word_1_14' title='bbox 268 321 404 347; x_wconf 86' lang='lat' dir='ltr'>morem</span> <span class='ocrx_word' id='word_1_15' title='bbox 437 310 654 347; x_wconf 81' lang='lat' dir='ltr'>constanter</span> <span class='ocrx_word' id='word_1_16' title='bbox 685 319 867 345; x_wconf 76' lang='lat' dir='ltr'>servasse</span> <span class='ocrx_word' id='word_1_17' title='bbox 898 306 1107 355; x_wconf 87' lang='lat' dir='ltr'>videretur,</span> <span class='ocrx_word' id='word_1_18' title='bbox 1139 306 1251 346; x_wconf 80' lang='lat' dir='ltr'>facile</span> <span class='ocrx_word' id='word_1_19' title='bbox 1282 308 1452 358; x_wconf 84' lang='lat' dir='ltr'>quemvis</span> <span class='ocrx_word' id='word_1_20' title='bbox 1485 308 1604 360; x_wconf 84' lang='lat' dir='ltr'>ipsum</span> <span class='ocrx_word' id='word_1_21' title='bbox 1626 309 1907 348; x_wconf 87' lang='lat' dir='ltr'>conciliaturum</span> 
     </span>
     <span class='ocr_line' id='line_1_4' title="bbox 268 375 1905 428; baseline 0.001 -14"><span class='ocrx_word' id='word_1_22' title='bbox 268 378 364 415; x_wconf 78' lang='lat' dir='ltr'>inter</span> <span class='ocrx_word' id='word_1_23' title='bbox 394 389 436 414; x_wconf 83' lang='lat' dir='ltr'>se</span> <span class='ocrx_word' id='word_1_24' title='bbox 468 376 749 426; x_wconf 75' lang='lat' dir='ltr'>repugnantia,</span> <span class='ocrx_word' id='word_1_25' title='bbox 782 388 832 414; x_wconf 84' lang='lat' dir='ltr'>ex</span> <span class='ocrx_word' id='word_1_26' title='bbox 863 376 977 415; x_wconf 78' lang='lat' dir='ltr'>certis</span> <span class='ocrx_word' id='word_1_27' title='bbox 1009 375 1182 414; x_wconf 90' lang='lat' dir='ltr'>iudicium</span> <span class='ocrx_word' id='word_1_28' title='bbox 1214 376 1260 414; x_wconf 85' lang='lat' dir='ltr'>dc</span> <span class='ocrx_word' id='word_1_29' title='bbox 1290 376 1361 424; x_wconf 82' lang='lat' dir='ltr'>iis,</span> <span class='ocrx_word' id='word_1_30' title='bbox 1405 389 1498 428; x_wconf 86' lang='lat' dir='ltr'>quae</span> <span class='ocrx_word' id='word_1_31' title='bbox 1536 377 1655 415; x_wconf 87' lang='lat' dir='ltr'>minus</span> <span class='ocrx_word' id='word_1_32' title='bbox 1687 380 1812 426; x_wconf 80' lang='lat' dir='ltr'>certa,</span> <span class='ocrx_word' id='word_1_33' title='bbox 1846 379 1905 415; x_wconf 75' lang='lat' dir='ltr'>sa-</span> 
     </span>
     <span class='ocr_line' id='line_1_5' title="bbox 268 444 1961 497; baseline -0.001 -14"><span class='ocrx_word' id='word_1_34' title='bbox 268 447 426 493; x_wconf 85' lang='lat' dir='ltr'>cturum,</span> <span class='ocrx_word' id='word_1_35' title='bbox 459 446 497 482; x_wconf 88' lang='lat' dir='ltr'>et</span> <span class='ocrx_word' id='word_1_36' title='bbox 529 444 833 496; x_wconf 82' lang='lat' dir='ltr'>aequabilitatem</span> <span class='ocrx_word' id='word_1_37' title='bbox 865 444 1164 495; x_wconf 78' lang='lat' dir='ltr'>orthographiae</span> <span class='ocrx_word' id='word_1_38' title='bbox 1196 456 1246 483; x_wconf 85' lang='lat' dir='ltr'>ex</span> <span class='ocrx_word' id='word_1_39' title='bbox 1277 457 1344 482; x_wconf 89' lang='lat' dir='ltr'>sua</span> <span class='ocrx_word' id='word_1_40' title='bbox 1368 445 1581 483; x_wconf 86' lang='lat' dir='ltr'>coniectura</span> <span class='ocrx_word' id='word_1_41' title='bbox 1604 458 1692 484; x_wconf 83' lang='lat' dir='ltr'>esse</span> <span class='ocrx_word' id='word_1_42' title='bbox 1719 444 1906 497; x_wconf 80' lang='lat' dir='ltr'>probabili</span> <span class='ocrx_word' id='word_1_43' title='bbox 1958 490 1961 491; x_wconf 19' lang='lat'><em>⁷</em></span> 
     </span>
     <span class='ocr_line' id='line_1_6' title="bbox 265 512 1904 565; baseline 0.001 -15"><span class='ocrx_word' id='word_1_44' title='bbox 265 512 371 551; x_wconf 90' lang='lat' dir='ltr'>modo</span> <span class='ocrx_word' id='word_1_45' title='bbox 404 514 660 551; x_wconf 82' lang='lat' dir='ltr'>restituturum</span> <span class='ocrx_word' id='word_1_46' title='bbox 692 514 851 563; x_wconf 90' lang='lat' dir='ltr'>putavi:</span> <span class='ocrx_word' id='word_1_47' title='bbox 899 514 982 564; x_wconf 83' lang='lat' dir='ltr'>ipse</span> <span class='ocrx_word' id='word_1_48' title='bbox 1014 513 1171 551; x_wconf 87' lang='lat' dir='ltr'>mediam</span> <span class='ocrx_word' id='word_1_49' title='bbox 1205 513 1397 565; x_wconf 88' lang='lat' dir='ltr'>quamdam</span> <span class='ocrx_word' id='word_1_50' title='bbox 1429 513 1526 551; x_wconf 90' lang='lat' dir='ltr'>viam</span> <span class='ocrx_word' id='word_1_51' title='bbox 1571 514 1797 564; x_wconf 82' lang='lat' dir='ltr'>ingressus,</span> <span class='ocrx_word' id='word_1_52' title='bbox 1836 526 1904 552; x_wconf 85' lang='lat' dir='ltr'>eas</span> 
     </span>
     <span class='ocr_line' id='line_1_7' title="bbox 264 580 1905 635; baseline 0.002 -17"><span class='ocrx_word' id='word_1_53' title='bbox 264 583 403 619; x_wconf 86' lang='lat' dir='ltr'>tantum</span> <span class='ocrx_word' id='word_1_54' title='bbox 434 582 640 621; x_wconf 83' lang='lat' dir='ltr'>vetustatis</span> <span class='ocrx_word' id='word_1_55' title='bbox 672 581 871 634; x_wconf 80' lang='lat' dir='ltr'>reliquias,</span> <span class='ocrx_word' id='word_1_56' title='bbox 905 594 997 634; x_wconf 83' lang='lat' dir='ltr'>quas</span> <span class='ocrx_word' id='word_1_57' title='bbox 1029 581 1203 620; x_wconf 81' lang='lat' dir='ltr'>meliores</span> <span class='ocrx_word' id='word_1_58' title='bbox 1236 580 1321 619; x_wconf 88' lang='lat' dir='ltr'>libri</span> <span class='ocrx_word' id='word_1_59' title='bbox 1353 582 1422 619; x_wconf 84' lang='lat' dir='ltr'>mei</span> <span class='ocrx_word' id='word_1_60' title='bbox 1454 581 1682 632; x_wconf 83' lang='lat' dir='ltr'>offerebant,</span> <span class='ocrx_word' id='word_1_61' title='bbox 1714 586 1827 635; x_wconf 82' lang='lat' dir='ltr'>atque</span> <span class='ocrx_word' id='word_1_62' title='bbox 1857 583 1905 621; x_wconf 87' lang='lat' dir='ltr'>iis</span> 
     </span>
     <span class='ocr_line' id='line_1_8' title="bbox 263 649 1614 703; baseline 0.001 -15"><span class='ocrx_word' id='word_1_63' title='bbox 263 651 343 689; x_wconf 86' lang='lat' dir='ltr'>scre</span> <span class='ocrx_word' id='word_1_64' title='bbox 375 650 411 688; x_wconf 91' lang='lat' dir='ltr'>in</span> <span class='ocrx_word' id='word_1_65' title='bbox 445 649 562 702; x_wconf 82' lang='lat' dir='ltr'>locis,</span> <span class='ocrx_word' id='word_1_66' title='bbox 595 650 658 689; x_wconf 92' lang='lat' dir='ltr'>ubi</span> <span class='ocrx_word' id='word_1_67' title='bbox 688 650 898 691; x_wconf 79' lang='lat' dir='ltr'>offerebant</span> <span class='ocrx_word' id='word_1_68' title='bbox 928 650 1037 702; x_wconf 83' lang='lat' dir='ltr'>libri,</span> <span class='ocrx_word' id='word_1_69' title='bbox 1069 651 1197 702; x_wconf 88' lang='lat' dir='ltr'>recepi</span> <span class='ocrx_word' id='word_1_70' title='bbox 1230 653 1342 703; x_wconf 88' lang='lat' dir='ltr'>atquc</span> <span class='ocrx_word' id='word_1_71' title='bbox 1373 651 1614 690; x_wconf 83' lang='lat' dir='ltr'>conservavi.</span> 
     </span>
    </p>
   </div>
   <div class='ocr_carea' id='block_1_3' title="bbox 260 1027 1899 1169">
    <p class='ocr_par' dir='ltr' id='par_1_3' title="bbox 260 1027 1899 1169">
     <span class='ocr_line' id='line_1_9' title="bbox 263 1027 1899 1100; baseline -0.001 -15"><span class='ocrx_word' id='word_1_72' title='bbox 263 1027 461 1086; x_wconf 75' lang='lat' dir='ltr'>Codicum</span> <span class='ocrx_word' id='word_1_73' title='bbox 493 1060 599 1086; x_wconf 86' lang='lat' dir='ltr'>manu</span> <span class='ocrx_word' id='word_1_74' title='bbox 632 1049 873 1099; x_wconf 77' lang='lat' dir='ltr'>scriptorum,</span> <span class='ocrx_word' id='word_1_75' title='bbox 901 1048 962 1100; x_wconf 88' lang='lat' dir='ltr'>qui</span> <span class='ocrx_word' id='word_1_76' title='bbox 994 1048 1039 1086; x_wconf 88' lang='lat' dir='ltr'>ad</span> <span class='ocrx_word' id='word_1_77' title='bbox 1072 1048 1252 1088; x_wconf 85' lang='lat' dir='ltr'>Catonem</span> <span class='ocrx_word' id='word_1_78' title='bbox 1283 1047 1442 1087; x_wconf 79' lang='lat' dir='ltr'>adhibiti</span> <span class='ocrx_word' id='word_1_79' title='bbox 1477 1049 1584 1097; x_wconf 84' lang='lat' dir='ltr'>sunt,</span> <span class='ocrx_word' id='word_1_80' title='bbox 1606 1047 1768 1097; x_wconf 80' lang='lat' dir='ltr'>primus,</span> <span class='ocrx_word' id='word_1_81' title='bbox 1794 1044 1831 1084; x_wconf 89' lang='lat' dir='ltr'>h.</span> <span class='ocrx_word' id='word_1_82' title='bbox 1865 1058 1899 1085; x_wconf 85' lang='lat' dir='ltr'>e.</span> 
     </span>
     <span class='ocr_line' id='line_1_10' title="bbox 260 1117 1080 1169; baseline 0.001 -14"><span class='ocrx_word' id='word_1_83' title='bbox 260 1118 424 1169; x_wconf 80' lang='lat' dir='ltr'>primus,</span> <span class='ocrx_word' id='word_1_84' title='bbox 459 1117 504 1155; x_wconf 86' lang='lat' dir='ltr'>de</span> <span class='ocrx_word' id='word_1_85' title='bbox 536 1129 607 1169; x_wconf 89' lang='lat' dir='ltr'>quo</span> <span class='ocrx_word' id='word_1_86' title='bbox 639 1117 776 1169; x_wconf 86' lang='lat' dir='ltr'>aliquid</span> <span class='ocrx_word' id='word_1_87' title='bbox 810 1121 983 1165; x_wconf 83' lang='lat' dir='ltr'>constat,</span> <span class='ocrx_word' id='word_1_88' title='bbox 1019 1120 1080 1156; x_wconf 83' lang='lat' dir='ltr'>est</span> 
     </span>
    </p>
   </div>
   <div class='ocr_carea' id='block_1_4' title="bbox 836 1242 1321 1298">
    <p class='ocr_par' dir='ltr' id='par_1_4' title="bbox 836 1242 1321 1298">
     <span class='ocr_line' id='line_1_11' title="bbox 836 1242 1321 1298; baseline 0 0"><span class='ocrx_word' id='word_1_89' title='bbox 836 1242 1321 1298; x_wconf 71' lang='lat' dir='ltr'>Bembina-3.</span> 
     </span>
    </p>
   </div>
   <div class='ocr_carea' id='block_1_5' title="bbox 252 1403 1900 3039">
    <p class='ocr_par' dir='ltr' id='par_1_5' title="bbox 252 1403 1900 3039">
     <span class='ocr_line' id='line_1_12' title="bbox 257 1403 1900 1456; baseline -0.001 -13"><span class='ocrx_word' id='word_1_90' title='bbox 257 1404 348 1443; x_wconf 82' lang='lat' dir='ltr'>Nam</span> <span class='ocrx_word' id='word_1_91' title='bbox 381 1416 430 1443; x_wconf 85' lang='lat' dir='ltr'>ex</span> <span class='ocrx_word' id='word_1_92' title='bbox 461 1417 532 1456; x_wconf 84' lang='lat' dir='ltr'>quo</span> <span class='ocrx_word' id='word_1_93' title='bbox 564 1405 715 1455; x_wconf 82' lang='lat' dir='ltr'>primum</span> <span class='ocrx_word' id='word_1_94' title='bbox 747 1404 877 1443; x_wconf 85' lang='lat' dir='ltr'>codice</span> <span class='ocrx_word' id='word_1_95' title='bbox 910 1403 1036 1442; x_wconf 82' lang='lat' dir='ltr'>editae</span> <span class='ocrx_word' id='word_1_96' title='bbox 1068 1403 1182 1442; x_wconf 84' lang='lat' dir='ltr'>Dirae</span> <span class='ocrx_word' id='word_1_97' title='bbox 1226 1404 1384 1452; x_wconf 86' lang='lat' dir='ltr'>suerint,</span> <span class='ocrx_word' id='word_1_98' title='bbox 1417 1407 1456 1443; x_wconf 89' lang='lat' dir='ltr'>et</span> <span class='ocrx_word' id='word_1_99' title='bbox 1486 1404 1548 1456; x_wconf 86' lang='lat' dir='ltr'>qui</span> <span class='ocrx_word' id='word_1_100' title='bbox 1581 1404 1732 1442; x_wconf 86' lang='lat' dir='ltr'>codices</span> <span class='ocrx_word' id='word_1_101' title='bbox 1764 1405 1900 1453; x_wconf 84' lang='lat' dir='ltr'>postea</span> 
     </span>
     <span class='ocr_line' id='line_1_13' title="bbox 257 1472 1898 1524; baseline -0.001 -12"><span class='ocrx_word' id='word_1_102' title='bbox 257 1472 413 1512; x_wconf 83' lang='lat' dir='ltr'>adhibiti</span> <span class='ocrx_word' id='word_1_103' title='bbox 445 1475 606 1520; x_wconf 77' lang='lat' dir='ltr'>suerint,</span> <span class='ocrx_word' id='word_1_104' title='bbox 635 1478 673 1512; x_wconf 92' lang='lat' dir='ltr'>ut</span> <span class='ocrx_word' id='word_1_105' title='bbox 706 1475 824 1511; x_wconf 79' lang='lat' dir='ltr'>fuisse</span> <span class='ocrx_word' id='word_1_106' title='bbox 856 1474 1027 1524; x_wconf 83' lang='lat' dir='ltr'>proximo</span> <span class='ocrx_word' id='word_1_107' title='bbox 1060 1477 1225 1523; x_wconf 82' lang='lat' dir='ltr'>tempore</span> <span class='ocrx_word' id='word_1_108' title='bbox 1257 1472 1447 1511; x_wconf 85' lang='lat' dir='ltr'>adhibitos</span> <span class='ocrx_word' id='word_1_109' title='bbox 1479 1473 1712 1521; x_wconf 83' lang='lat' dir='ltr'>videbimus,</span> <span class='ocrx_word' id='word_1_110' title='bbox 1744 1472 1898 1521; x_wconf 83' lang='lat' dir='ltr'>ignora-</span> 
     </span>
     <span class='ocr_line' id='line_1_14' title="bbox 257 1540 1898 1592; baseline -0.001 -12"><span class='ocrx_word' id='word_1_111' title='bbox 257 1548 329 1580; x_wconf 88' lang='lat' dir='ltr'>tur.</span> <span class='ocrx_word' id='word_1_112' title='bbox 394 1543 450 1580; x_wconf 90' lang='lat' dir='ltr'>De</span> <span class='ocrx_word' id='word_1_113' title='bbox 483 1542 661 1581; x_wconf 86' lang='lat' dir='ltr'>Bembino</span> <span class='ocrx_word' id='word_1_114' title='bbox 693 1546 813 1581; x_wconf 84' lang='lat' dir='ltr'>autem</span> <span class='ocrx_word' id='word_1_115' title='bbox 846 1543 977 1592; x_wconf 88' lang='lat' dir='ltr'>partim</span> <span class='ocrx_word' id='word_1_116' title='bbox 1019 1542 1139 1592; x_wconf 85' lang='lat' dir='ltr'>ipsius</span> <span class='ocrx_word' id='word_1_117' title='bbox 1182 1543 1282 1581; x_wconf 82' lang='lat' dir='ltr'>Petri</span> <span class='ocrx_word' id='word_1_118' title='bbox 1316 1542 1443 1580; x_wconf 81' lang='lat' dir='ltr'>ssembi</span> <span class='ocrx_word' id='word_1_119' title='bbox 1485 1542 1723 1588; x_wconf 78' lang='lat' dir='ltr'>testimonio,</span> <span class='ocrx_word' id='word_1_120' title='bbox 1765 1540 1898 1591; x_wconf 87' lang='lat' dir='ltr'>partim</span> 
     </span>
     <span class='ocr_line' id='line_1_15' title="bbox 257 1608 1898 1662; baseline -0.001 -13"><span class='ocrx_word' id='word_1_121' title='bbox 257 1624 307 1649; x_wconf 79' lang='lat' dir='ltr'>ex</span> <span class='ocrx_word' id='word_1_122' title='bbox 339 1611 491 1649; x_wconf 64' lang='lat' dir='ltr'>Affinis</span> <span class='ocrx_word' id='word_1_123' title='bbox 523 1624 556 1648; x_wconf 91' lang='lat' dir='ltr'>a.</span> <span class='ocrx_word' id='word_1_124' title='bbox 594 1613 714 1649; x_wconf 72' lang='lat'>1517.</span> <span class='ocrx_word' id='word_1_125' title='bbox 749 1614 786 1649; x_wconf 82' lang='lat' dir='ltr'>et</span> <span class='ocrx_word' id='word_1_126' title='bbox 815 1615 933 1649; x_wconf 69' lang='lat'>1534.</span> <span class='ocrx_word' id='word_1_127' title='bbox 967 1614 1146 1658; x_wconf 84' lang='lat' dir='ltr'>constat,</span> <span class='ocrx_word' id='word_1_128' title='bbox 1179 1611 1251 1649; x_wconf 76' lang='lat' dir='ltr'>etsi</span> <span class='ocrx_word' id='word_1_129' title='bbox 1286 1611 1329 1648; x_wconf 86' lang='lat' dir='ltr'>de</span> <span class='ocrx_word' id='word_1_130' title='bbox 1362 1611 1512 1650; x_wconf 83' lang='lat' dir='ltr'>Aldinis</span> <span class='ocrx_word' id='word_1_131' title='bbox 1543 1610 1688 1662; x_wconf 83' lang='lat' dir='ltr'>quidem</span> <span class='ocrx_word' id='word_1_132' title='bbox 1720 1608 1898 1648; x_wconf 85' lang='lat' dir='ltr'>lubricum</span> 
     </span>
     <span class='ocr_line' id='line_1_16' title="bbox 256 1678 1897 1718; baseline 0 -2"><span class='ocrx_word' id='word_1_133' title='bbox 256 1693 344 1718; x_wconf 72' lang='lat' dir='ltr'>esse</span> <span class='ocrx_word' id='word_1_134' title='bbox 384 1681 555 1717; x_wconf 79' lang='lat' dir='ltr'>iudicium</span> <span class='ocrx_word' id='word_1_135' title='bbox 595 1681 815 1718; x_wconf 87' lang='lat' dir='ltr'>monebitur.</span> <span class='ocrx_word' id='word_1_136' title='bbox 885 1679 1022 1717; x_wconf 76' lang='lat' dir='ltr'>Exstat</span> <span class='ocrx_word' id='word_1_137' title='bbox 1068 1679 1110 1717; x_wconf 84' lang='lat' dir='ltr'>P.</span> <span class='ocrx_word' id='word_1_138' title='bbox 1144 1679 1271 1717; x_wconf 86' lang='lat' dir='ltr'>sscmbi</span> <span class='ocrx_word' id='word_1_139' title='bbox 1314 1680 1358 1717; x_wconf 91' lang='lat' dir='ltr'>ad</span> <span class='ocrx_word' id='word_1_140' title='bbox 1400 1679 1599 1718; x_wconf 83' lang='lat' dir='ltr'>Herculem</span> <span class='ocrx_word' id='word_1_141' title='bbox 1639 1679 1819 1717; x_wconf 87' lang='lat' dir='ltr'>Strotium</span> <span class='ocrx_word' id='word_1_142' title='bbox 1851 1678 1897 1716; x_wconf 85' lang='lat' dir='ltr'>dc</span> 
     </span>
     <span class='ocr_line' id='line_1_17' title="bbox 256 1747 1895 1798; baseline -0.001 -12"><span class='ocrx_word' id='word_1_143' title='bbox 256 1747 412 1797; x_wconf 81' lang='lat' dir='ltr'>Virgilii</span> <span class='ocrx_word' id='word_1_144' title='bbox 439 1748 569 1788; x_wconf 83' lang='lat' dir='ltr'>Culice</span> <span class='ocrx_word' id='word_1_145' title='bbox 601 1752 639 1787; x_wconf 88' lang='lat' dir='ltr'>ct</span> <span class='ocrx_word' id='word_1_146' title='bbox 654 1748 824 1787; x_wconf 84' lang='lat' dir='ltr'>Terentii</span> <span class='ocrx_word' id='word_1_147' title='bbox 858 1748 997 1786; x_wconf 82' lang='lat' dir='ltr'>sabulis</span> <span class='ocrx_word' id='word_1_148' title='bbox 1029 1747 1147 1796; x_wconf 76' lang='lat' dir='ltr'>liber,</span> <span class='ocrx_word' id='word_1_149' title='bbox 1183 1749 1334 1798; x_wconf 84' lang='lat' dir='ltr'>primum</span> <span class='ocrx_word' id='word_1_150' title='bbox 1360 1749 1503 1795; x_wconf 80' lang='lat' dir='ltr'>editus,</span> <span class='ocrx_word' id='word_1_151' title='bbox 1526 1748 1680 1798; x_wconf 76' lang='lat' dir='ltr'>Heynio</span> <span class='ocrx_word' id='word_1_152' title='bbox 1712 1749 1895 1791; x_wconf 78' lang='lat' dir='ltr'>testante,</span> 
     </span>
     <span class='ocr_line' id='line_1_18' title="bbox 256 1815 1896 1868; baseline -0.001 -12"><span class='ocrx_word' id='word_1_153' title='bbox 256 1818 429 1856; x_wconf 76' lang='lat' dir='ltr'>venetiis</span> <span class='ocrx_word' id='word_1_154' title='bbox 460 1817 556 1868; x_wconf 88' lang='lat' dir='ltr'>apud</span> <span class='ocrx_word' id='word_1_155' title='bbox 600 1819 737 1856; x_wconf 82' lang='lat' dir='ltr'>fratres</span> <span class='ocrx_word' id='word_1_156' title='bbox 777 1817 946 1855; x_wconf 84' lang='lat' dir='ltr'>Sabbios</span> <span class='ocrx_word' id='word_1_157' title='bbox 995 1819 1116 1854; x_wconf 81' lang='grc'><strong>1530.</strong></span> <span class='ocrx_word' id='word_1_158' title='bbox 1186 1816 1269 1855; x_wconf 85' lang='lat' dir='ltr'>Non</span> <span class='ocrx_word' id='word_1_159' title='bbox 1312 1817 1386 1855; x_wconf 82' lang='lat' dir='ltr'>vidi</span> <span class='ocrx_word' id='word_1_160' title='bbox 1435 1815 1531 1854; x_wconf 83' lang='lat' dir='ltr'>hanc</span> <span class='ocrx_word' id='word_1_161' title='bbox 1568 1816 1789 1863; x_wconf 69' lang='lat' dir='ltr'>editionem,</span> <span class='ocrx_word' id='word_1_162' title='bbox 1828 1815 1896 1854; x_wconf 76' lang='lat' dir='ltr'>sed</span> 
     </span>
     <span class='ocr_line' id='line_1_19' title="bbox 254 1884 1897 1937; baseline -0.002 -12"><span class='ocrx_word' id='word_1_163' title='bbox 254 1887 383 1925; x_wconf 84' lang='lat' dir='ltr'>eodem</span> <span class='ocrx_word' id='word_1_164' title='bbox 415 1889 583 1936; x_wconf 83' lang='lat' dir='ltr'>tempore</span> <span class='ocrx_word' id='word_1_165' title='bbox 616 1885 774 1937; x_wconf 81' lang='lat' dir='ltr'>locoque</span> <span class='ocrx_word' id='word_1_166' title='bbox 807 1887 915 1923; x_wconf 85' lang='lat' dir='ltr'>etiam</span> <span class='ocrx_word' id='word_1_167' title='bbox 956 1885 1027 1923; x_wconf 87' lang='lat' dir='ltr'>alia</span> <span class='ocrx_word' id='word_1_168' title='bbox 1070 1885 1197 1923; x_wconf 70' lang='lat' dir='ltr'>Bembi</span> <span class='ocrx_word' id='word_1_169' title='bbox 1239 1885 1443 1936; x_wconf 76' lang='lat' dir='ltr'>opuscula,</span> <span class='ocrx_word' id='word_1_170' title='bbox 1486 1897 1580 1937; x_wconf 85' lang='lat' dir='ltr'>quae</span> <span class='ocrx_word' id='word_1_171' title='bbox 1619 1884 1897 1935; x_wconf 69' lang='lat' dir='ltr'>posterioribus</span> 
     </span>
     <span class='ocr_line' id='line_1_20' title="bbox 254 1954 1896 2006; baseline -0.002 -12"><span class='ocrx_word' id='word_1_172' title='bbox 254 1955 418 2006; x_wconf 84' lang='lat' dir='ltr'>Operum</span> <span class='ocrx_word' id='word_1_173' title='bbox 452 1955 579 1993; x_wconf 80' lang='lat' dir='ltr'>Bembi</span> <span class='ocrx_word' id='word_1_174' title='bbox 619 1954 813 1993; x_wconf 86' lang='lat' dir='ltr'>latinorum</span> <span class='ocrx_word' id='word_1_175' title='bbox 853 1954 1106 2002; x_wconf 78' lang='lat' dir='ltr'>editionibus,</span> <span class='ocrx_word' id='word_1_176' title='bbox 1155 1957 1193 1992; x_wconf 93' lang='lat' dir='ltr'>ut</span> <span class='ocrx_word' id='word_1_177' title='bbox 1223 1954 1546 2003; x_wconf 78' lang='lat' dir='ltr'>Argentoratensi</span> <span class='ocrx_word' id='word_1_178' title='bbox 1578 1966 1611 1992; x_wconf 89' lang='lat' dir='ltr'>a.</span> <span class='ocrx_word' id='word_1_179' title='bbox 1649 1955 1768 1991; x_wconf 78' lang='lat'>1609.</span> <span class='ocrx_word' id='word_1_180' title='bbox 1801 1964 1896 1990; x_wconf 88' lang='lat' dir='ltr'>con-</span> 
     </span>
     <span class='ocr_line' id='line_1_21' title="bbox 254 2022 1892 2073; baseline -0.002 -10"><span class='ocrx_word' id='word_1_181' title='bbox 254 2026 438 2073; x_wconf 90' lang='lat' dir='ltr'>tinentur,</span> <span class='ocrx_word' id='word_1_182' title='bbox 486 2024 531 2062; x_wconf 87' lang='lat' dir='ltr'>de</span> <span class='ocrx_word' id='word_1_183' title='bbox 564 2023 773 2062; x_wconf 76' lang='lat' dir='ltr'>Imitatione</span> <span class='ocrx_word' id='word_1_184' title='bbox 820 2022 1008 2071; x_wconf 84' lang='lat' dir='ltr'>libellum,</span> <span class='ocrx_word' id='word_1_185' title='bbox 1058 2026 1094 2061; x_wconf 83' lang='lat' dir='ltr'>et</span> <span class='ocrx_word' id='word_1_186' title='bbox 1142 2022 1187 2060; x_wconf 92' lang='lat' dir='ltr'>de</span> <span class='ocrx_word' id='word_1_187' title='bbox 1228 2024 1352 2061; x_wconf 82' lang='lat' dir='ltr'>Aetna</span> <span class='ocrx_word' id='word_1_188' title='bbox 1395 2022 1604 2071; x_wconf 78' lang='lat' dir='ltr'>dialogum,</span> <span class='ocrx_word' id='word_1_189' title='bbox 1644 2022 1742 2060; x_wconf 85' lang='lat' dir='ltr'>edita</span> <span class='ocrx_word' id='word_1_190' title='bbox 1781 2033 1892 2069; x_wconf 84' lang='lat' dir='ltr'>esse,</span> 
     </span>
     <span class='ocr_line' id='line_1_22' title="bbox 254 2091 1895 2142; baseline -0.001 -11"><span class='ocrx_word' id='word_1_191' title='bbox 254 2093 395 2141; x_wconf 85' lang='lat' dir='ltr'>colligo</span> <span class='ocrx_word' id='word_1_192' title='bbox 437 2106 486 2131; x_wconf 79' lang='lat' dir='ltr'>ex</span> <span class='ocrx_word' id='word_1_193' title='bbox 528 2092 655 2130; x_wconf 67' lang='lat' dir='ltr'>Bemhi</span> <span class='ocrx_word' id='word_1_194' title='bbox 699 2091 872 2142; x_wconf 83' lang='lat' dir='ltr'>Epistola</span> <span class='ocrx_word' id='word_1_195' title='bbox 917 2092 961 2130; x_wconf 87' lang='lat' dir='ltr'>ad</span> <span class='ocrx_word' id='word_1_196' title='bbox 1001 2092 1090 2130; x_wconf 81' lang='lat' dir='ltr'>Laz.</span> <span class='ocrx_word' id='word_1_197' title='bbox 1134 2092 1286 2130; x_wconf 75' lang='lat' dir='ltr'>Baitium</span> <span class='ocrx_word' id='word_1_198' title='bbox 1328 2105 1364 2142; x_wconf 87' lang='lat' dir='ltr'>p.</span> <span class='ocrx_word' id='word_1_199' title='bbox 1402 2095 1496 2130; x_wconf 79' lang='lat'><strong>592.</strong></span> <span class='ocrx_word' id='word_1_200' title='bbox 1545 2091 1746 2137; x_wconf 71' lang='lat' dir='ltr'>editionis,</span> <span class='ocrx_word' id='word_1_201' title='bbox 1788 2103 1895 2142; x_wconf 84' lang='lat' dir='ltr'>quam</span> 
     </span>
     <span class='ocr_line' id='line_1_23' title="bbox 254 2158 1894 2209; baseline -0.002 -9"><span class='ocrx_word' id='word_1_202' title='bbox 254 2163 360 2209; x_wconf 81' lang='lat' dir='ltr'>dixi,</span> <span class='ocrx_word' id='word_1_203' title='bbox 395 2162 645 2209; x_wconf 78' lang='lat' dir='ltr'>Argentorat.</span> <span class='ocrx_word' id='word_1_204' title='bbox 714 2161 859 2199; x_wconf 70' lang='lat' dir='ltr'>Deinde</span> <span class='ocrx_word' id='word_1_205' title='bbox 892 2173 963 2198; x_wconf 88' lang='lat' dir='ltr'>non</span> <span class='ocrx_word' id='word_1_206' title='bbox 997 2160 1114 2198; x_wconf 82' lang='lat' dir='ltr'>solum</span> <span class='ocrx_word' id='word_1_207' title='bbox 1149 2161 1196 2199; x_wconf 84' lang='lat' dir='ltr'>de</span> <span class='ocrx_word' id='word_1_208' title='bbox 1228 2160 1439 2199; x_wconf 83' lang='lat' dir='ltr'>Imitatione</span> <span class='ocrx_word' id='word_1_209' title='bbox 1471 2163 1508 2198; x_wconf 90' lang='lat' dir='ltr'>et</span> <span class='ocrx_word' id='word_1_210' title='bbox 1541 2161 1587 2198; x_wconf 88' lang='lat' dir='ltr'>de</span> <span class='ocrx_word' id='word_1_211' title='bbox 1618 2161 1744 2199; x_wconf 82' lang='lat' dir='ltr'>Aetna</span> <span class='ocrx_word' id='word_1_212' title='bbox 1775 2158 1894 2197; x_wconf 87' lang='lat' dir='ltr'>libelli</span> 
     </span>
     <span class='ocr_line' id='line_1_24' title="bbox 254 2229 1894 2280; baseline -0.002 -11"><span class='ocrx_word' id='word_1_213' title='bbox 254 2231 366 2270; x_wconf 86' lang='lat' dir='ltr'>multo</span> <span class='ocrx_word' id='word_1_214' title='bbox 399 2234 565 2280; x_wconf 85' lang='lat' dir='ltr'>tempore</span> <span class='ocrx_word' id='word_1_215' title='bbox 595 2234 681 2268; x_wconf 86' lang='lat' dir='ltr'>ante</span> <span class='ocrx_word' id='word_1_216' title='bbox 712 2242 843 2267; x_wconf 88' lang='lat' dir='ltr'>annum</span> <span class='ocrx_word' id='word_1_217' title='bbox 879 2233 999 2267; x_wconf 81' lang='lat'>1530.</span> <span class='ocrx_word' id='word_1_218' title='bbox 1033 2230 1188 2280; x_wconf 86' lang='lat' dir='ltr'>scripti,</span> <span class='ocrx_word' id='word_1_219' title='bbox 1234 2229 1294 2267; x_wconf 74' lang='lat' dir='ltr'>vel</span> <span class='ocrx_word' id='word_1_220' title='bbox 1327 2231 1435 2267; x_wconf 80' lang='lat' dir='ltr'>etiam</span> <span class='ocrx_word' id='word_1_221' title='bbox 1468 2230 1578 2277; x_wconf 79' lang='lat' dir='ltr'>editi,</span> <span class='ocrx_word' id='word_1_222' title='bbox 1611 2231 1777 2272; x_wconf 85' lang='lat' dir='ltr'>suerunt,</span> <span class='ocrx_word' id='word_1_223' title='bbox 1822 2240 1894 2279; x_wconf 84' lang='lat' dir='ltr'>qua</span> 
     </span>
     <span class='ocr_line' id='line_1_25' title="bbox 254 2298 1891 2349; baseline -0.002 -12"><span class='ocrx_word' id='word_1_224' title='bbox 254 2301 302 2339; x_wconf 88' lang='lat' dir='ltr'>de</span> <span class='ocrx_word' id='word_1_225' title='bbox 334 2312 372 2338; x_wconf 86' lang='lat' dir='ltr'>re</span> <span class='ocrx_word' id='word_1_226' title='bbox 404 2301 453 2337; x_wconf 82' lang='lat' dir='ltr'>cf.</span> <span class='ocrx_word' id='word_1_227' title='bbox 486 2298 647 2349; x_wconf 78' lang='lat' dir='ltr'>epistola</span> <span class='ocrx_word' id='word_1_228' title='bbox 678 2298 738 2335; x_wconf 88' lang='lat' dir='ltr'>illa</span> <span class='ocrx_word' id='word_1_229' title='bbox 759 2299 802 2336; x_wconf 87' lang='lat' dir='ltr'>ad</span> <span class='ocrx_word' id='word_1_230' title='bbox 837 2298 1010 2345; x_wconf 77' lang='lat' dir='ltr'>Baffium,</span> <span class='ocrx_word' id='word_1_231' title='bbox 1042 2302 1082 2336; x_wconf 90' lang='lat' dir='ltr'>et</span> <span class='ocrx_word' id='word_1_232' title='bbox 1112 2298 1229 2345; x_wconf 81' lang='lat' dir='ltr'>aliae,</span> <span class='ocrx_word' id='word_1_233' title='bbox 1264 2311 1353 2348; x_wconf 89' lang='lat' dir='ltr'>pag.</span> <span class='ocrx_word' id='word_1_234' title='bbox 1382 2300 1475 2336; x_wconf 65' lang='lat'>420.</span> <span class='ocrx_word' id='word_1_235' title='bbox 1499 2301 1593 2336; x_wconf 75' lang='lat'><strong>430.</strong></span> <span class='ocrx_word' id='word_1_236' title='bbox 1618 2301 1711 2336; x_wconf 79' lang='lat'>654.</span> <span class='ocrx_word' id='word_1_237' title='bbox 1737 2299 1775 2336; x_wconf 85' lang='lat' dir='ltr'>et</span> <span class='ocrx_word' id='word_1_238' title='bbox 1797 2299 1891 2336; x_wconf 82' lang='lat'><strong><em>555.</em></strong></span> 
     </span>
     <span class='ocr_line' id='line_1_26' title="bbox 253 2364 1891 2419; baseline -0.002 -12"><span class='ocrx_word' id='word_1_239' title='bbox 253 2369 313 2408; x_wconf 86' lang='lat' dir='ltr'>ed.</span> <span class='ocrx_word' id='word_1_240' title='bbox 347 2368 513 2419; x_wconf 78' lang='lat' dir='ltr'>Argent.</span> <span class='ocrx_word' id='word_1_241' title='bbox 555 2366 620 2404; x_wconf 83' lang='lat' dir='ltr'>sed</span> <span class='ocrx_word' id='word_1_242' title='bbox 662 2367 790 2411; x_wconf 86' lang='lat' dir='ltr'>etiam‚</span> <span class='ocrx_word' id='word_1_243' title='bbox 834 2366 930 2418; x_wconf 85' lang='lat' dir='ltr'>quod</span> <span class='ocrx_word' id='word_1_244' title='bbox 963 2379 984 2404; x_wconf 89' lang='lat' dir='ltr'>a</span> <span class='ocrx_word' id='word_1_245' title='bbox 1024 2367 1167 2404; x_wconf 76' lang='lat' dir='ltr'>nemine</span> <span class='ocrx_word' id='word_1_246' title='bbox 1208 2368 1448 2404; x_wconf 82' lang='lat' dir='ltr'>observatum</span> <span class='ocrx_word' id='word_1_247' title='bbox 1494 2366 1631 2416; x_wconf 81' lang='lat' dir='ltr'>video,</span> <span class='ocrx_word' id='word_1_248' title='bbox 1682 2366 1728 2405; x_wconf 86' lang='lat' dir='ltr'>de</span> <span class='ocrx_word' id='word_1_249' title='bbox 1761 2364 1891 2405; x_wconf 87' lang='lat' dir='ltr'>Culice</span> 
     </span>
     <span class='ocr_line' id='line_1_27' title="bbox 253 2434 1890 2486; baseline -0.002 -10"><span class='ocrx_word' id='word_1_250' title='bbox 253 2438 384 2476; x_wconf 87' lang='lat' dir='ltr'>librum</span> <span class='ocrx_word' id='word_1_251' title='bbox 417 2439 586 2486; x_wconf 76' lang='lat' dir='ltr'>coeptum</span> <span class='ocrx_word' id='word_1_252' title='bbox 619 2437 686 2473; x_wconf 85' lang='lat' dir='ltr'>iam</span> <span class='ocrx_word' id='word_1_253' title='bbox 718 2448 814 2473; x_wconf 71' lang='lat' dir='ltr'>almo</span> <span class='ocrx_word' id='word_1_254' title='bbox 857 2438 975 2474; x_wconf 84' lang='lat'>1506.</span> <span class='ocrx_word' id='word_1_255' title='bbox 1011 2440 1048 2474; x_wconf 88' lang='lat' dir='ltr'>ct</span> <span class='ocrx_word' id='word_1_256' title='bbox 1080 2434 1288 2473; x_wconf 80' lang='lat' dir='ltr'>absolutum</span> <span class='ocrx_word' id='word_1_257' title='bbox 1321 2448 1341 2472; x_wconf 82' lang='lat' dir='ltr'>a</span> <span class='ocrx_word' id='word_1_258' title='bbox 1375 2435 1515 2474; x_wconf 76' lang='lat' dir='ltr'>chbo</span> <span class='ocrx_word' id='word_1_259' title='bbox 1546 2434 1643 2473; x_wconf 89' lang='lat' dir='ltr'>haud</span> <span class='ocrx_word' id='word_1_260' title='bbox 1676 2435 1786 2474; x_wconf 81' lang='lat' dir='ltr'>dubie</span> <span class='ocrx_word' id='word_1_261' title='bbox 1818 2447 1890 2473; x_wconf 89' lang='lat' dir='ltr'>non</span> 
     </span>
     <span class='ocr_line' id='line_1_28' title="bbox 253 2503 1890 2556; baseline -0.002 -11"><span class='ocrx_word' id='word_1_262' title='bbox 253 2507 366 2545; x_wconf 86' lang='lat' dir='ltr'>multo</span> <span class='ocrx_word' id='word_1_263' title='bbox 398 2510 486 2556; x_wconf 69' lang='lat' dir='ltr'>post</span> <span class='ocrx_word' id='word_1_264' title='bbox 525 2518 603 2543; x_wconf 88' lang='lat' dir='ltr'>eum</span> <span class='ocrx_word' id='word_1_265' title='bbox 643 2516 771 2542; x_wconf 90' lang='lat' dir='ltr'>annum</span> <span class='ocrx_word' id='word_1_266' title='bbox 813 2504 952 2552; x_wconf 81' lang='lat' dir='ltr'>fuisse,</span> <span class='ocrx_word' id='word_1_267' title='bbox 1001 2504 1165 2554; x_wconf 82' lang='lat' dir='ltr'>epistola</span> <span class='ocrx_word' id='word_1_268' title='bbox 1211 2503 1341 2541; x_wconf 82' lang='lat' dir='ltr'>Bembi</span> <span class='ocrx_word' id='word_1_269' title='bbox 1373 2503 1417 2541; x_wconf 88' lang='lat' dir='ltr'>ad</span> <span class='ocrx_word' id='word_1_270' title='bbox 1458 2503 1514 2542; x_wconf 91' lang='lat' dir='ltr'>Io.</span> <span class='ocrx_word' id='word_1_271' title='bbox 1546 2505 1755 2555; x_wconf 81' lang='lat' dir='ltr'>Baptistam</span> <span class='ocrx_word' id='word_1_272' title='bbox 1789 2504 1890 2543; x_wconf 85' lang='lat' dir='ltr'>Pium</span> 
     </span>
     <span class='ocr_line' id='line_1_29' title="bbox 253 2571 1888 2626; baseline -0.003 -12"><span class='ocrx_word' id='word_1_273' title='bbox 253 2589 290 2626; x_wconf 89' lang='lat' dir='ltr'>p.</span> <span class='ocrx_word' id='word_1_274' title='bbox 325 2579 418 2614; x_wconf 79' lang='lat'>513.</span> <span class='ocrx_word' id='word_1_275' title='bbox 452 2574 642 2625; x_wconf 87' lang='lat' dir='ltr'>probatur.</span> <span class='ocrx_word' id='word_1_276' title='bbox 704 2573 757 2611; x_wconf 81' lang='lat' dir='ltr'>Eo</span> <span class='ocrx_word' id='word_1_277' title='bbox 790 2571 909 2615; x_wconf 85' lang='lat' dir='ltr'>libro,</span> <span class='ocrx_word' id='word_1_278' title='bbox 944 2574 1002 2611; x_wconf 89' lang='lat' dir='ltr'>cui</span> <span class='ocrx_word' id='word_1_279' title='bbox 1033 2574 1183 2611; x_wconf 84' lang='lat' dir='ltr'>sormam</span> <span class='ocrx_word' id='word_1_280' title='bbox 1215 2572 1357 2621; x_wconf 85' lang='lat' dir='ltr'>dialogi</span> <span class='ocrx_word' id='word_1_281' title='bbox 1390 2574 1499 2620; x_wconf 81' lang='lat' dir='ltr'>fecit,</span> <span class='ocrx_word' id='word_1_282' title='bbox 1535 2574 1631 2612; x_wconf 87' lang='lat' dir='ltr'>inter</span> <span class='ocrx_word' id='word_1_283' title='bbox 1651 2573 1888 2624; x_wconf 85' lang='lat' dir='ltr'>Pomponium</span> 
     </span>
     <span class='ocr_line' id='line_1_30' title="bbox 255 2639 1887 2689; baseline -0.003 -6"><span class='ocrx_word' id='word_1_284' title='bbox 255 2644 404 2683; x_wconf 82' lang='lat' dir='ltr'>Laetum</span> <span class='ocrx_word' id='word_1_285' title='bbox 436 2647 472 2683; x_wconf 87' lang='lat' dir='ltr'>ct</span> <span class='ocrx_word' id='word_1_286' title='bbox 503 2641 737 2681; x_wconf 79' lang='lat' dir='ltr'>Hermolaum</span> <span class='ocrx_word' id='word_1_287' title='bbox 769 2641 992 2687; x_wconf 81' lang='lat' dir='ltr'>Barbarum,</span> <span class='ocrx_word' id='word_1_288' title='bbox 1034 2640 1269 2679; x_wconf 80' lang='lat' dir='ltr'>auscultante</span> <span class='ocrx_word' id='word_1_289' title='bbox 1300 2640 1473 2679; x_wconf 82' lang='lat' dir='ltr'>Phaedro</span> <span class='ocrx_word' id='word_1_290' title='bbox 1506 2641 1779 2689; x_wconf 87' lang='lat' dir='ltr'>Volaterrano,</span> <span class='ocrx_word' id='word_1_291' title='bbox 1815 2639 1887 2678; x_wconf 88' lang='lat' dir='ltr'>ha-</span> 
     </span>
     <span class='ocr_line' id='line_1_31' title="bbox 253 2709 1886 2763; baseline -0.004 -10"><span class='ocrx_word' id='word_1_292' title='bbox 253 2714 343 2760; x_wconf 83' lang='lat' dir='ltr'>biti,</span> <span class='ocrx_word' id='word_1_293' title='bbox 376 2714 425 2752; x_wconf 84' lang='lat' dir='ltr'>ita</span> <span class='ocrx_word' id='word_1_294' title='bbox 457 2712 619 2751; x_wconf 85' lang='lat' dir='ltr'>codicem</span> <span class='ocrx_word' id='word_1_295' title='bbox 650 2709 747 2748; x_wconf 88' lang='lat' dir='ltr'>illum</span> <span class='ocrx_word' id='word_1_296' title='bbox 780 2723 881 2748; x_wconf 85' lang='lat' dir='ltr'>suum</span> <span class='ocrx_word' id='word_1_297' title='bbox 914 2710 1095 2749; x_wconf 85' lang='lat' dir='ltr'>describit</span> <span class='ocrx_word' id='word_1_298' title='bbox 1116 2710 1309 2748; x_wconf 73' lang='lat' dir='ltr'>Renibus:</span> <span class='ocrx_word' id='word_1_299' title='bbox 1340 2713 1640 2763; x_wconf 75' lang='lat' dir='ltr'>perantiquum,</span> <span class='ocrx_word' id='word_1_300' title='bbox 1674 2710 1740 2748; x_wconf 83' lang='lat' dir='ltr'>sed</span> <span class='ocrx_word' id='word_1_301' title='bbox 1771 2715 1886 2748; x_wconf 81' lang='lat' dir='ltr'>trun-</span> 
     </span>
     <span class='ocr_line' id='line_1_32' title="bbox 252 2778 1886 2834; baseline -0.003 -12"><span class='ocrx_word' id='word_1_302' title='bbox 252 2796 337 2822; x_wconf 78' lang='lat' dir='ltr'>cum</span> <span class='ocrx_word' id='word_1_303' title='bbox 366 2783 661 2834; x_wconf 64' lang='lat' dir='ltr'>mundatumque</span> <span class='ocrx_word' id='word_1_304' title='bbox 692 2791 798 2820; x_wconf 71' lang='lat' dir='ltr'>esse,</span> <span class='ocrx_word' id='word_1_305' title='bbox 827 2781 976 2833; x_wconf 74' lang='lat' dir='ltr'>quippe</span> <span class='ocrx_word' id='word_1_306' title='bbox 1006 2782 1070 2819; x_wconf 77' lang='lat' dir='ltr'>cui</span> <span class='ocrx_word' id='word_1_307' title='bbox 1097 2787 1260 2832; x_wconf 78' lang='lat' dir='ltr'>praeter</span> <span class='ocrx_word' id='word_1_308' title='bbox 1292 2779 1480 2818; x_wconf 71' lang='lat' dir='ltr'>iuvenilis</span> <span class='ocrx_word' id='word_1_309' title='bbox 1513 2779 1598 2818; x_wconf 71' lang='lat' dir='ltr'>ludi</span> <span class='ocrx_word' id='word_1_310' title='bbox 1629 2778 1823 2826; x_wconf 73' lang='lat' dir='ltr'>libellum,</span> <span class='ocrx_word' id='word_1_311' title='bbox 1848 2785 1886 2817; x_wconf 77' lang='lat' dir='ltr'>ec</span> 
     </span>
     <span class='ocr_line' id='line_1_33' title="bbox 253 2847 1882 2901; baseline -0.003 -12"><span class='ocrx_word' id='word_1_312' title='bbox 253 2852 347 2891; x_wconf 77' lang='lat' dir='ltr'>illos</span> <span class='ocrx_word' id='word_1_313' title='bbox 374 2851 649 2890; x_wconf 75' lang='lat' dir='ltr'>Bucolicorum</span> <span class='ocrx_word' id='word_1_314' title='bbox 675 2861 872 2888; x_wconf 81' lang='lat' dir='ltr'>sermones</span> <span class='ocrx_word' id='word_1_315' title='bbox 899 2848 1050 2896; x_wconf 81' lang='lat' dir='ltr'>decem,</span> <span class='ocrx_word' id='word_1_316' title='bbox 1077 2854 1115 2888; x_wconf 79' lang='lat' dir='ltr'>et</span> <span class='ocrx_word' id='word_1_317' title='bbox 1141 2849 1418 2899; x_wconf 67' lang='lat' dir='ltr'>Georyieorum</span> <span class='ocrx_word' id='word_1_318' title='bbox 1446 2850 1563 2901; x_wconf 75' lang='lat' dir='ltr'>primi</span> <span class='ocrx_word' id='word_1_319' title='bbox 1594 2847 1687 2886; x_wconf 69' lang='lat' dir='ltr'>libri</span> <span class='ocrx_word' id='word_1_320' title='bbox 1713 2853 1882 2898; x_wconf 77' lang='lat' dir='ltr'>partem,</span> 
     </span>
     <span class='ocr_line' id='line_1_34' title="bbox 254 2913 1882 2970; baseline -0.004 -11"><span class='ocrx_word' id='word_1_321' title='bbox 254 2922 533 2959; x_wconf 72' lang='lat' dir='ltr'>nihilomnino</span> <span class='ocrx_word' id='word_1_322' title='bbox 565 2923 763 2970; x_wconf 76' lang='lat' dir='ltr'>superest.</span> <span class='ocrx_word' id='word_1_323' title='bbox 838 2916 906 2954; x_wconf 86' lang='lat' dir='ltr'>lllo</span> <span class='ocrx_word' id='word_1_324' title='bbox 946 2918 1133 2956; x_wconf 74' lang='lat' dir='ltr'>invenitis</span> <span class='ocrx_word' id='word_1_325' title='bbox 1172 2917 1258 2955; x_wconf 66' lang='lat' dir='ltr'><em>ludi</em></span> <span class='ocrx_word' id='word_1_326' title='bbox 1297 2917 1399 2955; x_wconf 79' lang='lat' dir='ltr'>libro</span> <span class='ocrx_word' id='word_1_327' title='bbox 1446 2916 1729 2955; x_wconf 85' lang='lat' dir='ltr'>continebantur</span> <span class='ocrx_word' id='word_1_328' title='bbox 1760 2913 1882 2953; x_wconf 78' lang='lat' dir='ltr'>haec:</span> 
     </span>
     <span class='ocr_line' id='line_1_35' title="bbox 255 2983 1899 3039; baseline -0.001 -12"><span class='ocrx_word' id='word_1_329' title='bbox 255 2988 404 3037; x_wconf 72' lang='lat' dir='ltr'>Culeoe,</span> <span class='ocrx_word' id='word_1_330' title='bbox 436 2990 589 3036; x_wconf 78' lang='lat' dir='ltr'>Dirae,</span> <span class='ocrx_word' id='word_1_331' title='bbox 624 2987 767 3039; x_wconf 83' lang='lat' dir='ltr'>Copa,</span> <span class='ocrx_word' id='word_1_332' title='bbox 811 2986 891 3025; x_wconf 58' lang='lat' dir='ltr'>Est</span> <span class='ocrx_word' id='word_1_333' title='bbox 921 2999 996 3025; x_wconf 79' lang='lat' dir='ltr'>non</span> <span class='ocrx_word' id='word_1_334' title='bbox 1034 2993 1119 3034; x_wconf 80' lang='lat' dir='ltr'>esc,</span> <span class='ocrx_word' id='word_1_335' title='bbox 1167 2985 1237 3025; x_wconf 81' lang='lat' dir='ltr'>Vir</span> <span class='ocrx_word' id='word_1_336' title='bbox 1277 2986 1424 3033; x_wconf 76' lang='lat' dir='ltr'>bonus,</span> <span class='ocrx_word' id='word_1_337' title='bbox 1470 2985 1687 3031; x_wconf 79' lang='lat' dir='ltr'>Morelmn,</span> <span class='ocrx_word' id='word_1_338' title='bbox 1730 2983 1899 3026; x_wconf 66' lang='lat' dir='ltr'>Ros-ae..</span> 
     </span>
    </p>
   </div>
  </div>
 </body>
</html>
