2006 3365
271 127 375 175 398
861 124 1230 164 DlSSER'rATio
1268 125 1338 163 IV.

269 253 374 289 num,
407 253 500 292 quas
521 238 776 278 Lovaniensis
808 237 952 277 babet:
986 250 1058 276 non
1091 237 1210 276 solum
1228 238 1337 285 illae,
1366 251 1459 291 quas
1484 253 1534 279 ex
1560 240 1767 292 Opuseulis
1798 241 1928 292 attuli,

270 310 339 349 sed
370 310 480 347 etiam
520 306 720 344 nonnullae
760 305 1020 355 Eclogarum:
1065 307 1226 364 Quarta
1271 308 1448 358 eqloqag
1488 309 1628 348 Sec-uli
1666 313 1785 349 nocta
1818 308 1926 359 (sie)

268 374 528 428 interfitalio.
590 375 759 413 Decima
782 374 949 425 eyloycc3
974 372 1181 427 Concfstio
1210 373 1269 413 en*
1288 375 1401 426 yallo
1425 376 1474 414 de
1498 379 1627 428 (lyris.
1677 377 1719 416 lu
1752 377 1929 416 Aeneide

268 446 345 484 hoe
384 443 511 482 statim
553 441 794 480 memorabile
840 444 927 491 est,
971 442 1067 493 quod
1116 442 1253 481 desunt
1293 443 1388 481 libro
1430 444 1547 493 primo
1588 458 1728 483 versus
1769 447 1929 496 quatuor

267 513 346 553 Ille
375 524 447 562 eqo
482 512 551 564 qni
583 510 780 564 quondam
804 512 876 548 etc.
910 510 994 548 item
1028 510 1164 548 desunt
1195 510 1292 549 libro
1325 511 1493 549 secundo
1526 525 1665 550 versus
1697 512 1752 550 illi
1785 512 1858 550 duo
1890 514 1929 551 et

266 580 425 629 viginti.
458 584 496 618 et
527 578 599 617 hos
631 578 777 630 quidem
810 579 845 615 iu
878 579 1001 616 fronte
1034 578 1198 627 exempli
1229 578 1349 617 nostri
1377 579 1573 629 supplevit
1604 592 1733 618 manus
1760 581 1926 632 antiqua.

267 648 350 701 Quo
381 648 504 696 magis
536 646 732 685 dolendum
765 648 844 694 est,
879 646 976 697 quod
1003 645 1120 684 Dirae
1152 659 1225 685 non
1259 647 1376 685 insint
1407 648 1443 685 in
1476 646 1547 686 hac
1578 648 1755 687 editione.
1789 648 1929 699 Quam-

265 729 372 768 quam
404 715 583 753 Ioannem
626 714 863 760 Vesttalmn,
904 716 936 752 si
979 718 1049 753 tam
1084 715 1217 752 bouum
1250 715 1295 753 ad
1327 715 1444 753 Diras
1477 716 1645 754 codicem
1676 715 1928 754 adhibendum

265 784 490 827 habuisset,
525 796 631 834 quam
664 782 795 821 babuit
825 783 871 820 ad
906 780 1069 832 Copam,
1103 783 1315 832 Moretum,
1350 796 1422 822 non
1455 785 1675 822 omissurum
1709 785 1828 822 fuisse
1854 784 1928 822 Di-

264 865 327 891 ras
367 852 615 891 crediderim:
657 854 695 891 at
736 863 828 890 sane
871 849 1002 902 Copae
1041 853 1079 890 et
1122 851 1265 890 Moreli
1304 853 1586 904 frequentiores
1628 852 1781 891 codices
1819 855 1927 902 suut,

265 933 372 974 quam
403 920 591 959 Dirarum.

682 1113 830 1168 'Vie
854 1133 885 1169 e
909 1132 948 1168 n
972 1123 996 1168 t
1016 1117 1094 1168 in
1119 1133 1156 1167 (ι
1203 1125 1410 1173 1479.
1459 1115 1560 1188 fol.

349 1259 632 1300 Communieata
665 1273 804 1299 mecum
846 1274 1026 1313 perquam
1066 1261 1276 1299 liberaliter
1309 1274 1359 1300 ex
1397 1261 1640 1300 Bibliotheca
1678 1261 1925 1311 Gottingensi

261 1340 285 1367 a
315 1328 410 1367 Viro
445 1328 580 1367 Celeb.
605 1329 796 1377 Reussio,
832 1343 852 1368 a
886 1343 958 1382 quo
992 1329 1063 1368 boc
1097 1331 1369 1379 impetraverat
1400 1329 1442 1368 L.
1461 1330 1653 1368 Dissenus
1685 1332 1745 1368 vir
1776 1331 1926 1369 doctis-

262 1398 377 1435 simus
411 1395 573 1448 miliique
606 1410 626 1434 a
658 1396 776 1446 longo
809 1398 895 1436 inde
929 1402 1098 1448 tempore
1131 1397 1416 1444 dilectissimus.
1477 1398 1602 1437 Primo
1627 1398 1736 1437 loco:
1769 1405 1926 1438 MARo-

261 1471 342 1504 NIS
372 1471 497 1504 VITA.
560 1464 740 1517 Sequitur
761 1466 892 1504 Servii
916 1466 1151 1504 Introductio
1185 1467 1270 1504 sive
1294 1466 1488 1504 Praefatio
1521 1467 1557 1504 in
1590 1467 1785 1505 Bucolica.
1829 1468 1925 1507 Tum

260 1536 447 1586 praefatio
481 1534 636 1572 loannis
669 1533 914 1583 Calpburnii,
949 1547 1044 1586 quae
1076 1538 1156 1573 tota
1189 1537 1249 1572 est
1280 1534 1327 1572 de
1357 1535 1522 1583 Servio,
1555 1548 1662 1587 quem
1694 1536 1925 1575 emendatum

261 1615 284 1641 a
315 1615 359 1641 se
390 1606 504 1654 atque
547 1605 801 1651 expurgatum
844 1615 934 1641 esse
974 1603 1177 1651 gloriatur.
1256 1603 1458 1654 Exseripsi
1499 1616 1594 1655 quae
1633 1605 1784 1655 potiora
1824 1607 1925 1643 sunt.

259 1671 437 1709 Ioannes
481 1670 759 1721 calphurnius
808 1671 1049 1722 Hieronymo
1084 1671 1278 1709 Portensi
1309 1674 1396 1710 niro
1429 1672 1661 1712 clarissimo
1693 1676 1726 1712 ἀ
1757 1671 1928 1726 eo‘patri

258 1738 539 1778 atndtissimo.
573 1739 617 1778 S.
650 1737 701 1776 P.
774 1739 869 1777 IVon
899 1752 1067 1791 possum
1099 1751 1176 1776 non
1208 1740 1405 1778 admirari
1438 1741 1633 1793 quendam
1664 1744 1797 1779 nostri
1826 1749 1926 1780 lem-

253 1809 371 1861 poris
402 1808 588 1845 hominem
619 1808 729 1845 satis
762 1808 986 1846 eruditum:
1022 1809 1090 1860 qni
1124 1813 1204 1845 tam
1237 1807 1528 1847 celeberrimum
1560 1811 1799 1861 scriptorem
1833 1812 1925 1862 qni-

257 1876 427 1914 Imsdam
459 1876 622 1926 ineptiis
657 1875 816 1913 additis
851 1877 1115 1928 coinquinare
1148 1877 1204 1913 sit
1237 1888 1396 1914 ansus:
1431 1888 1506 1914 non
1539 1877 1657 1916 credo
1680 1884 1810 1916 tamen
1840 1891 1926 1917 enm

254 1944 439 1983 uoluisse
476 1948 519 1981 nt
555 1942 692 1981 Seruii
732 1945 901 1996 seriptis
945 1946 1245 1982 insererentur:
1296 1951 1458 1998 utcmzq3
1500 1947 1557 1984 sit
1598 1958 1678 1984 una
1719 1947 1924 1999 impressae

253 2018 398 2051 erant:
442 2032 494 2037 —
527 2032 580 2038 —
619 2012 786 2062 fuerunt
827 2012 921 2049 mihi
966 2013 1042 2050 dno
1084 2012 1335 2064 exemplaria
1376 2015 1471 2051 mire
1511 2015 1733 2052 uetustatis
1776 2014 1922 2068 quibus

253 2080 395 2119 melius
429 2079 623 2130 deprendi
651 2082 797 2131 potnit.
833 2081 931 2133 qnid
961 2081 1188 2119 tollenda-z
1225 2082 1323 2135 qnid
1356 2096 1403 2121 ue
1442 2082 1742 2136 relinquendum
1778 2084 1921 2135 foret:

257 2149 363 2200 qnod
395 2149 434 2186 si
467 2150 558 2201 quis
601 2148 722 2186 aliter
761 2151 1049 2200 persuasisset
1087 2149 1198 2200 teglat
1242 2150 1365 2204 queso
1399 2153 1431 2189 ἃ
1459 2151 1649 2202 perleyat
1692 2165 1767 2204 que
1804 2165 1922 2191 manu

254 2218 416 2268 scripta
448 2222 542 2255 sulit
574 2217 773 2267 intelliyet
805 2221 844 2255 si
875 2219 1068 2256 mentior:
1105 2238 1154 2243 —-
1190 2239 1242 2244 —-
1277 2218 1372 2257 hene
1404 2219 1525 2257 nale:
1574 2219 1659 2258 Sed
1690 2220 1812 2258 aliter
1843 2233 1921 2258 ua-

253 2285 365 2323 leant
396 2284 574 2323 nonnulli
596 2286 845 2336 petltegyoyaetli
871 2288 938 2338 qni
964 2292 1085 2324 antea
1110 2286 1293 2325 Seruium
1325 2288 1424 2325 duro
1457 2300 1523 2325 ore
1561 2290 1592 2326 ἀ
1625 2288 1920 2327 insulsissimis

253 2353 447 2391 litterulis
481 2353 670 2391 lacerare
701 2367 774 2391 non
809 2354 1073 2392 statuebant:
1108 2357 1147 2393 si
1175 2362 1273 2406 post
1303 2356 1381 2393 liae
1407 2356 1507 2394 idem
1527 2356 1781 2407 factitabant
1805 2370 1920 2396 suam

252 2423 493 2473 imperitiam
525 2421 704 2459 orionibus
736 2422 960 2459 ostendent.
1025 2422 1097 2460 llic
1131 2423 1214 2461 linis
1246 2426 1306 2461 est
1339 2425 1620 2474 praefationis:
1655 2426 1713 2462 cui
1746 2425 1920 2463 subiecta

253 2492 313 2528 est
345 2494 431 2527 nota
464 2489 636 2527 librarii:
700 2490 790 2527 Iloc
831 2503 932 2541 opns
973 2493 1242 2530 eoeccelissima
1282 2506 1381 2531 eura
1413 2495 1445 2531 ἀ
1483 2494 1705 2532 eruditione
1747 2493 1917 2532 Ioannis

252 2558 493 2609 Calplznrnii
524 2559 603 2596 uiri
636 2557 863 2596 doctissimi
894 2561 1137 2610 reeoqnilnm
1157 2559 1401 2600 Leonardns
1430 2562 1479 2600 de
1496 2561 1674 2600 Basitea
1701 2560 1917 2600 Vincentiae

250 2626 560 2677 ditiqentissime
591 2628 796 2678 impressit
828 2627 943 2665 Anno
975 2641 1001 2666 a
1034 2630 1252 2667 natinilale
1284 2630 1431 2668 domini
1461 2633 1592 2669 nostri
1618 2629 1715 2669 Iesu
1742 2629 1914 2668 Christi.

248 2694 306 2732 M.
327 2692 479 2734 CCCC.
500 2694 637 2732 lxxm-
700 2695 798 2732 Hine
829 2695 1059 2744 pedetentim
1092 2708 1136 2734 ac
1168 2700 1354 2747 perpetuo
1379 2697 1562 2736 Venetam
1587 2698 1713 2736 Rubei
1745 2697 1915 2748 sequitur

248 2762 476 2810 vicentina,
510 2765 548 2802 et
580 2762 742 2801 carmina
772 2762 901 2800 eodem
934 2764 1089 2814 ordine,
1122 2764 1330 2816 iisdemque
1363 2766 1674 2816 inscriptionibus
1699 2765 1818 2802 onmia
1839 2776 1913 2802 ex-

247 2829 375 2879 hibet,
408 2842 528 2882 usque
559 2830 604 2868 ad
638 2830 766 2878 finem,
800 2843 896 2881 quae
928 2833 1014 2869 sunt
1047 2833 1083 2870 in
1117 2832 1267 2871 Veneta
1301 2833 1440 2872 Rubei.
1503 2829 1638 2886 Quid?
1677 2832 1773 2884 quod
1808 2834 1912 2870 tauta

248 2900 308 2936 est
339 2899 435 2937 inter
467 2900 651 2938 Venetam
684 2898 809 2937 Rubei
844 2901 882 2937 et
913 2900 1153 2938 Vieeutiuam
1185 2901 1414 2950 similitudo,
1450 2904 1488 2940 ut
1520 2903 1555 2939 in
1590 2900 1782 2951 Operibus
1816 2900 1910 2938 Vir-

247 2964 332 3012 gilii
363 2966 570 3005 maioribus
601 2965 820 3018 plerumque
851 2968 993 3018 pagina
1013 2969 1192 3019 paginam
1220 2970 1381 3018 reserat3
1414 2970 1448 3008 in
1472 2967 1677 3020 Opusculis
1704 2968 1911 3007 vicentina
