2006 3365
605 188 875 232 RECENSIO
907 185 1203 229 LlRRORUM.
1647 184 1746 230 401

95 308 237 349 Plenus
269 307 304 346 in
338 306 493 347 Vieent.
527 309 564 346 et
595 305 716 344 Voss.
747 304 798 344 ll.
821 303 963 357 thesei.
1024 303 1073 342 Et
1105 302 1199 340 baec
1229 300 1375 353 quidem
1407 299 1453 337 de
1483 296 1628 336 lacunis
1660 308 1749 334 ver-

95 377 279 428 sibusque
312 376 557 426 imperfectis,
620 374 758 413 Verum
791 376 878 411 sunt
910 373 1020 411 etiam
1053 371 1114 409 alii
1149 370 1248 419 loci,
1282 369 1420 421 quibus
1452 379 1473 405 a
1494 368 1643 406 Veneta
1665 365 1748 404 Ru-

95 445 155 484 bei
188 445 332 483 recedit
364 444 579 482 Vieentina.
641 442 682 480 ln
716 441 849 482 Culice
881 440 1046 492 quidem,
1082 444 1120 477 et
1153 441 1186 477 in
1220 438 1325 477 Diris
1358 449 1430 476 non
1463 435 1607 473 memini
1640 434 1750 485 quic-

95 526 201 565 quam
234 525 289 550 me
322 513 494 550 invenire
524 512 710 560 gravius,
744 509 816 547 boc
847 512 929 558 cst,
963 507 1052 545 nihil
1087 507 1183 555 tale,
1226 506 1323 559 quod
1369 517 1440 542 non
1473 504 1598 542 statim
1631 502 1751 541 corri-

94 593 190 629 gere
223 593 272 619 ex
306 581 460 628 ingenio
494 581 552 617 vir
584 577 709 629 paullo
743 578 900 628 peritior
940 577 1118 627 potuerit.
1189 575 1322 625 Neque
1364 574 1399 611 in
1442 570 1570 622 Copa,
1610 571 1683 609 Est
1713 571 1751 609 ct

96 649 194 696 Non,
228 649 323 687 Viro
356 648 480 696 hono,
514 648 645 686 Rosis.
708 645 764 685 At
794 658 885 682 vera
920 643 1097 683 lectionis
1130 643 1299 681 varietas
1333 641 1517 690 reperitur
1549 639 1751 691 aliquoties

96 718 130 754 in
174 717 327 765 Aetna,
369 716 471 764 Ciri,
515 714 749 763 CataleetiS,
796 713 972 760 Moreto,
1018 714 1057 750 et
1088 710 1225 759 Elegia
1267 710 1302 747 in
1337 709 1462 747 Maec.
1495 707 1613 745 obitu.
1689 704 1752 745 Cf.

96 797 191 837 qnae
223 797 307 823 mox
342 784 388 822 de
419 784 642 834 Pomponio.
714 781 818 820 Vitia
853 780 1077 819 vicentinae
1108 780 1144 817 in
1177 778 1280 817 Diris
1323 788 1396 815 non
1435 775 1638 823 annotavi,
1680 774 1752 812 nisi

96 853 181 905 quid
215 852 452 891 memorabile
485 852 605 890 visum
645 850 773 890 suerit.

182 1010 421 1049 Vicentinam
453 1010 624 1061 sequitur
655 1008 772 1058 longa
804 1008 1006 1047 editionum
1049 1006 1193 1050 series,
1239 1006 1291 1045 ita
1335 1004 1409 1044 sibi
1443 1005 1540 1044 inter
1571 1016 1614 1042 se
1645 1003 1754 1041 simi-

96 1079 206 1128 lium,
240 1082 280 1118 ut
312 1091 417 1117 unam
449 1090 672 1128 expressam
705 1089 795 1117 esse
826 1090 876 1115 ex
907 1076 1051 1124 altera,
1086 1080 1124 1114 et
1156 1086 1288 1113 rursus
1320 1075 1372 1113 ita
1404 1073 1573 1111 similium
1607 1072 1754 1111 Vicen-

97 1149 224 1193 tinaeâ€š
258 1150 297 1186 ut
329 1158 457 1185 omnes
488 1158 510 1184 a
544 1147 772 1195 vicentina,
812 1148 850 1184 et
881 1158 948 1196 per
982 1144 1216 1183 vicentinam
1248 1155 1270 1181 a
1298 1142 1448 1181 Veneta
1480 1140 1627 1190 Rubei,
1660 1151 1755 1191 pen-

97 1216 188 1254 dere
219 1218 416 1266 appareat.
480 1215 598 1254 Certe
632 1213 719 1252 mibi
751 1214 926 1264 apparuit
951 1214 985 1251 in
1004 1212 1125 1251 Diris.
1187 1211 1390 1250 Enimvero
1424 1223 1531 1262 quum
1565 1209 1755 1247 editiones

96 1283 239 1322 saeculi
271 1283 362 1322 XV.
408 1283 586 1321 exeuntis
619 1295 691 1320 non
725 1294 892 1333 paucas,
938 1294 1031 1333 quas
1063 1281 1190 1319 statim
1222 1279 1449 1318 enumerabo
1481 1278 1676 1327 breviter,
1708 1276 1754 1314 ad

99 1353 211 1391 Diras
243 1351 450 1400 diligenter
482 1351 750 1399 contulissem,
777 1362 984 1402 omnesque
1015 1352 1052 1387 et
1084 1349 1181 1387 inter
1212 1360 1256 1387 se
1289 1348 1575 1386 consentientes
1607 1348 1646 1384 et
1677 1357 1758 1383 cum

97 1420 258 1469 vulgata
290 1432 359 1470 per
387 1419 578 1463 liubenm,
612 1418 831 1468 husonum,
865 1422 903 1457 et
934 1430 1004 1469 per
1035 1416 1275 1455 Vicentinam
1306 1416 1498 1466 scriptura
1530 1414 1756 1464 conspiran-

98 1492 156 1527 tes
188 1488 393 1535 vidissem,
440 1487 485 1526 de
528 1487 680 1539 reliquis
714 1487 940 1525 carminibus
978 1497 1190 1537 quaerere,
1236 1486 1275 1523 et
1317 1483 1425 1534 plura
1471 1483 1580 1520 liuius
1617 1481 1757 1521 aetatis

97 1555 329 1606 exemplaria
361 1556 585 1607 conquirere
617 1554 810 1594 taedebat.
872 1554 953 1593 Iste
985 1566 1199 1593 consensus
1231 1553 1300 1591 iam
1332 1553 1370 1590 in
1395 1551 1546 1590 Tabula
1578 1551 1758 1589 librorum

98 1624 286 1663 cernitur.
327 1636 433 1675 quam
472 1621 582 1661 huius
629 1622 770 1662 classis
810 1623 1000 1662 editiones
1040 1621 1181 1660 babere
1222 1621 1348 1660 solent
1392 1621 1455 1669 ei,
1501 1631 1598 1671 quae
1630 1618 1757 1657 estin

100 1693 247 1730 Veneta
281 1691 425 1739 Rubri,
467 1691 714 1739 simillimam,
760 1691 821 1730 vel
854 1703 1012 1742 prorsus
1044 1691 1247 1739 geminam.
1321 1690 1372 1729 V.
1405 1701 1438 1728 e.
1470 1687 1644 1727 Tabulae
1676 1687 1759 1725 edi-

98 1761 212 1798 tionis
244 1760 587 1811 Norimbergensis
626 1764 744 1799 1492.
780 1763 818 1799 et
851 1759 1023 1798 Venetae
1055 1759 1162 1797 Pinc.
1195 1760 1315 1796 1499.
1349 1769 1507 1808 prorsus
1541 1761 1579 1795 ut
1609 1754 1760 1794 Tabula

97 1828 272 1867 Venetae
305 1828 454 1876 stubei,
487 1832 709 1876 argumenta
741 1830 815 1866 ista
846 1828 881 1865 in
914 1827 1114 1866 Aeneidos
1146 1826 1289 1874 libros,
1323 1837 1420 1877 quae
1447 1825 1632 1874 incipiunt
1647 1824 1758 1863 Aeo-

97 1896 163 1935 lus
196 1900 269 1934 ete.
303 1897 402 1935 inter
432 1896 628 1935 Summam
651 1896 908 1947 Viryilianae
937 1895 1190 1933 narrationis
1223 1897 1262 1933 et
1284 1894 1481 1946 Priapeia
1512 1893 1638 1942 posita
1669 1903 1758 1930 esse

97 1965 346 2012 mentiuntur,
379 1976 487 2015 quum
520 1966 554 2002 in
588 1964 647 2002 liis
680 1965 775 2014 ipsis
808 1963 1040 2002 editionibus
1073 1974 1145 2001 non
1177 1960 1251 2000 hoc
1291 1960 1399 2009 loeo,
1441 1960 1509 1999 sed
1552 1959 1624 1998 alio
1657 1959 1760 1998 edita

98 2033 290 2081 legantur.
352 2032 435 2070 Nou
468 2033 554 2071 dico
587 2031 677 2070 nihil
711 2033 906 2083 quicquam
937 2030 1007 2068 has
1034 2031 1130 2069 inter
1159 2042 1225 2078 se,
1260 2042 1352 2081 quas
1385 2029 1551 2075 contuli,
1585 2027 1757 2066 differre:

99 2103 186 2138 sunt
218 2099 392 2137 nonnulla
427 2101 462 2137 in
495 2099 564 2138 bac
612 2099 672 2137 vel
707 2099 769 2137 illa
801 2100 967 2138 editione
1000 2099 1059 2137 hic
1091 2098 1168 2137 illic
1205 2099 1439 2147 singularia,
1483 2098 1550 2136 sed
1598 2110 1643 2135 ea
1674 2108 1761 2135 rara

98 2171 206 2217 sunt,
240 2167 436 2216 solitaria,
471 2181 561 2207 casn
595 2168 719 2218 illata,
754 2171 792 2207 nt
823 2181 931 2220 quum
965 2167 1046 2205 Dir.
1077 2170 1170 2206 166.
1203 2168 1238 2205 in
1271 2167 1464 2205 Brixiensi
1500 2168 1621 2205 1485.
1652 2166 1759 2217 furti

100 2236 309 2284 invenitur,
344 2236 644 2287 exquisitissima
675 2235 811 2284 lectio,
846 2249 954 2288 quam
995 2237 1030 2274 in
1062 2235 1163 2274 nulla
1193 2235 1357 2274 editione
1383 2234 1620 2286 antiquiore,
1643 2245 1760 2284 prae-

99 2308 157 2343 ter
188 2303 466 2346 Mutinensem,
510 2305 674 2354 repperi.
737 2303 778 2342 In
813 2305 1027 2342 universum
1061 2302 1153 2341 nihil
1186 2306 1360 2342 mutatum
1394 2306 1455 2342 est
1487 2304 1521 2341 in
1556 2302 1682 2351 Diris,
1726 2302 1759 2340 si

100 2384 202 2410 nova
234 2372 406 2422 excipias
441 2373 553 2420 vitia,
595 2373 681 2410 iude
713 2385 735 2410 a
768 2372 929 2411 Venetis
963 2372 1087 2410 Rubei
1126 2374 1164 2410 et
1195 2371 1347 2409 Iensoni
1383 2371 1660 2422 Vicentinaqne
1694 2383 1758 2408 us-

100 2452 172 2492 que
203 2439 247 2477 ad
282 2439 362 2477 lod.
397 2440 549 2477 Badium
582 2440 812 2478 Aseensimn
855 2442 893 2478 ct
938 2439 1099 2489 Aldmn,
1141 2440 1191 2478 iis
1230 2440 1375 2492 quidem
1418 2440 1455 2477 in
1502 2439 1756 2486 editionibus,

101 2520 194 2559 quas
227 2519 303 2555 ego
336 2507 489 2545 contuli.
552 2507 778 2560 Quamquam
811 2520 856 2545 ne
888 2507 983 2547 haee
1027 2508 1196 2559 quidem,
1237 2521 1333 2560 quae
1375 2508 1515 2546 Badius
1555 2510 1593 2545 et
1635 2506 1758 2545 Aldus

101 2577 363 2622 novaverant,
395 2575 507 2614 nmlta
538 2578 625 2614 sunt
656 2579 719 2614 ant
748 2576 901 2624 gravia.
973 2575 1132 2614 Versum
1173 2579 1263 2614 102.
1297 2589 1396 2625 ego,
1440 2578 1604 2625 excepta
1636 2573 1759 2612 Muti-

102 2643 237 2692 nensi,
271 2643 306 2679 in
338 2642 438 2680 nulla
471 2644 546 2681 vidi
578 2648 666 2681 ante
698 2643 873 2681 Aldinam
910 2646 1029 2681 1517.
1092 2643 1196 2683 Vitia
1235 2648 1357 2682 autem
1400 2656 1470 2681 non
1511 2643 1651 2691 uuinia,
1690 2641 1757 2679 sed

101 2711 163 2749 hic
195 2710 270 2748 illic
303 2723 410 2748 unum
443 2711 674 2762 alterumque
698 2711 743 2749 de
772 2711 896 2749 multis
922 2713 1221 2750 c1mnnemoravi.
1283 2713 1351 2750 Sic
1371 2712 1463 2749 vitia
1483 2710 1657 2749 Venetae
1673 2709 1757 2747 Ru-

100 2779 163 2818 hei
194 2783 368 2817 terentia
402 2793 439 2816 v.
474 2782 540 2817 56.
604 2779 652 2817 In
684 2781 806 2817 uicem
837 2792 876 2817 v.
915 2782 1006 2817 143.
1040 2781 1202 2831 repetita
1234 2793 1322 2819 esse
1355 2781 1389 2817 in
1421 2779 1545 2817 multis
1577 2777 1758 2816 editioni-

101 2847 198 2895 bus,
241 2859 312 2884 non
354 2847 547 2895 indignum
593 2847 866 2885 observatione
907 2850 1011 2897 erat,
1053 2849 1224 2899 quoniam
1265 2847 1350 2885 binc
1389 2859 1536 2898 quoque
1575 2846 1759 2895 apparet,

102 2927 209 2966 quam
240 2918 345 2954 arcte
378 2926 456 2953 cnm
489 2913 640 2954 Veneta
671 2914 796 2953 Rubei
837 2926 962 2953 nexae
1004 2917 1117 2966 atque
1149 2918 1338 2963 cognatae
1370 2915 1444 2951 sint
1476 2913 1662 2951 editiones
1695 2924 1758 2950 se-

103 2986 276 3033 quentes.

209 3072 363 3103 Van-rius
389 3071 482 3102 fatu.
1419 3063 1485 3105 â¸26
