2006 3365
237 117 339 160 200
788 110 1314 152 ANIMADVERSIONES

237 224 311 278 ἀφ’
338 225 484 264 ganza:
524 226 575 264 Le
595 223 745 275 Cocyte
769 224 853 264 laua
877 224 956 263 seul
983 225 1170 265 d’Adonis
1198 226 1234 264 la
1257 226 1385 276 playe.
1445 227 1514 267 Est
1537 227 1644 267 etiam
1661 227 1866 268 Ptolemaei

234 297 284 336 H.
313 297 440 343 locus,
474 296 506 333 in
541 306 645 346 quem
679 294 892 332 coniectura
923 294 1153 333 inferendum
1185 307 1273 334 esse
1300 307 1430 334 nomen
1457 296 1647 335 Adonidis
1670 298 1864 347 suspicor,

235 366 297 404 ubi
331 365 377 402 de
408 363 526 401 variis
559 361 801 411 Achillibus,
840 366 929 401 152.
963 363 1000 401 h.
1040 367 1072 400 l.
1104 363 1162 402 ed.
1190 363 1311 402 Bekk.
1346 360 1419 400 καί
1447 361 1556 408 Διὸς
1588 363 1660 401 καί
1688 365 1866 411 Λαμίας

232 430 437 480 Ἀχιλλέα
466 428 578 481 φασί
602 430 806 480 γενέσθαι
838 428 883 466 τὸ
919 428 1071 475 κάλλος
1104 428 1350 481 οἷλιιήχαιόν,
1385 427 1430 468 ὃν
1463 433 1535 469 καί
1564 431 1765 480 ἐρίσαντα
1792 446 1864 470 πε..

235 499 280 550 pl
309 498 492 543 κάλλους
525 498 694 549 νικῆσαι
730 498 806 535 τοῦ
844 496 993 543 Πανὸς
1026 499 1266 547 κρίναντος·
1301 499 1374 537 καί
1404 497 1473 538 διὰ
1506 501 1630 538 τοῦτο
1660 499 1865 553 Ἀφροδί-

232 584 282 619 τη
326 567 597 619 repro-&60:012
631 565 832 616 ἐμβάλλει
868 567 988 605 Πανί
1026 566 1098 605 τὸν
1127 569 1294 618 Ἠχοῦς
1333 566 1490 617 ἔρωτα,
1535 576 1607 611 cte.
1669 571 1762 624 Quid
1795 572 1867 610 hoc

233 639 344 677 irasci
377 641 575 689 tantopere
610 638 739 676 venus
773 634 922 689 potuit?
982 638 1152 678 Coniieio
1192 652 1322 678 nomen
1355 640 1546 678 excidisse
1578 643 1665 691 post
1697 637 1865 688 ἐρίσαν-

233 720 306 751 τα,
349 707 410 746 vel
450 709 538 757 post
570 703 774 756 κάλλους,
805 704 1025 746 Ἀδώνιδι.
1097 709 1155 747 De
1185 708 1291 759 prole
1322 711 1444 746 autem
1476 709 1663 747 Adonidis
1700 722 1750 748 ex
1780 709 1863 749 Ve-

232 789 321 814 nere
347 777 418 815 etsi
451 788 558 814 nemo
590 775 654 814 tali
686 777 720 814 in
748 788 787 814 re
816 777 1017 815 unanimem
1052 778 1168 816 fuisse
1195 778 1448 829 antiquitatem
1482 779 1703 827 exspectet,
1736 781 1775 817 nt
1806 781 1866 819 est

232 844 439 894 singularis
479 857 538 895 ap.
584 843 820 883 Athenaeum
862 845 969 884 XIII.
1011 849 1104 884 535.
1139 847 1187 885 A.
1223 847 1406 895 narratio,
1451 845 1538 884 illud
1571 849 1715 894 tamen,
1755 847 1864 885 Pria--

231 927 315 964 pum
355 916 473 952 ortum
516 926 565 951 ex
605 926 649 951 eo
692 914 888 953 concubitu
922 927 1030 958 esse,
1073 915 1167 967 qnod
1200 916 1368 954 Tzelzes
1409 916 1442 953 in
1476 914 1648 966 Lycoph.
1690 918 1786 954 831.
1827 917 1866 955 et

232 983 442 1021 Favorinus
459 998 496 1021 v.
519 974 707 1025 'de‘wmg
733 982 900 1030 tradunt,
926 987 1137 1034 suspectum
1166 984 1375 1032 videbitur,
1402 984 1433 1021 si
1461 987 1719 1034 comparentur
1742 983 1864 1022 Tzet-

233 1063 301 1089 zes
332 1055 368 1089 et
393 1051 602 1090 Favorinus
635 1062 713 1088 cum
739 1050 1014 1101 lnterpretibus
1046 1053 1198 1101 graccis
1232 1051 1424 1102 Apollonii
1457 1053 1491 1090 in
1523 1052 1553 1091 Ι.
1588 1055 1680 1092 932.
1714 1055 1752 1092 et
1783 1066 1864 1091 cum

232 1118 463 1169 Etymologo
495 1135 534 1158 v.
563 1115 817 1167 Ἀβίλιζιιψίὗοι9
845 1119 904 1157 vel
938 1121 1044 1158 etiam
1078 1133 1156 1158 enm
1189 1121 1307 1159 Suida
1340 1134 1378 1158 v.
1414 1117 1626 1169 Πρίαπος.
1786 1121 1863 1160 Sed

232 1188 326 1226 haec
364 1189 459 1226 satis
497 1188 543 1226 de
583 1187 782 1235 Adonide,
825 1189 856 1227 si
896 1201 1002 1226 unum
1039 1189 1238 1237 addidero,
1278 1190 1312 1227 in
1352 1202 1423 1241 quo
1465 1191 1609 1228 tertium
1640 1190 1687 1229 de
1718 1190 1863 1238 tribus,

234 1270 329 1308 quac
367 1257 555 1305 dicebam,
593 1257 823 1304 argumentis
863 1258 953 1295 meis
993 1259 1154 1308 positum
1194 1260 1266 1296 est.
1328 1257 1368 1295 ln
1400 1258 1589 1297 Adonidis
1630 1259 1864 1297 concubitum

233 1325 498 1364 admirabiliter
526 1324 706 1363 convenit
736 1326 831 1375 apud
865 1326 1044 1365 Catonem
1075 1326 1221 1365 herbae
1250 1327 1464 1380 florumque
1495 1328 1660 1366 mentio:
1701 1328 1788 1365 sive
1820 1327 1865 1366 de

232 1395 385 1432 l'ortnito
418 1393 582 1432 Veneris
615 1406 694 1432 eum
725 1407 793 1432 suo
826 1394 952 1445 puello
985 1407 1220 1444 congressu,
1262 1396 1344 1434 sive
1377 1396 1421 1433 de
1453 1396 1566 1434 cubili
1599 1397 1694 1435 inter
1724 1395 1863 1445 flores,

234 1463 433 1511 augendae
475 1463 681 1513 voluptatis
723 1475 881 1508 caussa,
926 1464 1096 1502 studiose
1137 1465 1338 1513 adornato,
1379 1463 1474 1504 Cato
1515 1466 1757 1514 cogitaverit.
1820 1465 1864 1505 Si

233 1531 340 1574 illud,
377 1544 448 1569 non
480 1532 658 1570 inusitata
689 1533 883 1571 veteribus
914 1533 1037 1581 imago
1069 1534 1156 1582 fuit,
1195 1534 1228 1571 in
1261 1535 1431 1582 gramine
1462 1533 1595 1572 ludens
1627 1546 1704 1572 cum
1737 1534 1868 1572 Vene-

232 1612 275 1639 re
307 1600 468 1638 Adonis.
529 1600 644 1653 Quam
675 1602 709 1639 in
741 1614 815 1640 rem
847 1601 1088 1652 reputandum
1120 1603 1202 1650 est,
1244 1602 1339 1653 qnod
1372 1614 1486 1652 supra
1517 1603 1561 1640 ad
1589 1602 1670 1642 Ecl.
1697 1605 1762 1641 44.
1787 1615 1868 1641 mo-

236 1670 319 1717 nui,
361 1682 506 1707 :nnores
538 1670 688 1708 deornm
719 1671 922 1722 plerosque
953 1673 1185 1720 campestres
1218 1672 1358 1719 luisse,
1401 1674 1463 1710 aut
1503 1671 1721 1710 silvestres.
1783 1671 1867 1710 Nec

235 1739 359 1776 mirum
392 1739 426 1776 in
462 1739 607 1783 Adoni,
641 1741 701 1792 qui
734 1742 863 1791 pastor
894 1740 978 1784 fuit,
1011 1741 1074 1777 aut
1109 1742 1278 1777 venator.
1339 1739 1571 1778 Theocritus
1602 1740 1692 1779 XX.
1730 1742 1795 1778 35.
1828 1743 1867 1778 6.

238 1802 366 1842 adron
394 1799 583 1844 Zidmmv
620 1805 664 1844 ἐν
704 1807 905 1856 (δ’ςιιχῑιοῖσι
947 1804 1124 1856 (psham,
1176 1805 1249 1843 καί
1295 1805 1338 1843 ἐν
1379 1806 1606 1857 δρυμοῖσιν
1646 1805 1868 1848 ἔκλαυσεν.

239 1876 400 1914 Ovidius
438 1877 590 1916 Metam.
624 1878 673 1916 X.
708 1882 802 1916 556.
836 1879 872 1916 Ἰ.
907 1878 1072 1930 Datque
1107 1883 1232 1915 torum
1271 1891 1426 1930 cespes.
1466 1878 1563 1917 libet
1600 1878 1678 1917 hac
1708 1880 1867 1931 requie-

238 1959 352 1984 scere
390 1953 534 1995 lecum,
574 1948 627 1986 Et
658 1949 857 2001 requievit
887 1947 1025 1985 hermo:
1062 1948 1296 1998 pressisque
1337 1952 1374 1986 et
1405 1961 1591 2000 qramen,
1633 1954 1671 1986 et
1711 1949 1870 1998 ipsum:

238 2014 365 2068 Inque
405 2017 497 2053 sitm
537 2019 693 2056 invenis
737 2019 810 2054 etc.
870 2014 969 2053 Idem
1003 2015 1124 2064 Epist.
1158 2014 1226 2054 IV.
1261 2019 1325 2054 97.
1360 2020 1398 2055 S.
1431 2017 1566 2069 Saepe
1603 2015 1676 2056 sub
1708 2016 1870 2055 ilicibus

246 2084 454 2132 Venerem,
489 2085 720 2139 Cinyraque
751 2091 948 2132 creatum,
976 2085 1178 2123 Sustinuit
1197 2087 1356 2136 positos
1385 2086 1583 2139 quaelibet
1611 2085 1734 2124 herba
1755 2086 1871 2124 duos.

240 2151 322 2204 Quo
354 2153 582 2202 pertineret,
622 2155 692 2191 nisi
723 2156 901 2204 suspecta
940 2156 1045 2191 esset
1075 2155 1317 2205 antiquitate,
1358 2166 1525 2203 gemma,
1567 2166 1672 2205 quam
1706 2154 1871 2192 Werns-

241 2221 379 2259 dortius
420 2226 699 2270 commemorat,
743 2224 778 2262 in
822 2223 964 2273 ssegeri
996 2222 1116 2260 Thes.
1152 2223 1286 2260 mand.
1319 2223 1366 2261 Τ.
1398 2222 1428 2261 Ι.
1460 2235 1499 2272 p.
1533 2226 1626 2261 200.
1688 2223 1765 2262 Sed
1797 2235 1871 2273 po-

241 2291 311 2329 tnit
341 2291 448 2328 etiarn
481 2290 571 2339 fingi
606 2291 779 2338 alterum,
813 2293 908 2330 inter
939 2291 1052 2329 flores
1081 2291 1296 2329 adorimtum
1320 2291 1445 2330 dedita
1475 2304 1591 2342 opera
1623 2291 1744 2330 cubile
1775 2292 1871 2330 fuis-

242 2371 305 2407 se,
347 2371 418 2411 quo
457 2359 592 2398 laetius
625 2363 729 2399 esset
760 2361 906 2398 iuvenis
938 2360 1093 2398 omnium
1126 2359 1384 2397 delicatissimi
1418 2364 1454 2398 et
1486 2360 1578 2398 deae
1610 2362 1767 2399 omnium
1797 2372 1872 2399 ve-

242 2430 427 2466 nustatum
465 2429 591 2466 matris
630 2429 864 2467 connubium.
926 2428 1093 2467 Maxime
1134 2429 1179 2466 ab
1223 2428 1286 2471 iis,
1328 2429 1388 2480 qui
1431 2428 1795 2479 philosophabantur
1834 2428 1871 2466 in

243 2509 287 2535 ea
317 2495 462 2546 sabula,
497 2499 534 2535 ut
565 2497 784 2535 Macrobius
817 2497 899 2535 Sat.
932 2497 961 2534 I.
997 2512 1084 2534 xxi.
1117 2497 1299 2536 Revoces
1332 2498 1403 2536 huc
1435 2498 1590 2536 Plinium
1622 2498 1672 2536 H.
1697 2497 1745 2535 N.
1762 2496 1869 2535 XIX.

244 2581 297 2604 ιν.
331 2567 390 2618 qni
423 2565 468 2604 de
500 2578 592 2603 vero
622 2566 823 2605 Adonidis
854 2567 965 2605 horto
1006 2567 1177 2614 cogitare
1209 2566 1389 2604 videtur:
1432 2579 1512 2604 nam
1554 2568 1614 2619 qui
1646 2566 1763 2614 vulgo
1796 2563 1871 2613 κῆ-

243 2648 313 2670 ποι
345 2631 576 2677 Ἀδώνιδος
614 2634 801 2679 dicuntur,
835 2636 881 2673 de
912 2635 1045 2687 quibus
1077 2638 1227 2685 praeter
1266 2635 1361 2673 alios
1394 2635 1666 2674 Valckenarius
1697 2636 1733 2672 et
1763 2633 1870 2672 Tou-

242 2706 326 2756 pius
356 2705 390 2742 in
421 2703 585 2742 Theocr.
619 2703 801 2742 Adoniaz.
831 2720 868 2742 v.
901 2708 988 2743 113.
1022 2704 1174 2742 Bastius
1211 2704 1333 2754 Epist.
1361 2703 1454 2743 Crit.
1482 2717 1518 2754 p.
1551 2707 1640 2742 191.
1672 2715 1754 2754 sqq.
1788 2702 1870 2740 dis-

245 2778 463 2818 seruerunt7
496 2772 606 2811 alieni
639 2772 685 2809 ab
718 2771 787 2809 lme
819 2773 1087 2822 disputatione.
1148 2771 1278 2810 Flores
1309 2785 1441 2811 saeros
1474 2771 1735 2824 quodammodo
1761 2771 1869 2809 Ado-

246 2843 319 2881 nidi
344 2844 483 2891 fuisse,
516 2841 576 2879 vel
607 2841 798 2890 addictos,
832 2841 899 2879 Bio
924 2842 1054 2879 statuit
1078 2840 1106 2878 I.
1142 2843 1205 2879 75.
1241 2845 1277 2878 6.
1309 2838 1439 2888 βάλλε
1473 2837 1576 2876 δ”ἑνί
1608 2838 1687 2887 (vel
1715 2837 1760 2874 δέ·
1787 2841 1869 2891 νιν)

249 2908 501 2961 στεφάνοισι
535 2906 608 2946 καί
645 2902 821 2945 ἄνθεσι·
861 2906 996 2945 πάντα
1029 2905 1106 2945 στῖν
1139 2905 1273 2960 αὐτῷ,
1319 2906 1376 2953 αἱς
1406 2908 1527 2958 τῆνος
1563 2908 1765 2952 τὲθνακε,
1801 2908 1875 2945 καί

252 2971 388 3016 ἄνθεα
428 2977 545 3016 πάντ’
577 2976 816 3029 ἐμαράνθη.
848 2977 919 3018 hoc
950 2982 1032 3030 est,
1071 2981 1112 3019 ut
1142 2979 1210 3018 iam
1247 2981 1443 3030 acceptum
1473 2977 1592 3017 locum
1623 2976 1871 3027 elegantissi-
