2006 3365
282 137 382 181 322
883 123 1246 166 DISSERTATIO
1278 123 1347 164 111.

284 248 380 286 libro
411 246 477 285 lv.
512 245 596 283 inde
626 255 648 281 a
691 253 805 280 versu
842 242 961 279 1041.
1002 251 1120 291 usque
1157 239 1202 277 ad
1236 252 1275 278 v.
1312 241 1430 278 1273.
1470 239 1642 291 exempla
1672 251 1820 278 numero
1851 249 1922 277 un-

286 316 419 354 decim.
479 312 679 362 Apponam
711 309 839 359 locos,
873 308 936 347 ubi
967 308 1008 347 fit
1040 308 1149 346 elisio
1181 310 1268 346 ante
1301 320 1386 346 voc.
1419 311 1589 357 amoris,
1632 321 1788 356 amare,
1827 319 1923 359 quos

287 383 432 435 quidem
463 381 663 419 annotatos
694 377 842 416 liabeo:
875 376 904 416 Ι.
939 381 1006 415 20.
1035 383 1204 429 pectora
1235 389 1414 416 amorem.
1475 380 1543 416 35.
1574 377 1735 416 volnere
1760 378 1922 415 amoris.

285 450 355 490 IV.
391 451 512 488 1041.
545 449 691 487 saucia
723 459 867 486 amore.
932 447 1051 484 10⁴7.
1093 458 1261 496 corpore
1300 458 1477 484 amorem.
1542 448 1661 483 1056.
1691 445 1843 497 pabula
1875 457 1924 483 a-

284 521 419 558 moris.
486 520 606 555 1189.
639 516 848 555 decurrere
879 517 1041 553 amoris.
1109 515 1227 552 1273.
1259 515 1493 553 muliercula
1524 519 1686 552 ametur.
1747 513 1795 551 V.
1830 516 1923 552 960.

286 600 457 639 corpora
488 592 699 625 amantum.
764 583 875 634 Apud
909 581 1093 622 Catullum
1126 583 1160 620 in
1194 583 1354 621 carmine
1385 584 1518 633 epioe,
1561 582 1719 634 aliisque
1751 582 1925 619 carmini-

286 658 380 705 bus,
412 653 605 705 exempla,
639 654 671 691 si
704 653 929 692 brevitatem
961 654 1117 702 reputes
1160 652 1378 699 carminum,
1418 651 1511 689 satis
1552 650 1677 689 multa.
1737 649 1779 688 In
1822 649 1924 692 Ciri,

287 726 319 764 si
352 726 457 763 recte
489 723 701 769 numeravi,
734 734 833 760 sex:
878 732 949 758 non
982 732 1180 758 annumero
1211 731 1363 758 versum
1398 721 1461 757 11.
1504 719 1565 758 ubi
1605 718 1798 758 retinenda
1829 719 1927 757 scri-

285 797 394 846 ptura
426 792 584 842 vulgata
615 791 812 844 deponere
840 803 992 828 morem.
1064 788 1146 827 Etsi
1194 800 1267 826 non
1309 788 1470 838 ineptum
1511 787 1691 826 alterum:
1732 788 1928 840 deponere

285 876 464 903 ecrnorem.
497 861 556 899 cui
586 872 745 911 prorsus
775 858 1024 909 responderet
1061 855 1199 896 Catull.
1217 856 1396 896 LXXVI.
1433 860 1497 895 13.
1523 857 1717 909 deponere
1747 869 1927 895 amorem.

287 934 328 971 In
361 943 475 970 versu
508 928 608 969 Ciris
640 932 735 967 303.
768 928 965 976 egregiam
999 927 1159 964 virorum
1191 925 1384 963 doctorum
1417 925 1736 973 emendationem,
1769 927 1926 964 numina

286 1002 480 1052 Aphaeae
520 996 763 1047 comprobavi
805 1007 943 1046 snpra,
991 994 1096 1033 Diss.
1130 992 1179 1032 II.
1226 1006 1263 1044 p.
1299 998 1392 1033 273.
1453 994 1658 1032 Praeterea
1689 993 1724 1031 in
1757 991 1834 1032 Ciri
1869 997 1928 1032 ter

284 1083 371 1108 mea
403 1068 563 1107 alumna
596 1066 736 1117 legitur
768 1065 802 1102 in
836 1064 953 1102 medio
986 1075 1127 1110 versu,
1162 1066 1257 1100 311.
1291 1065 1385 1101 324.
1419 1066 1514 1102 338.
1544 1063 1726 1115 praemia
1757 1062 1928 1102 calumnis

286 1140 322 1176 In
354 1137 493 1185 Elegia
516 1135 561 1173 ad
590 1132 751 1173 Messal.
769 1136 836 1172 39.
899 1131 995 1184 Quid
1023 1130 1236 1179 Virgilius,
1270 1132 1304 1168 in
1338 1130 1400 1168 illo
1432 1130 1632 1169 Aeneidos
1663 1142 1799 1181 opere,
1831 1131 1928 1182 quod

287 1205 434 1245 etiamsi
467 1203 677 1242 ahsolutum
710 1214 781 1239 non
823 1201 894 1249 sit,
938 1200 1107 1237 idoneam
1149 1201 1267 1237 tamen
1301 1212 1459 1238 normam
1492 1199 1640 1248 legum,
1684 1211 1777 1251 quas
1816 1204 1931 1249 poeta

286 1276 358 1314 sibi
392 1273 568 1311 habuerit
598 1271 839 1322 propositas,
872 1269 1106 1307 metricarum
1140 1264 1332 1318 praehet?
1390 1268 1546 1316 Perlegi
1580 1267 1699 1306 libros
1730 1268 1931 1307 Aeneidos

285 1347 443 1396 quatuor
471 1342 643 1393 priorcS‚
676 1343 714 1379 et
744 1339 1027 1377 duodecimum:
1062 1337 1157 1375 unde
1188 1350 1284 1388 quae
1316 1336 1448 1387 didici,
1483 1337 1578 1375 llaec
1603 1339 1704 1375 sunt.
1763 1337 1930 1376 Littera-

285 1426 360 1451 rum
392 1425 418 1450 a
449 1424 475 1449 α
507 1410 737 1448 collisionem
777 1420 849 1446 uon
889 1407 1010 1456 fugit,
1057 1407 1124 1445 sed
1172 1406 1286 1445 habet
1332 1407 1426 1444 satis
1466 1406 1697 1457 frequentem
1744 1406 1780 1444 in
1813 1407 1931 1445 certis

287 1492 424 1518 versus
463 1478 604 1516 heroici
645 1477 767 1515 locis:
810 1487 988 1526 nusquam
1031 1478 1152 1514 autem
1192 1475 1368 1525 saepius,
1411 1487 1517 1526 quam
1561 1474 1621 1512 ubi
1655 1475 1848 1513 transitum
1881 1488 1930 1514 ex

287 1549 382 1599 pede
413 1550 544 1599 quarto
577 1546 621 1584 ad
653 1544 787 1596 pedem
828 1546 992 1596 quintum
1032 1545 1142 1592 facit,
1184 1545 1268 1582 sic:
1316 1547 1455 1595 capita
1487 1544 1574 1582 alta
1604 1544 1797 1595 serentis,
1840 1544 1926 1592 liis;

288 1619 436 1656 deeora
467 1616 554 1655 alta
592 1616 771 1667 facturis,
809 1618 847 1652 et
894 1614 1041 1653 decora
1082 1614 1171 1652 ulta
1208 1619 1441 1665 parentmng
1488 1612 1609 1651 Troia
1651 1615 1799 1652 arserit
1831 1615 1928 1664 iqui.

289 1685 349 1725 Cf.
383 1685 412 1724 I.
450 1688 540 1723 189.
575 1686 671 1722 429.
739 1681 789 1720 Π.
830 1686 897 1721 96.
939 1684 1035 1720 353.
1076 1683 1172 1721 371.
1206 1683 1302 1719 448.
1337 1684 1429 1719 528.
1471 1683 1564 1719 531.
1634 1680 1701 1719 III.
1734 1685 1801 1720 So.
1836 1684 1929 1720 665.

292 1758 384 1793 (373.
445 1753 515 1792 IV.
549 1756 617 1791 93.
650 1754 745 1790 246.
779 1754 875 1789 343.
934 1749 1024 1789 XII.
1060 1753 1124 1788 44.
1159 1751 1253 1789 597.
1281 1753 1374 1788 683.
1397 1752 1492 1788 892.
1518 1752 1613 1788 929.
1675 1749 1756 1802 Quo
1780 1750 1816 1788 in
1846 1750 1931 1790 lot-,0

291 1825 402 1862 etiam
433 1822 506 1860 alia
538 1833 655 1871 saepe
688 1819 814 1867 elidit,
848 1823 884 1858 ut
916 1819 1032 1869 lonsso
1064 1819 1205 1857 ordine
1234 1824 1382 1857 matres
1428 1817 1478 1855 II.
1512 1820 1605 1857 766.
1639 1832 1712 1857 nno
1745 1831 1812 1858 ore
1843 1819 1931 1858 La·

288 1895 393 1932 linos
425 1890 514 1929 XII.
547 1893 642 1929 837.
705 1888 768 1926 illi
788 1891 942 1939 agmine
964 1894 1071 1926 certo
1103 1886 1151 1924 lI.
1176 1890 1270 1925 212.
1305 1889 1343 1925 si
1373 1900 1526 1939 aspera
1550 1887 1709 1926 swartis
1727 1887 1815 1926 XII.
1842 1890 1932 1926 124.

286 1969 405 2000 astra
437 1962 555 2011 iynea
587 1964 756 2008 suivant
776 1955 845 1994 IV.
874 1959 969 1995 352.
1003 1970 1116 1995 arma
1148 1958 1260 2008 inpia
1293 1958 1448 2008 sumpsi
1477 1955 1566 1994 XII.
1595 1959 1659 1994 31.
1693 1970 1819 2007 reynel
1838 1959 1934 2009 ipsa

288 2031 428 2069 Latini
457 2028 549 2068 XII.
583 2028 677 2065 507.
739 2039 852 2065 cerina
884 2026 970 2064 nlla
1001 2025 1171 2064 rebelles
1203 2023 1291 2062 XII.
1336 2027 1425 2063 185.
1459 2025 1608 2077 rapida
1640 2026 1788 2076 nnqula
1819 2039 1932 2066 rores

289 2099 378 2139 XII.
413 2102 507 2138 339.
568 2099 698 2136 maria
730 2097 859 2134 omnia
899 2097 1045 2133 circum
1087 2094 1115 2133 1.
1158 2097 1223 2132 32.
1284 2096 1412 2132 maria
1451 2096 1578 2132 omnia
1618 2097 1722 2133 vecti
1762 2093 1790 2132 I.
1835 2097 1931 2133 524.

291 2182 414 2222 opera
445 2170 573 2207 onznia
605 2166 763 2204 lustras
806 2164 874 2202 lV.
909 2167 1003 2202 607.
1066 2163 1201 2201 vincla
1240 2164 1369 2201 omnia
1413 2164 1505 2214 rupi
1548 2162 1638 2200 XII.
1681 2166 1748 2202 30.
1809 2176 1933 2216 opera

292 2240 421 2277 omnia
452 2237 597 2288 rmnpit
627 2233 714 2273 XII.
750 2238 844 2271 699.
904 2232 1124 2284 Aliquoties
1157 2232 1265 2268 etiam
1298 2232 1330 2268 in
1370 2231 1489 2268 medio
1521 2231 1619 2280 pede
1649 2235 1808 2282 quarto,
1849 2233 1931 2272 sic:

289 2319 416 2360 prora
447 2308 623 2351 avertit,
657 2309 694 2341 et
725 2303 859 2340 undis.
920 2299 980 2340 Cf.
1016 2300 1046 2338 I.
1084 2303 1172 2338 101.
1213 2303 1301 2338 185.
1362 2298 1409 2337 ΙΙ.
1448 2302 1539 2337 193.
1574 2303 1668 2338 550.
1732 2299 1802 2339 111.
1836 2303 1932 2339 544.

292 2376 362 2415 IV.
395 2377 490 2414 312.
557 2371 645 2411 XII.
687 2373 781 2409 438.
822 2372 915 2408 536.
952 2372 1045 2408 719.
1123 2368 1192 2420 Qui
1234 2367 1340 2406 locus
1381 2370 1418 2406 et
1458 2368 1540 2419 ipse
1584 2368 1668 2406 aliis
1711 2368 1933 2409 elisionibus

292 2448 403 2495 aptus
435 2446 519 2491 est,
554 2455 587 2481 e.
620 2453 661 2489 g.
695 2443 734 2478 ut
774 2439 883 2477 elisio
922 2438 985 2476 fiat
1023 2438 1058 2476 in
1101 2437 1388 2487 praepositione
1428 2450 1489 2476 a:
1533 2436 1562 2475 Ι.
1598 2440 1691 2476 235.
1753 2437 1802 2476 11.
1836 2441 1932 2478 290.

295 2514 362 2554 IV.
385 2516 480 2552 230.
502 2514 596 2550 656.
657 2511 720 2547 aut
751 2509 785 2545 in
818 2507 1104 2558 praepositione
1136 2508 1203 2544 in:
1237 2506 1284 2544 II.
1318 2508 1412 2544 242.
1433 2509 1530 2545 285.
1589 2506 1680 2545 XII.
1716 2510 1807 2546 103.
1838 2510 1931 2546 104.

294 2586 388 2620 221.
421 2584 516 2621 292.
544 2583 636 2619 716.
663 2580 757 2617 735.
781 2578 873 2616 780.
905 2578 999 2614 812.
1061 2574 1122 2613 Ad
1154 2575 1302 2625 priores
1334 2575 1455 2626 pedes
1487 2587 1558 2614 non
1590 2576 1730 2614 attendi
1761 2576 1930 2615 animum.

291 2651 334 2690 In
366 2651 485 2688 medio
517 2649 616 2700 pede
650 2647 776 2699 quinto
809 2657 882 2683 non
913 2648 984 2683 tam
1015 2643 1149 2692 multa,
1191 2656 1311 2696 neque
1343 2647 1413 2682 tam
1446 2645 1541 2682 inter
1572 2657 1615 2682 se
1646 2645 1769 2683 vicina
1800 2644 1932 2684 elisio-

291 2721 350 2759 nis
382 2717 555 2769 exempla
584 2716 718 2764 habet,
751 2726 855 2766 qnam
888 2713 1046 2750 vidimus
1078 2713 1172 2763 apud
1208 2713 1448 2751 Lucretium:
1483 2713 1516 2751 in
1549 2713 1645 2752 libro
1679 2712 1708 2751 I.
1740 2712 1932 2764 undecim,

292 2803 331 2828 v.
364 2793 431 2828 99.
467 2791 558 2826 177.
594 2788 687 2824 403.
721 2786 815 2821 405.
849 2784 943 2820 485.
970 2784 1063 2820 569.
1093 2783 1185 2820 574.
1208 2785 1302 2821 599.
1324 2785 1416 2820 640.
1448 2785 1542 2820 651.
1572 2785 1667 2821 721.
1698 2782 1735 2820 in
1766 2781 1863 2821 libro
1880 2782 1931 2821 II.

292 2870 450 2904 novem,
490 2857 525 2894 in
565 2854 662 2893 libro
695 2851 765 2891 III.
809 2855 973 2902 septem,
1019 2851 1116 2888 inter
1159 2863 1253 2903 quae
1294 2863 1494 2890 annumero
1526 2864 1565 2890 v.
1599 2854 1694 2891 581.
1726 2853 1933 2892 intremere

292 2936 453 2974 omnemg
485 2926 519 2962 in
553 2923 647 2961 libro
680 2921 750 2960 IV.
783 2920 995 2968 duodecim3
1028 2920 1061 2957 in
1094 2919 1189 2958 libro
1217 2920 1306 2958 XII.
1339 2932 1495 2966 novem,
1529 2920 1590 2959 uhi
1622 2932 1823 2959 annumero
1857 2921 1931 2960 du-

293 3006 368 3031 rum
399 2993 486 3031 illud
516 2993 589 3031 hoc
619 2994 745 3031 animo
775 2990 916 3038 hauri,
950 3001 989 3028 V.
1021 2991 1088 3027 26.
1148 2988 1357 3029 Numeravi
1386 2989 1532 3028 onmia:
1580 2988 1737 3039 insunt,
1781 2989 1828 3029 de
1858 3002 1931 3043 quo
