2006 3365
662 173 929 215 RECENSIO
962 173 1259 214 LIBRORUM.
1683 173 1785 217 389

133 287 347 337 Catalogus
379 286 562 328 Codicum
594 287 759 328 Saeculo
792 288 882 327 XV.
922 288 1218 338 impressorum,
1259 286 1321 338 qui
1360 285 1395 323 in
1437 283 1596 323 Publica
1634 283 1785 322 Biblio-

133 356 244 396 theca
276 355 615 405 Magliahecbiana
635 356 848 395 Florentiae
880 356 1133 393 adservantur
1151 383 1159 396 ‚
1193 358 1347 392 anctore
1373 353 1605 392 Ferdinando
1629 352 1787 400 Fossio,

131 423 206 463 To.
238 423 288 462 Il.
321 423 392 462 col.
430 430 524 463 800.
558 436 668 475 seqq.
700 424 758 461 cni
793 423 1038 473 descriptioni
1071 423 1143 460 etsi
1175 421 1298 459 liabeo
1332 434 1427 472 quae
1458 421 1596 459 addere
1622 420 1785 470 possim,

131 495 253 530 tamen
285 504 328 530 ea
361 504 433 530 non
465 495 553 530 sunt
597 491 706 529 valde
747 490 913 539 gravia,
951 493 989 530 et
1029 489 1151 528 alicua
1182 490 1229 528 al)
1264 488 1335 527 boc
1368 488 1464 527 loco.
1529 488 1659 541 ltaque
1692 499 1785 526 con-

131 560 310 598 sistemns
342 561 376 597 in
409 561 477 609 iis,
519 571 614 611 quae
645 561 731 597 sunt
763 559 924 609 potiora.

216 627 354 678 Incipit
385 627 482 665 liber
527 628 605 665 ita:

475 695 519 733 P.
554 693 710 743 Virgilii
750 693 922 731 Maronis
954 691 1161 731 Bucolicon
1194 692 1327 730 Liber.

474 762 663 813 Aegloga
695 763 811 813 prima
842 761 943 799 dicta
973 760 1150 810 Tityrus,

815 828 1084 868 Collocutores

815 897 1037 936 Meliboeus

814 965 980 1015 Tityrus

127 1036 310 1076 Bucolica
351 1035 547 1086 excipiunt
588 1031 803 1082 Georgica,
845 1031 1039 1081 Georgica
1070 1031 1243 1080 Aeneis,
1286 1033 1323 1071 in
1354 1044 1427 1083 qua
1458 1031 1530 1070 boc
1561 1030 1673 1070 valde
1704 1032 1788 1070 sin-

126 1104 262 1153 gulare
293 1108 376 1153 est,
410 1103 508 1155 quod
541 1102 639 1141 libro
670 1100 702 1140 1.
735 1101 866 1140 versui
901 1102 969 1139 34.
1010 1100 1088 1141 Vix·
1117 1114 1139 1140 e
1170 1106 1389 1153 conspecta
1420 1102 1493 1139 etc.
1526 1100 1698 1151 praelixa
1729 1098 1789 1138 le·-

125 1173 231 1220 gitur
262 1172 461 1222 inscriptio
484 1184 493 1209 :
745 1160 756 1171 '

472 1236 686 1289 Capitulum
718 1235 847 1287 primu*
878 1238 914 1275 in
953 1250 1026 1290 quo
1065 1235 1262 1276 oste”ditur
1293 1238 1502 1287 tempestas

470 1318 577 1358 quam
610 1306 768 1345 Aeneas
798 1318 938 1356 passus
970 1306 1084 1344 fuerit
1115 1306 1151 1343 in
1182 1305 1272 1342 mari
1310 1304 1444 1343 siculo.

126 1375 277 1414 Versus
309 1376 469 1426 quatuor
500 1374 580 1413 Ille
609 1387 680 1425 eqo
715 1376 784 1427 qui
817 1374 1015 1426 quondam
1047 1375 1122 1411 etc.
1154 1371 1271 1410 babet
1302 1371 1562 1419 Mutinensis,
1596 1372 1663 1409 sed
1697 1384 1787 1421 spa-

126 1443 178 1481 tio
211 1442 363 1481 duorum
396 1454 572 1480 versuum
605 1443 806 1481 distinctos
837 1454 859 1480 a
890 1441 1154 1493 sequentibus.
1217 1439 1258 1478 In
1292 1440 1364 1478 line
1394 1439 1591 1478 Aeneidos
1624 1439 1787 1488 legitur:

127 1511 243 1550 Finis
275 1511 429 1550 Summe
464 1510 696 1560 Viryilianae
727 1512 980 1549 narrationis
1013 1511 1054 1547 in
1085 1508 1216 1547 tribas
1250 1507 1439 1559 operibus
1466 1508 1676 1546 Bucolicis
1706 1509 1788 1546 Ge-

127 1581 281 1630 oryicis
313 1582 346 1617 &
375 1578 568 1618 Aeneide.
603 1579 700 1630 quod
734 1579 785 1617 ita
816 1578 954 1616 dictum
986 1582 1071 1626 est,
1103 1580 1143 1615 ut
1174 1576 1307 1614 verbis
1338 1576 1498 1615 Summa
1535 1576 1788 1625 Virqilianae

124 1649 380 1686 narrationis
413 1645 507 1684 haec
538 1646 621 1696 ipsa
654 1657 795 1696 opera,
830 1645 1033 1694 Bucolica,
1067 1643 1282 1693 Georgica,
1309 1643 1476 1692 Aeneis,
1509 1644 1786 1692 significentur.

124 1715 265 1753 Eadem
298 1715 556 1764 subscriptio,
589 1713 796 1765 codemque
828 1712 942 1761 loco,
986 1717 1068 1751 erat
1099 1712 1135 1750 in
1169 1712 1337 1750 editione
1367 1712 1452 1749 anni
1490 1712 1610 1749 1471.
1643 1723 1707 1757 ea,
1742 1711 1789 1749 de

125 1795 198 1834 qua
229 1784 347 1821 refert
379 1782 516 1820 Burius
550 1780 845 1831 Bibliograpbie
877 1780 1057 1820 Instruct.
1090 1779 1222 1819 Belles
1251 1779 1405 1819 Lettres
1436 1779 1509 1817 To.
1537 1778 1567 1817 Ι.
1601 1791 1638 1817 n.
1663 1782 1787 1817 2661.

126 1854 164 1889 et
196 1851 230 1889 in
263 1850 459 1888 Parmensi
496 1850 619 1888 1⁴79.
652 1861 713 1899 ap.
746 1848 908 1887 Panzer.
942 1849 1031 1888 Vol.
1058 1848 1109 1888 ΙΙ.
1140 1861 1178 1899 p.
1198 1851 1301 1895 352,
1329 1852 1392 1886 13.
1452 1847 1598 1885 Moneo
1630 1850 1789 1898 propter

124 1919 242 1967 alias,
277 1918 471 1968 principes
502 1917 720 1966 Romanas,
766 1916 949 1955 Venetam
982 1917 1159 1965 Iensoni,
1194 1919 1232 1955 et
1262 1915 1360 1954 haud
1393 1915 1505 1953 dubie
1537 1914 1682 1962 Rubei,
1718 1914 1788 1953 Vi-

126 1986 336 2035 centinam,
369 1985 542 2023 Venetas
577 1987 699 2023 1480.
737 1987 860 2023 1482.
895 1984 1158 2033 Brixiensem,
1202 1984 1317 2031 alim,
1362 1985 1399 2021 et
1431 1983 1589 2032 propter
1620 1982 1789 2021 codicem

125 2053 246 2094 Basil.
279 2054 314 2091 in
347 2052 484 2104 quibus
517 2052 647 2090 eadem
681 2052 822 2101 verba,
855 2052 923 2090 sed
956 2053 1030 2091 alio
1062 2052 1171 2103 loco,
1215 2055 1253 2092 et
1283 2051 1568 2103 significatione
1601 2050 1695 2100 alia,
1727 2050 1790 2089 le-

124 2125 280 2172 guntur.
343 2120 400 2158 lbi
433 2120 531 2158 enim
564 2120 685 2158 verba
715 2121 875 2160 Summa
907 2119 1164 2172 Viryilianae
1194 2121 1446 2159 narrationis
1478 2121 1519 2157 in
1550 2118 1682 2158 tribus
1713 2120 1787 2157 etc.

124 2190 297 2241 praelixa
328 2188 509 2237 leguntur
551 2188 701 2226 carmini
745 2189 966 2228 Pastorum
1009 2202 1162 2229 mnsam
1205 2192 1279 2228 etc.
1327 2187 1425 2240 quod
1468 2190 1528 2226 est
1559 2187 1658 2237 apud
1689 2187 1787 2225 Bur-

124 2271 293 2297 mannum
326 2256 446 2296 Anth.
481 2257 566 2296 Lat.
603 2256 668 2295 lib.
702 2256 751 2295 ll.
785 2272 1019 2295 cnxxxvm.
1052 2257 1150 2307 apud
1182 2256 1374 2307 Heynium
1413 2254 1502 2293 Vol.
1536 2254 1585 2293 V.
1618 2267 1656 2305 p.
1690 2257 1787 2293 297.

125 2327 257 2375 Pergo
290 2327 324 2364 in
357 2324 608 2363 describenda
641 2324 862 2363 Mutinensi.
945 2326 1097 2377 Incipit
1140 2325 1481 2364 Decinmstertius
1514 2322 1615 2362 liber
1648 2323 1790 2374 Masei

125 2397 246 2445 uressii
277 2392 489 2433 laudefsis.
582 2394 632 2433 Ρ.
672 2394 837 2445 Viryilii
868 2394 1063 2433 Maronis
1097 2395 1225 2447 Copa.
1317 2393 1366 2432 P.
1408 2392 1572 2443 Virgsilii
1592 2391 1786 2430 Maronis

125 2463 354 2502 Partheniae
388 2462 587 2501 Moretum
619 2463 783 2515 Incipit.
846 2463 896 2502 P.
927 2463 1089 2512 Viryilii
1115 2463 1307 2501 Illccronis
1330 2461 1443 2499 Dirce
1470 2461 1663 2512 z'eipieznt.
1734 2459 1786 2497 P.

132 2531 296 2581 Vis-,qilii
328 2529 520 2569 Maronis
554 2531 602 2569 (Ie
633 2537 696 2570 est
721 2534 861 2570 &non-
923 2530 968 2569 Ir
1001 2531 1124 2569 bonus
1157 2533 1189 2569 ἀ
1217 2529 1399 2581 prudens
1434 2528 1589 2582 qualem
1619 2529 1691 2566 niz*
1722 2541 1787 2567 re·-

123 2602 231 2654 peric
262 2596 350 2637 unu*
383 2598 576 2637 Metabus
608 2613 629 2637 e
658 2599 794 2638 multis
826 2602 900 2637 etc.
934 2600 1017 2637 sine
1051 2598 1312 2648 inscriptione.
1376 2597 1426 2636 P.
1457 2596 1618 2646 Virgsilii
1636 2595 1788 2634 Maro-

126 2671 189 2707 nis
223 2667 272 2706 ile
302 2665 446 2705 Rosis.
539 2667 590 2705 P.
630 2666 794 2718 Viryilii
838 2666 1034 2705 Maronis
1068 2666 1198 2705 Culex
1228 2667 1391 2718 Incipit.
1468 2664 1641 2715 Denique
1674 2664 1787 2702 Pria-

126 2737 241 2787 peia,
274 2735 451 2773 Arminis
482 2735 655 2786 Tcompti
685 2738 759 2774 etc.
793 2736 876 2773 sine
909 2735 1171 2784 inscriptione.
1234 2734 1315 2772 Sub
1350 2745 1466 2771 versu
1499 2731 1592 2771 Hac
1623 2732 1725 2771 acles
1757 2735 1790 2771 ἀ

126 2806 264 2845 neruis
296 2809 402 2843 tente
430 2805 577 2855 priapo
605 2805 719 2854 saue.
760 2805 886 2853 posita
918 2809 979 2842 est
1010 2803 1206 2852 inscriptio
1241 2801 1411 2840 librarii:

444 2871 592 2909 Mutine
623 2871 838 2921 Imprel'l'um
870 2884 937 2922 per
963 2872 1185 2920 Magistrum
1217 2869 1420 2908 Iohannem

445 2939 603 2978 Vurl'ter
635 2939 681 2978 de
713 2941 945 2990 campidona.
980 2938 1108 2977 Anno.
1134 2937 1182 2975 D.
1201 2936 1257 2975 M.
1278 2935 1572 2974 cccc.lxx11111.

445 3008 506 3047 die
540 3007 840 3050 Vicefimatertia
870 3007 1008 3048 meniis
1053 3004 1227 3044 Ianuarii.
