<?xml version="1.0" encoding="UTF-8"?>
<!DOCTYPE html PUBLIC "-//W3C//DTD XHTML 1.0 Transitional//EN"
    "http://www.w3.org/TR/xhtml1/DTD/xhtml1-transitional.dtd">
<html xmlns="http://www.w3.org/1999/xhtml" xml:lang="en" lang="en">
 <head>
  <title>
</title>
<meta http-equiv="Content-Type" content="text/html;charset=utf-8" />
  <meta name='ocr-system' content='tesseract 3.04.00' />
  <meta name='ocr-capabilities' content='ocr_page ocr_carea ocr_par ocr_line ocrx_word'/>
</head>
<body>
  <div class='ocr_page' id='page_1' title='image "./carmina00catouoft_0106.png"; bbox 0 0 2006 3365; ppageno 0'>
   <div class='ocr_carea' id='block_1_1' title="bbox 266 119 1359 172">
    <p class='ocr_par' dir='ltr' id='par_1_1' title="bbox 266 119 1359 172">
     <span class='ocr_line' id='line_1_1' title="bbox 266 119 1359 172; baseline 0.003 -13"><span class='ocrx_word' id='word_1_1' title='bbox 266 125 336 172; x_wconf 86' lang='lat'>90</span> <span class='ocrx_word' id='word_1_2' title='bbox 830 119 1359 162; x_wconf 72' lang='lat' dir='ltr'>ANJMAnvuusmNus</span> 
     </span>
    </p>
   </div>
   <div class='ocr_carea' id='block_1_2' title="bbox 256 234 1911 3040">
    <p class='ocr_par' dir='ltr' id='par_1_2' title="bbox 260 234 1911 907">
     <span class='ocr_line' id='line_1_2' title="bbox 264 234 1910 290; baseline 0 -15"><span class='ocrx_word' id='word_1_3' title='bbox 264 237 375 276; x_wconf 82' lang='lat' dir='ltr'>fuerit</span> <span class='ocrx_word' id='word_1_4' title='bbox 404 237 644 290; x_wconf 84' lang='lat' dir='ltr'>exquisitius.</span> <span class='ocrx_word' id='word_1_5' title='bbox 674 242 851 275; x_wconf 82' lang='lat' dir='ltr'>monstra</span> <span class='ocrx_word' id='word_1_6' title='bbox 881 236 1069 274; x_wconf 78' lang='lat' dir='ltr'>natantia</span> <span class='ocrx_word' id='word_1_7' title='bbox 1100 247 1229 274; x_wconf 88' lang='lat' dir='ltr'>omnes</span> <span class='ocrx_word' id='word_1_8' title='bbox 1261 238 1449 275; x_wconf 89' lang='lat' dir='ltr'>noverunt</span> <span class='ocrx_word' id='word_1_9' title='bbox 1479 248 1529 275; x_wconf 87' lang='lat' dir='ltr'>ex</span> <span class='ocrx_word' id='word_1_10' title='bbox 1557 234 1740 274; x_wconf 83' lang='lat' dir='ltr'>Horatio:</span> <span class='ocrx_word' id='word_1_11' title='bbox 1774 236 1823 274; x_wconf 85' lang='lat' dir='ltr'>cf.</span> <span class='ocrx_word' id='word_1_12' title='bbox 1855 236 1910 275; x_wconf 90' lang='lat' dir='ltr'>ibi</span> 
     </span>
     <span class='ocr_line' id='line_1_3' title="bbox 266 302 1909 357; baseline 0 -13"><span class='ocrx_word' id='word_1_13' title='bbox 266 307 386 357; x_wconf 90' lang='lat' dir='ltr'>intpp.</span> <span class='ocrx_word' id='word_1_14' title='bbox 417 312 673 345; x_wconf 79' lang='lat' dir='ltr'>monstrorum</span> <span class='ocrx_word' id='word_1_15' title='bbox 700 317 872 356; x_wconf 84' lang='lat' dir='ltr'>corpora</span> <span class='ocrx_word' id='word_1_16' title='bbox 902 303 1082 342; x_wconf 77' lang='lat' dir='ltr'>Manilius</span> <span class='ocrx_word' id='word_1_17' title='bbox 1115 302 1164 341; x_wconf 85' lang='lat' dir='ltr'>V.</span> <span class='ocrx_word' id='word_1_18' title='bbox 1195 307 1288 342; x_wconf 84' lang='lat'>191.</span> <span class='ocrx_word' id='word_1_19' title='bbox 1321 303 1367 342; x_wconf 94' lang='lat' dir='ltr'>de</span> <span class='ocrx_word' id='word_1_20' title='bbox 1398 306 1563 344; x_wconf 76' lang='lat' dir='ltr'><strong>mortuis.</strong></span> <span class='ocrx_word' id='word_1_21' title='bbox 1593 311 1780 357; x_wconf 81' lang='lat' dir='ltr'>portenta</span> <span class='ocrx_word' id='word_1_22' title='bbox 1809 304 1909 344; x_wconf 90' lang='lat' dir='ltr'>Pro-</span> 
     </span>
     <span class='ocr_line' id='line_1_4' title="bbox 265 372 1910 426; baseline 0 -13"><span class='ocrx_word' id='word_1_23' title='bbox 265 375 410 426; x_wconf 83' lang='lat' dir='ltr'>pertius</span> <span class='ocrx_word' id='word_1_24' title='bbox 441 374 532 411; x_wconf 87' lang='lat' dir='ltr'>dicit</span> <span class='ocrx_word' id='word_1_25' title='bbox 564 372 630 411; x_wconf 91' lang='lat' dir='ltr'>lll.</span> <span class='ocrx_word' id='word_1_26' title='bbox 665 387 770 420; x_wconf 76' lang='lat' dir='ltr'>xxii,</span> <span class='ocrx_word' id='word_1_27' title='bbox 803 374 871 411; x_wconf 75' lang='lat'>27.</span> <span class='ocrx_word' id='word_1_28' title='bbox 905 375 945 412; x_wconf 81' lang='lat'>8.</span> <span class='ocrx_word' id='word_1_29' title='bbox 1006 374 1063 411; x_wconf 81' lang='lat' dir='ltr'>At</span> <span class='ocrx_word' id='word_1_30' title='bbox 1091 385 1168 411; x_wconf 81' lang='lat' dir='ltr'>non</span> <span class='ocrx_word' id='word_1_31' title='bbox 1206 385 1422 426; x_wconf 80' lang='lat' dir='ltr'>squamoso</span> <span class='ocrx_word' id='word_1_32' title='bbox 1457 373 1644 414; x_wconf 80' lang='lat' dir='ltr'>labuntur</span> <span class='ocrx_word' id='word_1_33' title='bbox 1674 380 1811 413; x_wconf 85' lang='lat' dir='ltr'>ventre</span> <span class='ocrx_word' id='word_1_34' title='bbox 1839 386 1910 413; x_wconf 87' lang='lat' dir='ltr'>ce·-</span> 
     </span>
     <span class='ocr_line' id='line_1_5' title="bbox 264 440 1911 494; baseline -0.001 -13"><span class='ocrx_word' id='word_1_35' title='bbox 264 450 426 491; x_wconf 79' lang='lat' dir='ltr'>rastae,</span> <span class='ocrx_word' id='word_1_36' title='bbox 461 441 570 480; x_wconf 81' lang='lat' dir='ltr'>Itala</span> <span class='ocrx_word' id='word_1_37' title='bbox 600 442 787 492; x_wconf 87' lang='lat' dir='ltr'>portentis</span> <span class='ocrx_word' id='word_1_38' title='bbox 818 455 890 482; x_wconf 82' lang='lat' dir='ltr'>nec</span> <span class='ocrx_word' id='word_1_39' title='bbox 917 442 1023 494; x_wconf 77' lang='lat' dir='ltr'>furit</span> <span class='ocrx_word' id='word_1_40' title='bbox 1053 441 1163 481; x_wconf 79' lang='lat' dir='ltr'>unda</span> <span class='ocrx_word' id='word_1_41' title='bbox 1192 444 1324 481; x_wconf 78' lang='lat' dir='ltr'>novis.</span> <span class='ocrx_word' id='word_1_42' title='bbox 1391 441 1591 480; x_wconf 89' lang='lat' dir='ltr'>Addantur</span> <span class='ocrx_word' id='word_1_43' title='bbox 1621 454 1708 480; x_wconf 84' lang='lat' dir='ltr'>mox</span> <span class='ocrx_word' id='word_1_44' title='bbox 1738 440 1911 480; x_wconf 87' lang='lat' dir='ltr'>laudandi</span> 
     </span>
     <span class='ocr_line' id='line_1_6' title="bbox 266 509 1909 563; baseline 0 -14"><span class='ocrx_word' id='word_1_45' title='bbox 266 510 369 549; x_wconf 88' lang='lat' dir='ltr'>Pedo</span> <span class='ocrx_word' id='word_1_46' title='bbox 402 509 688 561; x_wconf 89' lang='lat' dir='ltr'>Albinovanus,</span> <span class='ocrx_word' id='word_1_47' title='bbox 721 510 885 550; x_wconf 79' lang='lat' dir='ltr'>Seneca.</span> <span class='ocrx_word' id='word_1_48' title='bbox 932 510 1033 549; x_wconf 91' lang='lat' dir='ltr'>Idem</span> <span class='ocrx_word' id='word_1_49' title='bbox 1065 513 1145 560; x_wconf 84' lang='lat' dir='ltr'>est,</span> <span class='ocrx_word' id='word_1_50' title='bbox 1178 523 1286 563; x_wconf 90' lang='lat' dir='ltr'>quum</span> <span class='ocrx_word' id='word_1_51' title='bbox 1311 512 1494 550; x_wconf 79' lang='lat' dir='ltr'>immania</span> <span class='ocrx_word' id='word_1_52' title='bbox 1516 510 1682 561; x_wconf 80' lang='lat' dir='ltr'>Neptuni</span> <span class='ocrx_word' id='word_1_53' title='bbox 1707 517 1909 561; x_wconf 79' lang='lat' dir='ltr'>armenta,</span> 
     </span>
     <span class='ocr_line' id='line_1_7' title="bbox 264 579 1909 631; baseline 0 -14"><span class='ocrx_word' id='word_1_54' title='bbox 264 585 303 618; x_wconf 81' lang='lat' dir='ltr'>et</span> <span class='ocrx_word' id='word_1_55' title='bbox 333 580 465 631; x_wconf 82' lang='lat' dir='ltr'>turpis</span> <span class='ocrx_word' id='word_1_56' title='bbox 493 579 651 631; x_wconf 79' lang='lat' dir='ltr'>phocas</span> <span class='ocrx_word' id='word_1_57' title='bbox 683 580 774 618; x_wconf 88' lang='lat' dir='ltr'>dicit</span> <span class='ocrx_word' id='word_1_58' title='bbox 805 579 993 631; x_wconf 80' lang='lat' dir='ltr'>Virgilius</span> <span class='ocrx_word' id='word_1_59' title='bbox 1025 579 1170 628; x_wconf 78' lang='lat' dir='ltr'>Georg.</span> <span class='ocrx_word' id='word_1_60' title='bbox 1203 579 1273 619; x_wconf 89' lang='lat' dir='ltr'>IV.</span> <span class='ocrx_word' id='word_1_61' title='bbox 1306 581 1401 618; x_wconf 83' lang='lat'>394.</span> <span class='ocrx_word' id='word_1_62' title='bbox 1434 583 1472 618; x_wconf 90' lang='lat'>5.</span> <span class='ocrx_word' id='word_1_63' title='bbox 1534 579 1665 631; x_wconf 86' lang='lat' dir='ltr'>ltaque</span> <span class='ocrx_word' id='word_1_64' title='bbox 1699 581 1805 618; x_wconf 85' lang='lat' dir='ltr'>recte</span> <span class='ocrx_word' id='word_1_65' title='bbox 1837 591 1909 618; x_wconf 91' lang='lat' dir='ltr'>ve-</span> 
     </span>
     <span class='ocr_line' id='line_1_8' title="bbox 263 646 1910 700; baseline 0 -15"><span class='ocrx_word' id='word_1_66' title='bbox 263 649 389 686; x_wconf 90' lang='lat' dir='ltr'>tustae</span> <span class='ocrx_word' id='word_1_67' title='bbox 420 647 640 697; x_wconf 83' lang='lat' dir='ltr'>nonnullae,</span> <span class='ocrx_word' id='word_1_68' title='bbox 673 647 733 686; x_wconf 89' lang='lat' dir='ltr'>vel</span> <span class='ocrx_word' id='word_1_69' title='bbox 765 647 992 700; x_wconf 82' lang='lat' dir='ltr'><strong>pleraeque,</strong></span> <span class='ocrx_word' id='word_1_70' title='bbox 1025 648 1110 686; x_wconf 89' lang='lat' dir='ltr'>inde</span> <span class='ocrx_word' id='word_1_71' title='bbox 1138 647 1185 685; x_wconf 88' lang='lat' dir='ltr'>ab</span> <span class='ocrx_word' id='word_1_72' title='bbox 1219 646 1368 686; x_wconf 85' lang='lat' dir='ltr'>Veneta</span> <span class='ocrx_word' id='word_1_73' title='bbox 1389 647 1570 697; x_wconf 83' lang='lat' dir='ltr'>Acliatis,</span> <span class='ocrx_word' id='word_1_74' title='bbox 1603 650 1642 687; x_wconf 87' lang='lat' dir='ltr'>et</span> <span class='ocrx_word' id='word_1_75' title='bbox 1675 647 1910 686; x_wconf 77' lang='lat' dir='ltr'>recentiores</span> 
     </span>
     <span class='ocr_line' id='line_1_9' title="bbox 263 715 1911 768; baseline 0.001 -14"><span class='ocrx_word' id='word_1_76' title='bbox 263 716 343 754; x_wconf 80' lang='lat' dir='ltr'>fere</span> <span class='ocrx_word' id='word_1_77' title='bbox 374 728 527 766; x_wconf 89' lang='lat' dir='ltr'>omnes,</span> <span class='ocrx_word' id='word_1_78' title='bbox 567 717 675 755; x_wconf 86' lang='lat' dir='ltr'>etiam</span> <span class='ocrx_word' id='word_1_79' title='bbox 708 716 1004 768; x_wconf 85' lang='lat' dir='ltr'>Scaligeranae,</span> <span class='ocrx_word' id='word_1_80' title='bbox 1044 721 1174 756; x_wconf 89' lang='lat' dir='ltr'>contra</span> <span class='ocrx_word' id='word_1_81' title='bbox 1204 719 1360 756; x_wconf 78' lang='lat' dir='ltr'>mentem</span> <span class='ocrx_word' id='word_1_82' title='bbox 1393 715 1607 765; x_wconf 84' lang='lat' dir='ltr'>Scaligeri,</span> <span class='ocrx_word' id='word_1_83' title='bbox 1647 718 1738 766; x_wconf 91' lang='lat' dir='ltr'>post</span> <span class='ocrx_word' id='word_1_84' title='bbox 1767 722 1911 755; x_wconf 82' lang='lat' dir='ltr'>natare</span> 
     </span>
     <span class='ocr_line' id='line_1_10' title="bbox 262 783 1910 835; baseline 0 -13"><span class='ocrx_word' id='word_1_85' title='bbox 262 784 429 824; x_wconf 87' lang='lat' dir='ltr'>incidunt</span> <span class='ocrx_word' id='word_1_86' title='bbox 459 784 564 835; x_wconf 91' lang='lat' dir='ltr'>colo,</span> <span class='ocrx_word' id='word_1_87' title='bbox 599 785 661 824; x_wconf 91' lang='lat' dir='ltr'>vel</span> <span class='ocrx_word' id='word_1_88' title='bbox 694 789 887 824; x_wconf 87' lang='lat' dir='ltr'>commate.</span> <span class='ocrx_word' id='word_1_89' title='bbox 929 785 971 824; x_wconf 89' lang='lat' dir='ltr'>ln</span> <span class='ocrx_word' id='word_1_90' title='bbox 997 785 1169 834; x_wconf 88' lang='lat' dir='ltr'>Aldinis‚</span> <span class='ocrx_word' id='word_1_91' title='bbox 1204 790 1241 825; x_wconf 91' lang='lat' dir='ltr'>et</span> <span class='ocrx_word' id='word_1_92' title='bbox 1272 784 1459 824; x_wconf 85' lang='lat' dir='ltr'>nonnullis</span> <span class='ocrx_word' id='word_1_93' title='bbox 1489 783 1597 832; x_wconf 89' lang='lat' dir='ltr'>aliis,</span> <span class='ocrx_word' id='word_1_94' title='bbox 1628 784 1724 824; x_wconf 92' lang='lat' dir='ltr'>male</span> <span class='ocrx_word' id='word_1_95' title='bbox 1754 785 1833 824; x_wconf 86' lang='lat' dir='ltr'>sic:</span> <span class='ocrx_word' id='word_1_96' title='bbox 1856 805 1910 812; x_wconf 86' lang='lat'>—</span> 
     </span>
     <span class='ocr_line' id='line_1_11' title="bbox 260 855 1227 907; baseline 0 -15"><span class='ocrx_word' id='word_1_97' title='bbox 260 860 448 906; x_wconf 81' lang='lat' dir='ltr'>portenta</span> <span class='ocrx_word' id='word_1_98' title='bbox 479 862 625 894; x_wconf 81' lang='lat' dir='ltr'>natare</span> <span class='ocrx_word' id='word_1_99' title='bbox 657 855 871 903; x_wconf 83' lang='lat' dir='ltr'>Monstra,</span> <span class='ocrx_word' id='word_1_100' title='bbox 904 857 1122 907; x_wconf 79' lang='lat' dir='ltr'>repentinis</span> <span class='ocrx_word' id='word_1_101' title='bbox 1154 858 1227 893; x_wconf 80' lang='lat' dir='ltr'>ete.</span> 
     </span>
    </p>

    <p class='ocr_par' dir='ltr' id='par_1_3' title="bbox 256 922 1911 1522">
     <span class='ocr_line' id='line_1_12' title="bbox 347 922 1911 975; baseline -0.001 -14"><span class='ocrx_word' id='word_1_102' title='bbox 347 922 406 962; x_wconf 90' lang='lat' dir='ltr'>De</span> <span class='ocrx_word' id='word_1_103' title='bbox 437 935 552 962; x_wconf 87' lang='lat' dir='ltr'>sensu</span> <span class='ocrx_word' id='word_1_104' title='bbox 584 935 630 962; x_wconf 88' lang='lat' dir='ltr'>ne</span> <span class='ocrx_word' id='word_1_105' title='bbox 661 924 745 975; x_wconf 89' lang='lat' dir='ltr'>quis</span> <span class='ocrx_word' id='word_1_106' title='bbox 776 926 896 972; x_wconf 82' lang='lat' dir='ltr'>erret,</span> <span class='ocrx_word' id='word_1_107' title='bbox 938 923 1218 961; x_wconf 84' lang='lat' dir='ltr'>observandum</span> <span class='ocrx_word' id='word_1_108' title='bbox 1251 925 1330 970; x_wconf 84' lang='lat' dir='ltr'>est,</span> <span class='ocrx_word' id='word_1_109' title='bbox 1374 934 1508 961; x_wconf 84' lang='lat' dir='ltr'>novam</span> <span class='ocrx_word' id='word_1_110' title='bbox 1538 933 1560 960; x_wconf 85' lang='lat' dir='ltr'>a</span> <span class='ocrx_word' id='word_1_111' title='bbox 1592 933 1706 961; x_wconf 88' lang='lat' dir='ltr'>versu</span> <span class='ocrx_word' id='word_1_112' title='bbox 1740 925 1806 961; x_wconf 87' lang='lat'>55.</span> <span class='ocrx_word' id='word_1_113' title='bbox 1839 935 1911 960; x_wconf 88' lang='lat' dir='ltr'>us-</span> 
     </span>
     <span class='ocr_line' id='line_1_13' title="bbox 260 990 1910 1044; baseline -0.001 -14"><span class='ocrx_word' id='word_1_114' title='bbox 260 1004 333 1044; x_wconf 86' lang='lat' dir='ltr'>que</span> <span class='ocrx_word' id='word_1_115' title='bbox 363 991 408 1029; x_wconf 85' lang='lat' dir='ltr'>ad</span> <span class='ocrx_word' id='word_1_116' title='bbox 442 1005 479 1030; x_wconf 89' lang='lat' dir='ltr'>v.</span> <span class='ocrx_word' id='word_1_117' title='bbox 513 994 578 1030; x_wconf 85' lang='lat'>62.</span> <span class='ocrx_word' id='word_1_118' title='bbox 611 991 914 1042; x_wconf 75' lang='lat' dir='ltr'>imprecationem</span> <span class='ocrx_word' id='word_1_119' title='bbox 947 991 1115 1041; x_wconf 89' lang='lat' dir='ltr'>institui,</span> <span class='ocrx_word' id='word_1_120' title='bbox 1159 1003 1230 1029; x_wconf 94' lang='lat' dir='ltr'>non</span> <span class='ocrx_word' id='word_1_121' title='bbox 1263 990 1558 1029; x_wconf 78' lang='lat' dir='ltr'>confundendam</span> <span class='ocrx_word' id='word_1_122' title='bbox 1598 1002 1677 1028; x_wconf 87' lang='lat' dir='ltr'>cum</span> <span class='ocrx_word' id='word_1_123' title='bbox 1708 1002 1773 1040; x_wconf 84' lang='lat' dir='ltr'>ea,</span> <span class='ocrx_word' id='word_1_124' title='bbox 1815 1003 1910 1042; x_wconf 88' lang='lat' dir='ltr'>qnae</span> 
     </span>
     <span class='ocr_line' id='line_1_14' title="bbox 261 1058 1910 1112; baseline -0.002 -13"><span class='ocrx_word' id='word_1_125' title='bbox 261 1061 430 1111; x_wconf 84' lang='lat' dir='ltr'>proxime</span> <span class='ocrx_word' id='word_1_126' title='bbox 461 1061 682 1099; x_wconf 81' lang='lat' dir='ltr'>antecessit.</span> <span class='ocrx_word' id='word_1_127' title='bbox 744 1059 828 1098; x_wconf 89' lang='lat' dir='ltr'>Non</span> <span class='ocrx_word' id='word_1_128' title='bbox 862 1059 944 1099; x_wconf 89' lang='lat' dir='ltr'>vult</span> <span class='ocrx_word' id='word_1_129' title='bbox 976 1060 1092 1108; x_wconf 90' lang='lat' dir='ltr'>enim,</span> <span class='ocrx_word' id='word_1_130' title='bbox 1138 1063 1177 1098; x_wconf 94' lang='lat' dir='ltr'>ut</span> <span class='ocrx_word' id='word_1_131' title='bbox 1207 1072 1304 1109; x_wconf 83' lang='lat' dir='ltr'>ager</span> <span class='ocrx_word' id='word_1_132' title='bbox 1335 1060 1451 1110; x_wconf 93' lang='lat' dir='ltr'>primo</span> <span class='ocrx_word' id='word_1_133' title='bbox 1482 1060 1619 1112; x_wconf 75' lang='lat' dir='ltr'>Syrtis</span> <span class='ocrx_word' id='word_1_134' title='bbox 1651 1059 1735 1107; x_wconf 84' lang='lat' dir='ltr'>fiat,</span> <span class='ocrx_word' id='word_1_135' title='bbox 1775 1058 1910 1097; x_wconf 89' lang='lat' dir='ltr'>deinde</span> 
     </span>
     <span class='ocr_line' id='line_1_15' title="bbox 260 1127 1910 1181; baseline -0.002 -13"><span class='ocrx_word' id='word_1_136' title='bbox 260 1143 310 1168; x_wconf 87' lang='lat' dir='ltr'>ex</span> <span class='ocrx_word' id='word_1_137' title='bbox 341 1129 451 1179; x_wconf 84' lang='lat' dir='ltr'>Syrti</span> <span class='ocrx_word' id='word_1_138' title='bbox 478 1129 608 1180; x_wconf 86' lang='lat' dir='ltr'>ferum</span> <span class='ocrx_word' id='word_1_139' title='bbox 636 1142 766 1177; x_wconf 80' lang='lat' dir='ltr'>mare,</span> <span class='ocrx_word' id='word_1_140' title='bbox 799 1127 865 1166; x_wconf 90' lang='lat' dir='ltr'>sed</span> <span class='ocrx_word' id='word_1_141' title='bbox 898 1130 937 1166; x_wconf 91' lang='lat' dir='ltr'>ut</span> <span class='ocrx_word' id='word_1_142' title='bbox 967 1130 1031 1167; x_wconf 89' lang='lat' dir='ltr'>aut</span> <span class='ocrx_word' id='word_1_143' title='bbox 1061 1129 1223 1181; x_wconf 73' lang='lat' dir='ltr'>Syrtis,</span> <span class='ocrx_word' id='word_1_144' title='bbox 1259 1131 1323 1168; x_wconf 89' lang='lat' dir='ltr'>aut</span> <span class='ocrx_word' id='word_1_145' title='bbox 1351 1129 1480 1180; x_wconf 80' lang='lat' dir='ltr'>ferum</span> <span class='ocrx_word' id='word_1_146' title='bbox 1511 1128 1724 1167; x_wconf 84' lang='lat' dir='ltr'>turbinibus</span> <span class='ocrx_word' id='word_1_147' title='bbox 1755 1127 1910 1178; x_wconf 87' lang='lat' dir='ltr'>procel-</span> 
     </span>
     <span class='ocr_line' id='line_1_16' title="bbox 260 1195 1910 1250; baseline 0 -14"><span class='ocrx_word' id='word_1_148' title='bbox 260 1198 404 1250; x_wconf 84' lang='lat' dir='ltr'>lisque,</span> <span class='ocrx_word' id='word_1_149' title='bbox 436 1209 481 1236; x_wconf 89' lang='lat' dir='ltr'>ac</span> <span class='ocrx_word' id='word_1_150' title='bbox 512 1197 659 1247; x_wconf 81' lang='lat' dir='ltr'>beluis,</span> <span class='ocrx_word' id='word_1_151' title='bbox 689 1209 816 1236; x_wconf 83' lang='lat' dir='ltr'>mare.</span> <span class='ocrx_word' id='word_1_152' title='bbox 877 1196 1000 1246; x_wconf 82' lang='lat' dir='ltr'>Igitur</span> <span class='ocrx_word' id='word_1_153' title='bbox 1031 1197 1066 1234; x_wconf 94' lang='lat' dir='ltr'>in</span> <span class='ocrx_word' id='word_1_154' title='bbox 1097 1209 1142 1235; x_wconf 90' lang='lat' dir='ltr'>eo</span> <span class='ocrx_word' id='word_1_155' title='bbox 1174 1196 1320 1249; x_wconf 89' lang='lat' dir='ltr'>quidem</span> <span class='ocrx_word' id='word_1_156' title='bbox 1352 1196 1550 1245; x_wconf 85' lang='lat' dir='ltr'>consistit,</span> <span class='ocrx_word' id='word_1_157' title='bbox 1585 1201 1622 1235; x_wconf 87' lang='lat' dir='ltr'>ut</span> <span class='ocrx_word' id='word_1_158' title='bbox 1651 1201 1789 1248; x_wconf 72' lang='lat' dir='ltr'>rniyrec</span> <span class='ocrx_word' id='word_1_159' title='bbox 1821 1195 1910 1236; x_wconf 88' lang='lat' dir='ltr'>Ne-</span> 
     </span>
     <span class='ocr_line' id='line_1_17' title="bbox 256 1264 1911 1321; baseline -0.002 -15"><span class='ocrx_word' id='word_1_160' title='bbox 256 1274 406 1321; x_wconf 81' lang='lat' dir='ltr'>ptunus</span> <span class='ocrx_word' id='word_1_161' title='bbox 439 1268 479 1304; x_wconf 84' lang='lat' dir='ltr'>in</span> <span class='ocrx_word' id='word_1_162' title='bbox 510 1279 634 1310; x_wconf 85' lang='lat' dir='ltr'>arva,</span> <span class='ocrx_word' id='word_1_163' title='bbox 677 1265 744 1304; x_wconf 87' lang='lat' dir='ltr'>sed</span> <span class='ocrx_word' id='word_1_164' title='bbox 776 1278 884 1317; x_wconf 90' lang='lat' dir='ltr'>quum</span> <span class='ocrx_word' id='word_1_165' title='bbox 916 1264 993 1303; x_wconf 89' lang='lat' dir='ltr'>illic</span> <span class='ocrx_word' id='word_1_166' title='bbox 1023 1266 1162 1318; x_wconf 73' lang='lat' dir='ltr'>Syrtin</span> <span class='ocrx_word' id='word_1_167' title='bbox 1195 1264 1274 1303; x_wconf 84' lang='lat' dir='ltr'>lieri</span> <span class='ocrx_word' id='word_1_168' title='bbox 1313 1264 1520 1313; x_wconf 87' lang='lat' dir='ltr'>voluisset,</span> <span class='ocrx_word' id='word_1_169' title='bbox 1562 1264 1764 1303; x_wconf 84' lang='lat' dir='ltr'>inhabilem</span> <span class='ocrx_word' id='word_1_170' title='bbox 1796 1265 1911 1304; x_wconf 87' lang='lat' dir='ltr'>navi-</span> 
     </span>
     <span class='ocr_line' id='line_1_18' title="bbox 259 1333 1910 1386; baseline -0.001 -12"><span class='ocrx_word' id='word_1_171' title='bbox 259 1336 407 1386; x_wconf 84' lang='lat' dir='ltr'>gationi</span> <span class='ocrx_word' id='word_1_172' title='bbox 439 1338 596 1386; x_wconf 90' lang='lat' dir='ltr'>propter</span> <span class='ocrx_word' id='word_1_173' title='bbox 625 1335 725 1373; x_wconf 85' lang='lat' dir='ltr'>vada</span> <span class='ocrx_word' id='word_1_174' title='bbox 761 1345 994 1385; x_wconf 83' lang='lat' dir='ltr'>arenasque,</span> <span class='ocrx_word' id='word_1_175' title='bbox 1033 1345 1130 1373; x_wconf 88' lang='lat' dir='ltr'>nunc</span> <span class='ocrx_word' id='word_1_176' title='bbox 1169 1346 1269 1373; x_wconf 89' lang='lat' dir='ltr'>mare</span> <span class='ocrx_word' id='word_1_177' title='bbox 1301 1333 1383 1373; x_wconf 91' lang='lat' dir='ltr'>vult</span> <span class='ocrx_word' id='word_1_178' title='bbox 1421 1335 1501 1372; x_wconf 85' lang='lat' dir='ltr'>fieri</span> <span class='ocrx_word' id='word_1_179' title='bbox 1531 1333 1616 1373; x_wconf 89' lang='lat' dir='ltr'>aliis</span> <span class='ocrx_word' id='word_1_180' title='bbox 1654 1334 1771 1373; x_wconf 89' lang='lat' dir='ltr'>rebus</span> <span class='ocrx_word' id='word_1_181' title='bbox 1800 1333 1910 1385; x_wconf 87' lang='lat' dir='ltr'>peri-</span> 
     </span>
     <span class='ocr_line' id='line_1_19' title="bbox 260 1402 1911 1454; baseline -0.001 -11"><span class='ocrx_word' id='word_1_182' title='bbox 260 1404 426 1443; x_wconf 84' lang='lat' dir='ltr'>culosum</span> <span class='ocrx_word' id='word_1_183' title='bbox 459 1405 700 1453; x_wconf 82' lang='lat' dir='ltr'>navigaturo.</span> <span class='ocrx_word' id='word_1_184' title='bbox 760 1403 903 1442; x_wconf 85' lang='lat' dir='ltr'>Servat</span> <span class='ocrx_word' id='word_1_185' title='bbox 933 1403 1043 1442; x_wconf 88' lang='lat' dir='ltr'>etiam</span> <span class='ocrx_word' id='word_1_186' title='bbox 1075 1402 1196 1454; x_wconf 86' lang='lat' dir='ltr'>Cato,</span> <span class='ocrx_word' id='word_1_187' title='bbox 1228 1407 1267 1443; x_wconf 92' lang='lat' dir='ltr'>ut</span> <span class='ocrx_word' id='word_1_188' title='bbox 1297 1416 1346 1442; x_wconf 86' lang='lat' dir='ltr'>ex</span> <span class='ocrx_word' id='word_1_189' title='bbox 1379 1416 1418 1441; x_wconf 77' lang='lat' dir='ltr'>v,</span> <span class='ocrx_word' id='word_1_190' title='bbox 1455 1406 1521 1441; x_wconf 89' lang='grc'>60.</span> <span class='ocrx_word' id='word_1_191' title='bbox 1553 1405 1679 1454; x_wconf 84' lang='lat' dir='ltr'>patet,</span> <span class='ocrx_word' id='word_1_192' title='bbox 1710 1403 1911 1453; x_wconf 83' lang='lat' dir='ltr'>imaginem</span> 
     </span>
     <span class='ocr_line' id='line_1_20' title="bbox 260 1473 693 1522; baseline -0.002 -11"><span class='ocrx_word' id='word_1_193' title='bbox 260 1474 445 1512; x_wconf 82' lang='lat' dir='ltr'>combusti</span> <span class='ocrx_word' id='word_1_194' title='bbox 476 1478 562 1512; x_wconf 90' lang='lat' dir='ltr'>ante</span> <span class='ocrx_word' id='word_1_195' title='bbox 592 1473 693 1522; x_wconf 81' lang='lat' dir='ltr'>agri.</span> 
     </span>
    </p>

    <p class='ocr_par' dir='ltr' id='par_1_4' title="bbox 257 1539 1911 3040">
     <span class='ocr_line' id='line_1_21' title="bbox 345 1539 1910 1593; baseline -0.001 -13"><span class='ocrx_word' id='word_1_196' title='bbox 345 1543 553 1593; x_wconf 85' lang='lat' dir='ltr'>Praecipue</span> <span class='ocrx_word' id='word_1_197' title='bbox 582 1544 703 1580; x_wconf 85' lang='lat' dir='ltr'>autem</span> <span class='ocrx_word' id='word_1_198' title='bbox 735 1541 769 1579; x_wconf 91' lang='lat' dir='ltr'>in</span> <span class='ocrx_word' id='word_1_199' title='bbox 802 1540 926 1579; x_wconf 88' lang='lat' dir='ltr'>beluis</span> <span class='ocrx_word' id='word_1_200' title='bbox 958 1543 1142 1589; x_wconf 89' lang='lat' dir='ltr'>moratur,</span> <span class='ocrx_word' id='word_1_201' title='bbox 1175 1553 1269 1593; x_wconf 89' lang='lat' dir='ltr'>qnae</span> <span class='ocrx_word' id='word_1_202' title='bbox 1301 1541 1474 1579; x_wconf 80' lang='lat' dir='ltr'>infestum</span> <span class='ocrx_word' id='word_1_203' title='bbox 1504 1539 1662 1578; x_wconf 85' lang='lat' dir='ltr'>reddere</span> <span class='ocrx_word' id='word_1_204' title='bbox 1685 1541 1807 1579; x_wconf 91' lang='lat' dir='ltr'>nautis</span> <span class='ocrx_word' id='word_1_205' title='bbox 1838 1552 1910 1578; x_wconf 92' lang='lat' dir='ltr'>no-</span> 
     </span>
     <span class='ocr_line' id='line_1_22' title="bbox 260 1608 1911 1663; baseline -0.002 -13"><span class='ocrx_word' id='word_1_206' title='bbox 260 1624 345 1650; x_wconf 88' lang='lat' dir='ltr'>vum</span> <span class='ocrx_word' id='word_1_207' title='bbox 376 1623 474 1650; x_wconf 87' lang='lat' dir='ltr'>mare</span> <span class='ocrx_word' id='word_1_208' title='bbox 505 1610 688 1659; x_wconf 86' lang='lat' dir='ltr'>debeant,</span> <span class='ocrx_word' id='word_1_209' title='bbox 729 1610 901 1663; x_wconf 91' lang='lat' dir='ltr'>quoniam</span> <span class='ocrx_word' id='word_1_210' title='bbox 942 1609 1035 1648; x_wconf 86' lang='lat' dir='ltr'>haee</span> <span class='ocrx_word' id='word_1_211' title='bbox 1073 1610 1238 1660; x_wconf 87' lang='lat' dir='ltr'>inprimis</span> <span class='ocrx_word' id='word_1_212' title='bbox 1268 1612 1402 1656; x_wconf 82' lang='lat' dir='ltr'>atrox,</span> <span class='ocrx_word' id='word_1_213' title='bbox 1443 1612 1482 1648; x_wconf 90' lang='lat' dir='ltr'>et</span> <span class='ocrx_word' id='word_1_214' title='bbox 1512 1610 1612 1648; x_wconf 83' lang='lat' dir='ltr'>facta</span> <span class='ocrx_word' id='word_1_215' title='bbox 1641 1608 1688 1647; x_wconf 90' lang='lat' dir='ltr'>ad</span> <span class='ocrx_word' id='word_1_216' title='bbox 1720 1608 1911 1648; x_wconf 89' lang='lat' dir='ltr'>incutien-</span> 
     </span>
     <span class='ocr_line' id='line_1_23' title="bbox 260 1677 1910 1731; baseline -0.002 -12"><span class='ocrx_word' id='word_1_217' title='bbox 260 1681 342 1719; x_wconf 87' lang='lat' dir='ltr'>dum</span> <span class='ocrx_word' id='word_1_218' title='bbox 374 1682 554 1719; x_wconf 88' lang='lat' dir='ltr'>terrorem</span> <span class='ocrx_word' id='word_1_219' title='bbox 583 1680 707 1730; x_wconf 86' lang='lat' dir='ltr'>imago</span> <span class='ocrx_word' id='word_1_220' title='bbox 741 1682 814 1718; x_wconf 89' lang='lat' dir='ltr'>est.</span> <span class='ocrx_word' id='word_1_221' title='bbox 875 1679 1005 1731; x_wconf 75' lang='lat' dir='ltr'>Niqro</span> <span class='ocrx_word' id='word_1_222' title='bbox 1045 1678 1271 1729; x_wconf 82' lang='lat' dir='ltr'>displicebat</span> <span class='ocrx_word' id='word_1_223' title='bbox 1302 1678 1483 1725; x_wconf 86' lang='lat' dir='ltr'>Heinsio,</span> <span class='ocrx_word' id='word_1_224' title='bbox 1527 1677 1611 1730; x_wconf 84' lang='lat' dir='ltr'>qui:</span> <span class='ocrx_word' id='word_1_225' title='bbox 1659 1677 1808 1729; x_wconf 71' lang='lat' dir='ltr'>Piyro,</span> <span class='ocrx_word' id='word_1_226' title='bbox 1848 1677 1910 1716; x_wconf 84' lang='lat' dir='ltr'>in-</span> 
     </span>
     <span class='ocr_line' id='line_1_24' title="bbox 259 1746 1909 1801; baseline -0.001 -14"><span class='ocrx_word' id='word_1_227' title='bbox 259 1749 362 1801; x_wconf 90' lang='lat' dir='ltr'>quit,</span> <span class='ocrx_word' id='word_1_228' title='bbox 393 1750 539 1799; x_wconf 90' lang='lat' dir='ltr'>opinor.</span> <span class='ocrx_word' id='word_1_229' title='bbox 572 1747 608 1786; x_wconf 90' lang='lat' dir='ltr'>id</span> <span class='ocrx_word' id='word_1_230' title='bbox 639 1750 699 1786; x_wconf 90' lang='lat' dir='ltr'>est</span> <span class='ocrx_word' id='word_1_231' title='bbox 729 1747 897 1796; x_wconf 83' lang='lat' dir='ltr'>glaciato</span> <span class='ocrx_word' id='word_1_232' title='bbox 930 1747 990 1786; x_wconf 92' lang='lat' dir='ltr'>vel</span> <span class='ocrx_word' id='word_1_233' title='bbox 1024 1748 1182 1787; x_wconf 85' lang='lat' dir='ltr'>inmoto:</span> <span class='ocrx_word' id='word_1_234' title='bbox 1217 1747 1263 1786; x_wconf 89' lang='lat' dir='ltr'>de</span> <span class='ocrx_word' id='word_1_235' title='bbox 1295 1748 1382 1785; x_wconf 90' lang='lat' dir='ltr'>mari</span> <span class='ocrx_word' id='word_1_236' title='bbox 1415 1747 1509 1785; x_wconf 90' lang='lat' dir='ltr'>enim</span> <span class='ocrx_word' id='word_1_237' title='bbox 1539 1747 1694 1785; x_wconf 83' lang='lat' dir='ltr'>Oceano</span> <span class='ocrx_word' id='word_1_238' title='bbox 1719 1747 1806 1785; x_wconf 90' lang='lat' dir='ltr'>sive</span> <span class='ocrx_word' id='word_1_239' title='bbox 1832 1746 1909 1786; x_wconf 88' lang='lat' dir='ltr'>At-</span> 
     </span>
     <span class='ocr_line' id='line_1_25' title="bbox 258 1814 1910 1868; baseline -0.001 -12"><span class='ocrx_word' id='word_1_240' title='bbox 258 1818 398 1857; x_wconf 88' lang='lat' dir='ltr'>lantico</span> <span class='ocrx_word' id='word_1_241' title='bbox 429 1817 465 1855; x_wconf 93' lang='lat' dir='ltr'>id</span> <span class='ocrx_word' id='word_1_242' title='bbox 498 1819 655 1856; x_wconf 89' lang='lat' dir='ltr'>veteres</span> <span class='ocrx_word' id='word_1_243' title='bbox 687 1816 911 1855; x_wconf 87' lang='lat' dir='ltr'>credidisse.</span> <span class='ocrx_word' id='word_1_244' title='bbox 954 1817 1083 1868; x_wconf 85' lang='lat' dir='ltr'>Atque</span> <span class='ocrx_word' id='word_1_245' title='bbox 1114 1829 1192 1855; x_wconf 80' lang='lat' dir='ltr'>eam</span> <span class='ocrx_word' id='word_1_246' title='bbox 1225 1817 1259 1854; x_wconf 93' lang='lat' dir='ltr'>in</span> <span class='ocrx_word' id='word_1_247' title='bbox 1291 1828 1366 1854; x_wconf 89' lang='lat' dir='ltr'>rem</span> <span class='ocrx_word' id='word_1_248' title='bbox 1393 1815 1529 1854; x_wconf 91' lang='lat' dir='ltr'>multos</span> <span class='ocrx_word' id='word_1_249' title='bbox 1557 1819 1734 1854; x_wconf 82' lang='lat' dir='ltr'>auctores</span> <span class='ocrx_word' id='word_1_250' title='bbox 1761 1814 1910 1865; x_wconf 87' lang='lat' dir='ltr'>laudat,</span> 
     </span>
     <span class='ocr_line' id='line_1_26' title="bbox 259 1884 1909 1938; baseline -0.002 -13"><span class='ocrx_word' id='word_1_251' title='bbox 259 1889 298 1926; x_wconf 91' lang='lat' dir='ltr'>nt</span> <span class='ocrx_word' id='word_1_252' title='bbox 329 1885 513 1925; x_wconf 88' lang='lat' dir='ltr'>Senecam</span> <span class='ocrx_word' id='word_1_253' title='bbox 545 1885 661 1925; x_wconf 83' lang='lat' dir='ltr'>Rliet.</span> <span class='ocrx_word' id='word_1_254' title='bbox 696 1885 882 1924; x_wconf 86' lang='lat' dir='ltr'>Suasoria</span> <span class='ocrx_word' id='word_1_255' title='bbox 912 1885 942 1925; x_wconf 87' lang='lat'>1.</span> <span class='ocrx_word' id='word_1_256' title='bbox 999 1887 1093 1926; x_wconf 76' lang='lat' dir='ltr'>Stat</span> <span class='ocrx_word' id='word_1_257' title='bbox 1124 1889 1314 1925; x_wconf 83' lang='lat' dir='ltr'>immotum</span> <span class='ocrx_word' id='word_1_258' title='bbox 1343 1898 1466 1934; x_wconf 82' lang='lat' dir='ltr'>mare,</span> <span class='ocrx_word' id='word_1_259' title='bbox 1498 1892 1537 1923; x_wconf 84' lang='lat' dir='ltr'>ec</span> <span class='ocrx_word' id='word_1_260' title='bbox 1568 1888 1690 1938; x_wconf 77' lang='lat' dir='ltr'>quasi</span> <span class='ocrx_word' id='word_1_261' title='bbox 1719 1884 1909 1936; x_wconf 78' lang='lat' dir='ltr'>deficien-</span> 
     </span>
     <span class='ocr_line' id='line_1_27' title="bbox 257 1953 1909 2008; baseline -0.002 -14"><span class='ocrx_word' id='word_1_262' title='bbox 257 1962 321 1996; x_wconf 78' lang='lat' dir='ltr'>tes</span> <span class='ocrx_word' id='word_1_263' title='bbox 353 1957 393 1993; x_wconf 80' lang='lat' dir='ltr'>in</span> <span class='ocrx_word' id='word_1_264' title='bbox 423 1968 496 1995; x_wconf 77' lang='lat' dir='ltr'>suo</span> <span class='ocrx_word' id='word_1_265' title='bbox 526 1955 604 2007; x_wconf 81' lang='lat' dir='ltr'>fine</span> <span class='ocrx_word' id='word_1_266' title='bbox 634 1961 781 1994; x_wconf 79' lang='lat' dir='ltr'>natura</span> <span class='ocrx_word' id='word_1_267' title='bbox 810 1956 933 2008; x_wconf 74' lang='lat' dir='ltr'>piqra</span> <span class='ocrx_word' id='word_1_268' title='bbox 963 1955 1108 2004; x_wconf 79' lang='lat' dir='ltr'>moles,</span> <span class='ocrx_word' id='word_1_269' title='bbox 1141 1968 1271 1994; x_wconf 82' lang='lat' dir='ltr'>novae</span> <span class='ocrx_word' id='word_1_270' title='bbox 1301 1968 1352 1993; x_wconf 82' lang='lat' dir='ltr'>ae</span> <span class='ocrx_word' id='word_1_271' title='bbox 1382 1953 1585 1994; x_wconf 82' lang='lat' dir='ltr'>terribiles</span> <span class='ocrx_word' id='word_1_272' title='bbox 1615 1953 1793 2005; x_wconf 72' lang='lat' dir='ltr'>fiyurae,</span> <span class='ocrx_word' id='word_1_273' title='bbox 1824 1965 1909 1992; x_wconf 85' lang='lat' dir='ltr'>ma-</span> 
     </span>
     <span class='ocr_line' id='line_1_28' title="bbox 257 2023 1906 2078; baseline -0.001 -16"><span class='ocrx_word' id='word_1_274' title='bbox 257 2038 338 2076; x_wconf 69' lang='lat' dir='ltr'>qna</span> <span class='ocrx_word' id='word_1_275' title='bbox 369 2026 488 2064; x_wconf 78' lang='lat' dir='ltr'>etium</span> <span class='ocrx_word' id='word_1_276' title='bbox 520 2024 681 2063; x_wconf 80' lang='lat' dir='ltr'>Oceano</span> <span class='ocrx_word' id='word_1_277' title='bbox 710 2030 920 2077; x_wconf 81' lang='lat' dir='ltr'>portenta,</span> <span class='ocrx_word' id='word_1_278' title='bbox 955 2037 1057 2078; x_wconf 77' lang='lat' dir='ltr'>quae</span> <span class='ocrx_word' id='word_1_279' title='bbox 1085 2023 1292 2077; x_wconf 80' lang='lat' dir='ltr'>profunda</span> <span class='ocrx_word' id='word_1_280' title='bbox 1329 2025 1414 2062; x_wconf 80' lang='lat' dir='ltr'>ista</span> <span class='ocrx_word' id='word_1_281' title='bbox 1443 2025 1624 2062; x_wconf 77' lang='lat' dir='ltr'>vastitas</span> <span class='ocrx_word' id='word_1_282' title='bbox 1656 2025 1801 2071; x_wconf 77' lang='lat' dir='ltr'>nutrit,</span> <span class='ocrx_word' id='word_1_283' title='bbox 1832 2024 1906 2061; x_wconf 86' lang='lat' dir='ltr'>etc.</span> 
     </span>
     <span class='ocr_line' id='line_1_29' title="bbox 260 2090 1908 2143; baseline -0.002 -11"><span class='ocrx_word' id='word_1_284' title='bbox 260 2093 447 2132; x_wconf 89' lang='lat' dir='ltr'>Pedonem</span> <span class='ocrx_word' id='word_1_285' title='bbox 479 2092 781 2137; x_wconf 84' lang='lat' dir='ltr'>Albinovanum,</span> <span class='ocrx_word' id='word_1_286' title='bbox 825 2092 922 2143; x_wconf 88' lang='lat' dir='ltr'>apud</span> <span class='ocrx_word' id='word_1_287' title='bbox 961 2092 1124 2131; x_wconf 87' lang='lat' dir='ltr'>eumdem</span> <span class='ocrx_word' id='word_1_288' title='bbox 1166 2092 1373 2139; x_wconf 87' lang='lat' dir='ltr'>Senecam,</span> <span class='ocrx_word' id='word_1_289' title='bbox 1415 2091 1462 2130; x_wconf 88' lang='lat' dir='ltr'>de</span> <span class='ocrx_word' id='word_1_290' title='bbox 1502 2091 1748 2139; x_wconf 81' lang='lat' dir='ltr'>navigatione</span> <span class='ocrx_word' id='word_1_291' title='bbox 1793 2090 1908 2129; x_wconf 88' lang='lat' dir='ltr'>Drusi</span> 
     </span>
     <span class='ocr_line' id='line_1_30' title="bbox 259 2160 1909 2217; baseline -0.002 -16"><span class='ocrx_word' id='word_1_292' title='bbox 259 2161 492 2201; x_wconf 88' lang='lat' dir='ltr'>Germanici:</span> <span class='ocrx_word' id='word_1_293' title='bbox 536 2162 656 2201; x_wconf 77' lang='lat' dir='ltr'>qune</span> <span class='ocrx_word' id='word_1_294' title='bbox 687 2162 795 2200; x_wconf 78' lang='lat' dir='ltr'>illum</span> <span class='ocrx_word' id='word_1_295' title='bbox 823 2163 956 2214; x_wconf 73' lang='lat' dir='ltr'>piyrz&#39;s</span> <span class='ocrx_word' id='word_1_296' title='bbox 989 2164 1171 2200; x_wconf 73' lang='lat' dir='ltr'>immania</span> <span class='ocrx_word' id='word_1_297' title='bbox 1210 2168 1388 2199; x_wconf 78' lang='lat' dir='ltr'>monstra</span> <span class='ocrx_word' id='word_1_298' title='bbox 1432 2160 1504 2199; x_wconf 83' lang='lat' dir='ltr'>sub</span> <span class='ocrx_word' id='word_1_299' title='bbox 1537 2160 1655 2199; x_wconf 80' lang='lat' dir='ltr'>undis</span> <span class='ocrx_word' id='word_1_300' title='bbox 1689 2160 1768 2217; x_wconf 73' lang='lat' dir='ltr'>Qui</span> <span class='ocrx_word' id='word_1_301' title='bbox 1795 2160 1909 2212; x_wconf 76' lang='lat' dir='ltr'>ferat</span> 
     </span>
     <span class='ocr_line' id='line_1_31' title="bbox 262 2228 1906 2284; baseline -0.001 -15"><span class='ocrx_word' id='word_1_302' title='bbox 262 2230 485 2279; x_wconf 75' lang='lat' dir='ltr'>Oceanum,</span> <span class='ocrx_word' id='word_1_303' title='bbox 518 2233 585 2284; x_wconf 78' lang='lat' dir='ltr'>qui</span> <span class='ocrx_word' id='word_1_304' title='bbox 616 2243 769 2269; x_wconf 77' lang='lat' dir='ltr'>saevas</span> <span class='ocrx_word' id='word_1_305' title='bbox 802 2231 977 2284; x_wconf 78' lang='lat' dir='ltr'>undique</span> <span class='ocrx_word' id='word_1_306' title='bbox 1004 2231 1187 2282; x_wconf 78' lang='lat' dir='ltr'>pristes,</span> <span class='ocrx_word' id='word_1_307' title='bbox 1218 2231 1528 2283; x_wconf 74' lang='lat' dir='ltr'>Aequoreosque</span> <span class='ocrx_word' id='word_1_308' title='bbox 1560 2241 1683 2268; x_wconf 80' lang='lat' dir='ltr'>canes</span> <span class='ocrx_word' id='word_1_309' title='bbox 1710 2231 1784 2268; x_wconf 82' lang='lat' dir='ltr'>etc.</span> <span class='ocrx_word' id='word_1_310' title='bbox 1825 2228 1906 2268; x_wconf 86' lang='lat' dir='ltr'>lta-</span> 
     </span>
     <span class='ocr_line' id='line_1_32' title="bbox 261 2297 1907 2352; baseline 0 -15"><span class='ocrx_word' id='word_1_311' title='bbox 261 2311 334 2352; x_wconf 88' lang='lat' dir='ltr'>que</span> <span class='ocrx_word' id='word_1_312' title='bbox 365 2299 571 2347; x_wconf 78' lang='lat' dir='ltr'>Heinsius,</span> <span class='ocrx_word' id='word_1_313' title='bbox 614 2300 646 2337; x_wconf 93' lang='lat' dir='ltr'>si</span> <span class='ocrx_word' id='word_1_314' title='bbox 679 2302 784 2338; x_wconf 90' lang='lat' dir='ltr'>recte</span> <span class='ocrx_word' id='word_1_315' title='bbox 826 2299 934 2349; x_wconf 89' lang='lat' dir='ltr'>capio</span> <span class='ocrx_word' id='word_1_316' title='bbox 973 2302 1129 2337; x_wconf 88' lang='lat' dir='ltr'>mentem</span> <span class='ocrx_word' id='word_1_317' title='bbox 1170 2298 1273 2346; x_wconf 82' lang='lat' dir='ltr'>eins,</span> <span class='ocrx_word' id='word_1_318' title='bbox 1315 2297 1362 2336; x_wconf 91' lang='lat' dir='ltr'>de</span> <span class='ocrx_word' id='word_1_319' title='bbox 1395 2310 1507 2336; x_wconf 90' lang='lat' dir='ltr'>versu</span> <span class='ocrx_word' id='word_1_320' title='bbox 1541 2302 1606 2337; x_wconf 76' lang='lat'>58.</span> <span class='ocrx_word' id='word_1_321' title='bbox 1668 2298 1785 2337; x_wconf 83' lang='lat' dir='ltr'>Haec</span> <span class='ocrx_word' id='word_1_322' title='bbox 1813 2300 1907 2347; x_wconf 82' lang='lat' dir='ltr'>agat</span> 
     </span>
     <span class='ocr_line' id='line_1_33' title="bbox 260 2366 1907 2421; baseline -0.002 -13"><span class='ocrx_word' id='word_1_323' title='bbox 260 2369 410 2421; x_wconf 80' lang='lat' dir='ltr'>infesto</span> <span class='ocrx_word' id='word_1_324' title='bbox 438 2369 653 2420; x_wconf 76' lang='lat' dir='ltr'>Neptunus</span> <span class='ocrx_word' id='word_1_325' title='bbox 685 2381 719 2407; x_wconf 85' lang='lat' dir='ltr'>c.</span> <span class='ocrx_word' id='word_1_326' title='bbox 741 2375 790 2407; x_wconf 82' lang='lat' dir='ltr'>tr.</span> <span class='ocrx_word' id='word_1_327' title='bbox 823 2367 957 2406; x_wconf 89' lang='lat' dir='ltr'>beluas</span> <span class='ocrx_word' id='word_1_328' title='bbox 979 2366 1194 2417; x_wconf 91' lang='lat' dir='ltr'>Neptunum</span> <span class='ocrx_word' id='word_1_329' title='bbox 1225 2377 1424 2405; x_wconf 87' lang='lat' dir='ltr'>arcessere</span> <span class='ocrx_word' id='word_1_330' title='bbox 1456 2366 1662 2420; x_wconf 79' lang='lat' dir='ltr'>longinquo</span> <span class='ocrx_word' id='word_1_331' title='bbox 1693 2367 1829 2406; x_wconf 88' lang='lat' dir='ltr'>itinere</span> <span class='ocrx_word' id='word_1_332' title='bbox 1855 2379 1907 2405; x_wconf 83' lang='lat' dir='ltr'>ex</span> 
     </span>
     <span class='ocr_line' id='line_1_34' title="bbox 260 2433 1905 2487; baseline -0.002 -12"><span class='ocrx_word' id='word_1_333' title='bbox 260 2437 348 2475; x_wconf 89' lang='lat' dir='ltr'>mari</span> <span class='ocrx_word' id='word_1_334' title='bbox 382 2436 600 2486; x_wconf 86' lang='lat' dir='ltr'>Atlantico,</span> <span class='ocrx_word' id='word_1_335' title='bbox 632 2437 720 2475; x_wconf 89' lang='lat' dir='ltr'>sive</span> <span class='ocrx_word' id='word_1_336' title='bbox 751 2449 802 2475; x_wconf 78' lang='lat' dir='ltr'>ex</span> <span class='ocrx_word' id='word_1_337' title='bbox 834 2435 1000 2476; x_wconf 86' lang='lat' dir='ltr'>Oceano.</span> <span class='ocrx_word' id='word_1_338' title='bbox 1060 2433 1146 2473; x_wconf 89' lang='lat' dir='ltr'>Non</span> <span class='ocrx_word' id='word_1_339' title='bbox 1178 2435 1273 2473; x_wconf 86' lang='lat' dir='ltr'>satis</span> <span class='ocrx_word' id='word_1_340' title='bbox 1304 2435 1578 2486; x_wconf 81' lang='lat' dir='ltr'>probabiliter3</span> <span class='ocrx_word' id='word_1_341' title='bbox 1620 2439 1658 2475; x_wconf 87' lang='lat' dir='ltr'>et</span> <span class='ocrx_word' id='word_1_342' title='bbox 1688 2441 1788 2487; x_wconf 75' lang='lat' dir='ltr'>aqut</span> <span class='ocrx_word' id='word_1_343' title='bbox 1816 2447 1905 2473; x_wconf 83' lang='lat' dir='ltr'>mox</span> 
     </span>
     <span class='ocr_line' id='line_1_35' title="bbox 260 2503 1904 2556; baseline -0.001 -12"><span class='ocrx_word' id='word_1_344' title='bbox 260 2505 516 2556; x_wconf 86' lang='lat' dir='ltr'>explicabitur</span> <span class='ocrx_word' id='word_1_345' title='bbox 555 2516 577 2543; x_wconf 86' lang='lat' dir='ltr'>a</span> <span class='ocrx_word' id='word_1_346' title='bbox 616 2505 739 2543; x_wconf 88' lang='lat' dir='ltr'>nobis.</span> <span class='ocrx_word' id='word_1_347' title='bbox 810 2503 961 2555; x_wconf 87' lang='lat' dir='ltr'>Optime</span> <span class='ocrx_word' id='word_1_348' title='bbox 999 2503 1151 2556; x_wconf 71' lang='lat' dir='ltr'>Niqro,</span> <span class='ocrx_word' id='word_1_349' title='bbox 1192 2503 1299 2541; x_wconf 92' lang='lat' dir='ltr'>modo</span> <span class='ocrx_word' id='word_1_350' title='bbox 1340 2507 1444 2543; x_wconf 88' lang='lat' dir='ltr'>recte</span> <span class='ocrx_word' id='word_1_351' title='bbox 1483 2505 1702 2556; x_wconf 87' lang='lat' dir='ltr'>accipiatur.</span> <span class='ocrx_word' id='word_1_352' title='bbox 1771 2503 1904 2555; x_wconf 74' lang='lat' dir='ltr'>Niyro</span> 
     </span>
     <span class='ocr_line' id='line_1_36' title="bbox 259 2573 1905 2623; baseline -0.001 -10"><span class='ocrx_word' id='word_1_353' title='bbox 259 2576 380 2623; x_wconf 77' lang='lat' dir='ltr'>mari,</span> <span class='ocrx_word' id='word_1_354' title='bbox 413 2576 451 2613; x_wconf 87' lang='lat' dir='ltr'>nt</span> <span class='ocrx_word' id='word_1_355' title='bbox 481 2573 578 2613; x_wconf 87' lang='lat' dir='ltr'>bene</span> <span class='ocrx_word' id='word_1_356' title='bbox 608 2573 794 2612; x_wconf 84' lang='lat' dir='ltr'>Domitius</span> <span class='ocrx_word' id='word_1_357' title='bbox 826 2578 863 2612; x_wconf 90' lang='lat' dir='ltr'>et</span> <span class='ocrx_word' id='word_1_358' title='bbox 894 2573 1057 2622; x_wconf 89' lang='lat' dir='ltr'>Badius,</span> <span class='ocrx_word' id='word_1_359' title='bbox 1099 2576 1159 2611; x_wconf 89' lang='lat' dir='ltr'>est</span> <span class='ocrx_word' id='word_1_360' title='bbox 1189 2579 1377 2620; x_wconf 81' lang='lat' dir='ltr'>tumente,</span> <span class='ocrx_word' id='word_1_361' title='bbox 1417 2573 1576 2613; x_wconf 78' lang='lat' dir='ltr'>turbato</span> <span class='ocrx_word' id='word_1_362' title='bbox 1606 2575 1728 2622; x_wconf 82' lang='lat' dir='ltr'>mari,</span> <span class='ocrx_word' id='word_1_363' title='bbox 1761 2584 1833 2611; x_wconf 91' lang='lat' dir='ltr'>non</span> <span class='ocrx_word' id='word_1_364' title='bbox 1865 2576 1905 2613; x_wconf 80' lang='lat' dir='ltr'>in</span> 
     </span>
     <span class='ocr_line' id='line_1_37' title="bbox 258 2641 1903 2695; baseline -0.002 -11"><span class='ocrx_word' id='word_1_365' title='bbox 258 2645 361 2684; x_wconf 82' lang='lat' dir='ltr'>mari</span> <span class='ocrx_word' id='word_1_366' title='bbox 390 2647 516 2694; x_wconf 65' lang='lat' dir='ltr'>myro.</span> <span class='ocrx_word' id='word_1_367' title='bbox 564 2642 695 2681; x_wconf 89' lang='lat' dir='ltr'>Paullo</span> <span class='ocrx_word' id='word_1_368' title='bbox 727 2646 815 2693; x_wconf 90' lang='lat' dir='ltr'>post</span> <span class='ocrx_word' id='word_1_369' title='bbox 844 2643 967 2691; x_wconf 77' lang='lat' dir='ltr'>magis</span> <span class='ocrx_word' id='word_1_370' title='bbox 997 2641 1222 2692; x_wconf 84' lang='lat' dir='ltr'>perspicue:</span> <span class='ocrx_word' id='word_1_371' title='bbox 1254 2642 1406 2693; x_wconf 76' lang='lat' dir='ltr'>furenti</span> <span class='ocrx_word' id='word_1_372' title='bbox 1433 2650 1567 2695; x_wconf 78' lang='lat' dir='ltr'>ponto.</span> <span class='ocrx_word' id='word_1_373' title='bbox 1623 2641 1764 2680; x_wconf 86' lang='lat' dir='ltr'>Beluae</span> <span class='ocrx_word' id='word_1_374' title='bbox 1796 2654 1903 2693; x_wconf 89' lang='lat' dir='ltr'>quum</span> 
     </span>
     <span class='ocr_line' id='line_1_38' title="bbox 261 2710 1903 2763; baseline -0.001 -12"><span class='ocrx_word' id='word_1_375' title='bbox 261 2712 496 2763; x_wconf 86' lang='lat' dir='ltr'>superficiem</span> <span class='ocrx_word' id='word_1_376' title='bbox 526 2713 636 2750; x_wconf 90' lang='lat' dir='ltr'>maris</span> <span class='ocrx_word' id='word_1_377' title='bbox 669 2716 817 2762; x_wconf 87' lang='lat' dir='ltr'>petunt,</span> <span class='ocrx_word' id='word_1_378' title='bbox 851 2711 886 2749; x_wconf 89' lang='lat' dir='ltr'>id</span> <span class='ocrx_word' id='word_1_379' title='bbox 918 2711 1139 2749; x_wconf 88' lang='lat' dir='ltr'>imminentis</span> <span class='ocrx_word' id='word_1_380' title='bbox 1170 2711 1407 2760; x_wconf 87' lang='lat' dir='ltr'>tempestatis</span> <span class='ocrx_word' id='word_1_381' title='bbox 1438 2711 1588 2760; x_wconf 81' lang='lat' dir='ltr'>signum</span> <span class='ocrx_word' id='word_1_382' title='bbox 1612 2722 1713 2760; x_wconf 89' lang='lat' dir='ltr'>esse,</span> <span class='ocrx_word' id='word_1_383' title='bbox 1744 2710 1790 2748; x_wconf 88' lang='lat' dir='ltr'>ad</span> <span class='ocrx_word' id='word_1_384' title='bbox 1819 2711 1903 2749; x_wconf 91' lang='lat' dir='ltr'>Ho-</span> 
     </span>
     <span class='ocr_line' id='line_1_39' title="bbox 260 2778 1904 2832; baseline -0.001 -12"><span class='ocrx_word' id='word_1_385' title='bbox 260 2784 331 2820; x_wconf 87' lang='lat' dir='ltr'>rat.</span> <span class='ocrx_word' id='word_1_386' title='bbox 364 2779 487 2820; x_wconf 87' lang='lat' dir='ltr'>Carm.</span> <span class='ocrx_word' id='word_1_387' title='bbox 518 2780 550 2819; x_wconf 91' lang='grc' dir='ltr'>Ι.</span> <span class='ocrx_word' id='word_1_388' title='bbox 584 2796 641 2829; x_wconf 84' lang='lat'>111,</span> <span class='ocrx_word' id='word_1_389' title='bbox 678 2784 740 2819; x_wconf 80' lang='grc'>18.</span> <span class='ocrx_word' id='word_1_390' title='bbox 772 2778 1101 2819; x_wconf 82' lang='lat' dir='ltr'>Mitsclierlicliins</span> <span class='ocrx_word' id='word_1_391' title='bbox 1133 2779 1317 2818; x_wconf 89' lang='lat' dir='ltr'>observat</span> <span class='ocrx_word' id='word_1_392' title='bbox 1347 2791 1397 2819; x_wconf 83' lang='lat' dir='ltr'>ex</span> <span class='ocrx_word' id='word_1_393' title='bbox 1428 2780 1629 2819; x_wconf 86' lang='lat' dir='ltr'>itinerariis</span> <span class='ocrx_word' id='word_1_394' title='bbox 1661 2780 1789 2818; x_wconf 89' lang='lat' dir='ltr'>nescio</span> <span class='ocrx_word' id='word_1_395' title='bbox 1821 2781 1904 2832; x_wconf 89' lang='lat' dir='ltr'>qui-</span> 
     </span>
     <span class='ocr_line' id='line_1_40' title="bbox 262 2847 1902 2900; baseline -0.001 -12"><span class='ocrx_word' id='word_1_396' title='bbox 262 2850 345 2889; x_wconf 90' lang='lat' dir='ltr'>bus.</span> <span class='ocrx_word' id='word_1_397' title='bbox 408 2850 525 2890; x_wconf 90' lang='lat' dir='ltr'>Certe</span> <span class='ocrx_word' id='word_1_398' title='bbox 556 2854 724 2889; x_wconf 89' lang='lat' dir='ltr'>veterum</span> <span class='ocrx_word' id='word_1_399' title='bbox 765 2849 861 2888; x_wconf 81' lang='lat' dir='ltr'>lianc</span> <span class='ocrx_word' id='word_1_400' title='bbox 900 2849 1021 2887; x_wconf 82' lang='lat' dir='ltr'>fuisse</span> <span class='ocrx_word' id='word_1_401' title='bbox 1060 2849 1268 2899; x_wconf 84' lang='lat' dir='ltr'>opinionem</span> <span class='ocrx_word' id='word_1_402' title='bbox 1310 2850 1416 2898; x_wconf 83' lang='lat' dir='ltr'>scio,</span> <span class='ocrx_word' id='word_1_403' title='bbox 1455 2847 1609 2896; x_wconf 88' lang='lat' dir='ltr'>beluas,</span> <span class='ocrx_word' id='word_1_404' title='bbox 1651 2850 1756 2897; x_wconf 86' lang='lat' dir='ltr'>cete,</span> <span class='ocrx_word' id='word_1_405' title='bbox 1794 2861 1902 2900; x_wconf 89' lang='lat' dir='ltr'>quum</span> 
     </span>
     <span class='ocr_line' id='line_1_41' title="bbox 262 2914 1900 2971; baseline -0.001 -16"><span class='ocrx_word' id='word_1_406' title='bbox 262 2917 475 2971; x_wconf 82' lang='lat' dir='ltr'>plerumque</span> <span class='ocrx_word' id='word_1_407' title='bbox 506 2918 645 2958; x_wconf 90' lang='lat' dir='ltr'>cubent</span> <span class='ocrx_word' id='word_1_408' title='bbox 675 2919 711 2957; x_wconf 90' lang='lat' dir='ltr'>in</span> <span class='ocrx_word' id='word_1_409' title='bbox 742 2917 853 2956; x_wconf 84' lang='lat' dir='ltr'>fundo</span> <span class='ocrx_word' id='word_1_410' title='bbox 884 2917 1015 2967; x_wconf 89' lang='lat' dir='ltr'>maris,</span> <span class='ocrx_word' id='word_1_411' title='bbox 1048 2917 1144 2969; x_wconf 89' lang='lat' dir='ltr'>quod</span> <span class='ocrx_word' id='word_1_412' title='bbox 1177 2917 1223 2955; x_wconf 89' lang='lat' dir='ltr'>de</span> <span class='ocrx_word' id='word_1_413' title='bbox 1256 2914 1404 2967; x_wconf 77' lang='grc' dir='ltr'><em>κήτεσι</em></span> <span class='ocrx_word' id='word_1_414' title='bbox 1435 2916 1632 2967; x_wconf 87' lang='lat' dir='ltr'>Oppianus</span> <span class='ocrx_word' id='word_1_415' title='bbox 1663 2915 1827 2956; x_wconf 89' lang='lat' dir='ltr'>Halieut.</span> <span class='ocrx_word' id='word_1_416' title='bbox 1849 2915 1900 2954; x_wconf 90' lang='lat' dir='ltr'>V.</span> 
     </span>
     <span class='ocr_line' id='line_1_42' title="bbox 265 2984 1901 3040; baseline -0.001 -16"><span class='ocrx_word' id='word_1_417' title='bbox 265 2985 331 3025; x_wconf 71' lang='lat'>47.</span> <span class='ocrx_word' id='word_1_418' title='bbox 354 2999 412 3039; x_wconf 89' lang='lat' dir='ltr'>sq.</span> <span class='ocrx_word' id='word_1_419' title='bbox 434 2987 578 3028; x_wconf 87' lang='lat' dir='ltr'>diserte</span> <span class='ocrx_word' id='word_1_420' title='bbox 608 2986 742 3039; x_wconf 86' lang='lat' dir='ltr'>tradit,</span> <span class='ocrx_word' id='word_1_421' title='bbox 772 2998 1050 3040; x_wconf 89' lang='lat' dir='ltr'>nonnunquam,</span> <span class='ocrx_word' id='word_1_422' title='bbox 1083 2986 1233 3026; x_wconf 86' lang='lat' dir='ltr'>turbato</span> <span class='ocrx_word' id='word_1_423' title='bbox 1262 2986 1378 3038; x_wconf 89' lang='lat' dir='ltr'>mari,</span> <span class='ocrx_word' id='word_1_424' title='bbox 1405 2997 1550 3025; x_wconf 85' lang='lat' dir='ltr'>sursum</span> <span class='ocrx_word' id='word_1_425' title='bbox 1573 2985 1641 3035; x_wconf 80' lang='lat' dir='ltr'>agi</span> <span class='ocrx_word' id='word_1_426' title='bbox 1667 2996 1746 3025; x_wconf 90' lang='lat' dir='ltr'>cum</span> <span class='ocrx_word' id='word_1_427' title='bbox 1773 2984 1901 3026; x_wconf 85' lang='lat' dir='ltr'>[lucti-</span> 
     </span>
    </p>
   </div>
  </div>
 </body>
</html>
