2006 3365
485 186 540 225 ΙΝ
581 184 799 225 VALERlI
832 183 1069 224 CATONIS
1100 181 1279 224 DlRAS.
1597 185 1695 228 113

59 301 229 352 usurpari
260 313 282 339 a
314 300 497 340 Sallustio
530 299 832 349 intellexissent,
874 301 989 353 quis,
1034 299 1143 338 etiam
1176 298 1221 336 iis
1253 296 1347 336 locis
1388 298 1591 341 intrusere,
1633 296 1695 334 ubi

59 369 289 408 retinendum
322 375 402 408 erat
431 369 588 423 quibus.

169 505 218 544 V.
253 506 318 544 79.
383 514 509 548 UNDE
537 515 719 548 ELAPSA
746 513 874 547 MEOS
899 512 1057 546 AGROS
1082 511 1383 545 PERVENERrr
1411 511 1550 545 UNDA.

143 573 259 613 Unde
287 571 477 626 relapsa]
513 574 677 613 Veteres
703 573 909 612 editiones:
945 570 1058 610 Unde
1076 571 1238 622 elapsa.
1270 569 1398 608 Malim
1425 583 1519 620 ergo
1539 570 1693 620 legere:

343 642 457 682 Unde
487 643 634 696 elapsa
664 654 770 681 meos
802 653 926 691 ayros
955 640 1187 692 pervenerit
1217 639 1352 686 unda,

338 711 511 750 Dicetur
542 712 696 750 nostris
729 712 769 748 z'n
800 708 948 761 finibus
981 708 1141 748 advena
1172 705 1345 747 arator}

339 780 537 828 Advena,
570 779 686 818 civili
718 780 786 832 qui
817 792 971 831 semper
1001 780 1164 816 crimine
1198 775 1356 817 erevil?

54 848 147 888 Nam
181 861 253 887 non
286 848 504 898 Piscetur,
552 851 590 887 ut
627 849 662 886 in
703 847 1002 897 recentioribus,
1043 847 1110 885 sed
1142 847 1341 885 Discelur
1380 845 1520 895 legitur
1554 847 1589 884 in
1622 845 1696 884 illis

53 918 231 970 antiquis.
290 917 418 966 Unde,
451 918 591 969 inquit,
624 929 699 966 ego
733 915 872 954 deduxi
904 915 1060 963 fluvios,
1093 920 1131 955 et
1162 916 1320 964 irrigari
1352 927 1470 963 agros
1502 927 1626 959 meos,
1660 916 1696 953 in

55 985 130 1024 illis
161 986 320 1036 linibus,
364 984 427 1024 vel
460 986 555 1024 intra
588 985 673 1024 illos
706 985 821 1034 fines,
862 996 956 1037 quos
989 996 1065 1034 ego
1098 983 1214 1030 colui,
1256 984 1399 1023 dicetur
1431 995 1520 1022 esse
1550 983 1696 1022 advena

54 1050 252 1094 dominus?
296 1055 424 1095 Simile
456 1058 516 1094 est
547 1054 820 1103 virgilianum:

309 1124 462 1177 Impius
493 1125 593 1163 haec
622 1131 702 1162 tam
732 1122 844 1161 culta
874 1121 1044 1162 novalia
1074 1121 1187 1160 miles
1218 1116 1412 1160 habebis}

309 1193 529 1232 Barbarus
561 1193 638 1231 has
671 1186 862 1242 segetes?
1120 1193 1305 1226 SCAMG.

54 1261 159 1300 Haec
188 1261 321 1299 nemini
352 1261 575 1312 placebunt,
607 1273 652 1299 ac
683 1264 770 1298 suut
801 1271 957 1310 prorsus
988 1258 1123 1297 aliena.
1170 1257 1462 1298 Consistendnnr
1496 1263 1556 1298 est
1587 1260 1621 1296 in
1651 1271 1695 1296 (¹0

57 1330 254 1368 verborum
287 1330 416 1368 ordine
448 1342 646 1381 nexuque,
678 1342 783 1381 quein
814 1341 884 1367 nos
916 1328 1140 1367 instituimus
1173 1332 1261 1378 post
1291 1327 1407 1366 alios:
1443 1334 1480 1367 ut
1503 1340 1524 1366 a
1550 1327 1694 1366 Pisce-

50 1405 118 1436 [τιν
148 1410 246 1436 nova
286 1399 438 1448 incipiat
470 1399 602 1437 oratio.
726 1398 841 1437 Unde
873 1398 895 1435 i.
928 1410 961 1436 e.
995 1409 1015 1436 e
1046 1397 1213 1446 stagnis.
1282 1396 1384 1435 Male
1419 1396 1548 1435 Gloss.
1585 1397 1632 1435 V.
1666 1396 1693 1434 1.

54 1481 80 1505 α
114 1467 257 1521 quibus
288 1467 498 1506 mansibus.

139 1536 308 1587 relapsa
349 1535 533 1574 correctio
576 1534 690 1583 mala,
731 1534 958 1573 auctoritate
997 1533 1119 1582 nulla,
1164 1534 1233 1571 nisi
1275 1533 1411 1584 aliquid
1444 1532 1530 1571 MS.
1565 1534 1625 1585 qui
1658 1535 1693 1573 d.

55 1604 169 1641 Pierii
203 1604 358 1642 tribuas.
419 1603 614 1641 Invenitur
646 1604 679 1641 in
713 1602 877 1651 Virgilio
910 1602 1022 1651 Aldi,
1063 1601 1219 1640 Taurhr.
1258 1605 1377 1641 1518.
1421 1601 1536 1641 nasu.
1575 1606 1694 1641 1543.

53 1673 232 1721 mogunt.
270 1674 387 1711 1549.
430 1672 554 1720 Lugd.
594 1674 710 1710 1556.
743 1672 779 1709 in
810 1671 1094 1721 Scaligerauis,
1133 1671 1230 1721 apud
1264 1671 1479 1721 Pitlioeuni,
1523 1674 1561 1712 ct
1597 1673 1694 1723 apud

53 1742 286 1779 recentiores
318 1753 460 1779 ornnes.
515 1740 554 1778 ld
587 1741 647 1793 qui
679 1741 818 1791 primus
850 1741 1115 1790 excogitavit,
1149 1753 1254 1792 quern
1286 1742 1404 1791 ipsun»
1436 1744 1525 1791 puto
1559 1741 1694 1780 Aldunr

51 1822 163 1859 esse,
198 1822 305 1862 quum
337 1814 453 1848 metro
485 1821 706 1848 succurrere
739 1809 877 1859 vellet,
911 1822 982 1862 quo
1005 1809 1178 1848 laborare
1211 1808 1405 1857 vulgatum
1432 1810 1545 1849 t'nde
1568 1811 1694 1864 lapsa

53 1879 224 1927 videret,
273 1891 342 1917 non
377 1878 493 1916 solum
526 1891 547 1916 a
584 1878 691 1916 libris
723 1879 823 1918 iusto
855 1879 1036 1916 discessit
1066 1878 1244 1927 longius,
1285 1879 1352 1917 sed
1385 1881 1493 1918 etiarn
1525 1892 1546 1917 a
1578 1892 1692 1918 sensu

52 1947 124 1986 loci
155 1948 369 1997 aberravit,
413 1960 570 1995 mernor,
618 1950 799 1998 utputo,
839 1960 965 1998 parum
996 1952 1208 1998 opportune
1248 1960 1394 1992 corum,
1443 1961 1537 2000 quae
1578 1961 1693 1999 supra

53 2015 223 2064 legerat,
259 2016 425 2055 Flectite
455 2024 661 2056 currentes
694 2017 879 2070 lymphas
912 2029 1021 2068 vaya
1050 2017 1214 2068 siurnt'na
1244 2023 1371 2065 retro,
1412 2022 1450 2055 et
1479 2020 1692 2057 remeami—

54 2085 126 2124 bus
161 2084 295 2124 undis.
358 2087 412 2124 At
444 2091 574 2125 nostro
606 2085 690 2125 loeo
723 2099 796 2125 non
834 2086 880 2124 de
913 2085 1171 2124 relabentibus
1210 2086 1317 2137 aquis
1357 2086 1504 2135 agitur,
1544 2088 1613 2124 sed
1645 2087 1692 2126 de

51 2153 291 2192 elabentibus
321 2167 342 2193 e
374 2156 537 2204 stagnis.
690 2155 805 2195 Unde
842 2155 967 2208 lapsa
1005 2155 1123 2193 onmis
1164 2153 1259 2193 liber
1298 2155 1501 2206 antiquitus
1544 2155 1692 2205 editus,

53 2223 137 2261 inde
168 2235 189 2259 a
220 2223 419 2271 Romanis,
451 2228 489 2262 et
519 2225 649 2276 scripti
683 2229 752 2263 tarn
785 2225 1041 2271 recentiores,
1086 2224 1145 2274 qui
1177 2229 1264 2261 sunt
1294 2223 1411 2261 Basil.
1445 2223 1604 2263 Vratisl.
1641 2226 1691 2263 ll.

52 2292 171 2330 Voss.
205 2291 253 2329 ll.
286 2305 389 2343 quam
424 2301 596 2342 veteres,
630 2293 829 2332 Mediceus
861 2296 899 2331 et
928 2292 1037 2331 Leid.
1069 2305 1130 2342 ap.
1164 2293 1430 2343 Burinannum,
1465 2292 1691 2344 Tbuaneus,

51 2361 194 2399 caeteri
228 2361 407 2410 parisini,
449 2362 569 2411 Angl.
601 2363 773 2412 August.
807 2362 869 2408 (in
903 2374 975 2414 quo
1012 2361 1101 2401 Und
1130 2362 1326 2414 elapsa),
1367 2367 1519 2412 praeter
1550 2362 1689 2401 Mona-

53 2441 189 2467 censes
231 2434 269 2467 ct
301 2429 456 2467 Vratisl.
489 2431 518 2469 l.
562 2432 597 2470 in
636 2432 770 2484 quibus
806 2431 921 2470 Unde
957 2431 1129 2483 elapsa,
1172 2430 1268 2482 quod
1307 2434 1444 2481 postea
1483 2429 1691 2470 exhibuere

53 2498 337 2541 Ascensianae„
373 2498 555 2548 Aldinae,
586 2500 756 2548 Iuntina,
790 2500 915 2548 bugd.
943 2501 1060 2538 1529.
1085 2500 1257 2539 Venetae
1285 2501 1402 2537 1544.
1430 2503 1546 2538 1555.
1573 2503 1690 2539 1558.

52 2566 170 2605 Basil.
206 2570 326 2604 1561.
373 2567 555 2606 Heinsius
587 2581 692 2620 quum
725 2571 890 2618 scriptos
922 2567 1018 2618 apud
1051 2580 1092 2606 se
1123 2568 1271 2620 elapsa
1302 2566 1443 2607 habere
1474 2568 1584 2617 dicit,
1618 2581 1690 2607 non

52 2635 302 2686 intelligitur,
343 2637 403 2687 qui
436 2635 472 2673 hi
503 2637 578 2675 sint
607 2638 738 2687 scripti
769 2640 807 2676 et
838 2636 914 2675 falli
948 2636 1096 2675 videtur
1120 2637 1321 2675 Heinsius:
1353 2636 1558 2676 'rhuaneus
1589 2642 1690 2676 certe

53 2717 123 2742 non
156 2709 234 2754 est,
267 2706 301 2743 in
334 2718 405 2757 quo
437 2705 561 2757 lapsa
592 2719 679 2744 esse
710 2707 851 2745 diserte
884 2708 1044 2744 testatur
1076 2706 1263 2751 Vossius3
1296 2706 1342 2744 de
1374 2706 1584 2744 Petaviano
1616 2717 1687 2743 non

53 2776 215 2812 constat.
274 2773 454 2813 Fortasse
485 2775 520 2811 in
551 2774 759 2813 petaviano
790 2779 828 2814 et
857 2774 1038 2813 Tliuaneo
1070 2776 1120 2813 ita
1151 2780 1253 2824 erat,
1298 2778 1336 2814 ut
1365 2775 1401 2813 in
1433 2775 1686 2824 Augustano:

56 2840 147 2880 Uncl
175 2842 335 2894 elapsa.

138 2909 255 2949 Unum
286 2912 414 2963 quaeri
446 2922 563 2961 posse
596 2910 726 2960 video,
758 2912 842 2964 quid
875 2913 925 2950 sit
952 2915 1190 2965 pervenerit.
1252 2912 1291 2951 ld
1327 2912 1465 2950 Badius
1497 2923 1563 2962 per
1595 2923 1687 2949 con-

53 2978 256 3017 iunetivurn
288 2979 475 3030 explicat:
516 2981 630 3017 unde.
662 2980 688 3015 ἰ.
719 2993 741 3017 e
778 2980 920 3034 quibus
953 2983 1136 3032 stuqnis:
1178 2982 1285 3020 unda
1317 2982 1475 3032 elapsa.
1508 2982 1534 3017 ι’.
1567 2980 1687 3031 efflu-

51 3059 148 3085 ens:
191 3052 416 3100 pervenerit
448 3062 571 3100 (tyros
603 3061 721 3087 meos.
753 3050 780 3085 i.
814 3054 947 3088 veniae
974 3063 1048 3101 per
1077 3063 1201 3100 (tyros
1231 3063 1351 3088 meos.
1413 3049 1498 3097 Ego
1530 3050 1688 3088 futurum

122 3124 274 3157 Valerius
294 3125 388 3158 Cato.
1383 3120 1416 3163 8
