2006 3365
566 149 635 189 DE
668 149 820 189 POESI
853 148 1190 190 CATONIANA.
1596 155 1698 199 315

71 266 173 306 estis
194 277 230 302 v.
253 266 319 303 45.
378 263 585 304 mendacia
615 266 719 317 furti
745 278 782 303 v.
810 267 875 303 63.
935 266 1047 304 vitae
1077 278 1115 303 v.
1143 265 1209 304 79.
1269 264 1318 304 Et
1340 263 1502 303 obscura
1532 265 1698 305 fortasse

70 332 296 371 videbuntur
319 331 425 382 aliis,
452 332 539 372 mihi
567 345 638 372 non
659 334 835 372 videntur
852 361 862 381 ,
890 332 1028 371 Multa
1054 335 1169 384 prae'us
1196 333 1279 371 Dir.
1312 346 1350 371 v.
1379 336 1415 371 7.
1436 332 1544 372 Hine
1568 346 1606 371 v.
1631 337 1697 372 22.

154 400 382 450 Elegantiae
413 402 560 451 studio,
604 405 642 441 et
672 415 720 441 ex
751 413 873 440 eorum
907 405 1119 451 poetarum,
1163 402 1297 453 quibus
1328 402 1449 451 magis
1480 414 1586 454 quam
1619 400 1698 442 Ca-

69 469 144 508 toni
175 469 319 507 assueti
351 472 478 516 erant,
511 470 801 518 consuetudine,
845 481 915 507 non
955 480 1070 519 pauca
1103 473 1295 508 mutavere
1327 470 1398 508 viri
1429 469 1555 519 docti,
1603 483 1699 523 quae

66 537 198 576 melius
230 538 284 575 sie
316 538 456 588 scripta
488 537 765 590 relinquuntur,
804 540 842 576 ut
873 538 959 575 sunt
990 537 1026 573 in
1057 535 1164 574 libris
1197 537 1350 587 scripta.
1412 538 1495 576 lluc
1526 540 1698 578 referan-

67 610 127 645 tur
157 607 392 644 coniecturae
424 606 594 655 lleinsii,
626 620 750 658 reynel
781 606 862 644 Dir.
896 619 933 643 v.
966 609 1034 645 33.
1104 605 1352 654 Broukliusii,
1394 613 1585 647 temerare
1615 607 1697 646 Ecl.

65 687 105 712 v.
139 676 205 712 54.
267 673 437 723 Heinsii,
477 676 619 715 invida
655 676 752 727 sala
788 673 870 712 Ecl.
912 687 950 712 v.
985 678 1050 712 61.
1111 674 1363 723 Broukhusii,
1403 675 1528 714 ardor
1557 691 1596 714 v.
1630 679 1697 714 62.

65 743 219 782 velavit
250 755 289 781 v.
324 744 388 781 73.
422 748 460 782 et
491 746 653 783 sortasse
684 742 791 780 aliae.
863 740 1105 794 Plerumque,
1150 745 1187 781 ut
1225 744 1258 781 in
1302 743 1362 781 his
1393 742 1509 792 locis,
1543 744 1697 782 demon-

65 814 187 850 strare
218 810 327 861 licet,
361 811 451 850 nihil
483 812 677 851 emendata
709 810 920 849 criticorum
952 813 1147 861 praestare
1190 811 1380 861 vulgatis,
1422 811 1506 860 vel,
1549 812 1581 850 si
1614 813 1698 864 quis

65 892 215 930 operam
247 880 337 919 dare
368 884 479 933 atque
510 881 698 918 insinuare
743 891 787 917 sc
818 879 853 916 in
884 883 1040 917 mentem
1078 882 1215 931 poetae
1253 879 1378 930 volet,
1417 880 1547 919 melius
1588 893 1696 928 esse,

64 949 220 998 fortius,
260 950 458 1001 aptiusque
487 948 531 987 ad
574 948 817 995 sententiam,
863 947 960 999 quod
1002 948 1086 987 libri
1127 950 1305 1000 scriptum
1344 962 1365 988 a
1403 948 1560 989 Catonis
1592 961 1699 988 manu

63 1019 201 1067 poetae
232 1030 303 1056 non
335 1017 627 1068 properipeilis,
660 1016 725 1054 scd
759 1016 858 1054 lente
885 1021 998 1068 atque
1028 1019 1199 1068 cogitate
1228 1019 1454 1067 scribentis,
1488 1022 1696 1067 testantur,

63 1097 170 1137 quam
200 1090 447 1136 praepostera
478 1085 688 1124 criticorum
721 1085 885 1123 inventa.
947 1085 1016 1125 Sic
1048 1087 1129 1125 Dir.
1152 1099 1189 1126 v,
1210 1088 1274 1125 76.
1305 1088 1508 1140 fumantes
1541 1086 1696 1136 melius,

63 1155 261 1205 magisque
291 1154 546 1206 exquisitum,
578 1166 682 1206 quam
716 1154 836 1192 tritum
869 1152 956 1192 illud
975 1161 1222 1208 spumantes.
1283 1155 1422 1205 Eclog.
1450 1169 1488 1194 v.
1508 1158 1574 1195 58.
1606 1167 1698 1207 pro-

62 1225 149 1273 pter
179 1221 296 1261 libros
328 1222 436 1260 dedi:
470 1222 562 1261 Non
591 1235 678 1261 mea
708 1234 783 1260 non
814 1222 895 1261 ullo
928 1225 999 1261 etc.
1034 1235 1104 1262 non
1137 1227 1293 1275 propter
1324 1224 1550 1274 elegantiam
1581 1236 1698 1275 repe-

63 1291 226 1340 titionis,
257 1291 304 1329 de
335 1304 407 1343 qua
436 1290 538 1329 multi
572 1290 832 1329 Broukhusius
864 1295 901 1330 et
931 1292 1164 1331 Burmannus
1195 1293 1239 1331 ad
1262 1293 1436 1344 Propert.
1469 1292 1520 1332 ll.
1554 1309 1606 1344 11,
1628 1294 1696 1332 37.

64 1359 131 1407 (ΙΙ.
166 1375 230 1408 111,
262 1361 348 1410 27.)
420 1360 490 1399 Est
527 1373 618 1399 sane
659 1360 819 1410 elegans
858 1360 1058 1410 repetitio,
1101 1361 1247 1412 quando
1289 1360 1407 1400 locum
1447 1361 1582 1405 habet,
1625 1360 1699 1401 hoo

62 1430 143 1478 est,
176 1428 237 1467 ubi
271 1440 350 1467 cum
380 1428 493 1468 multa
522 1429 561 1467 vi
593 1428 754 1480 loquitur
784 1429 958 1479 scriptor.
1019 1428 1158 1468 Verum
1184 1429 1256 1468 hoc
1280 1430 1419 1481 ipsum,
1450 1430 1595 1483 quando
1617 1442 1697 1470 cum

62 1497 102 1535 vi
134 1498 298 1547 scriptor
328 1497 520 1550 loquatur,
553 1510 669 1549 saepe
700 1498 876 1536 incertum
909 1501 989 1543 est,
1023 1509 1145 1550 neque
1177 1498 1245 1538 hac
1277 1498 1359 1537 sola
1389 1499 1436 1538 de
1468 1511 1604 1538 caussa
1635 1500 1696 1538 in-

62 1566 151 1604 ferri
183 1567 354 1616 repetitio
386 1566 513 1606 debet.
575 1565 698 1619 Quare
729 1567 763 1604 in
794 1566 968 1617 Propert.
1002 1565 1051 1604 Il.
1085 1581 1234 1616 xxx1v,
1269 1565 1429 1616 (xxv,)
1462 1570 1528 1607 39.
1563 1568 1697 1607 conie-

62 1637 201 1673 cturam
234 1634 424 1684 Scaligeri
456 1636 548 1676 Non
592 1649 668 1674 non
696 1636 995 1687 Amphiaraeae
1023 1635 1096 1674 tibi
1125 1637 1222 1688 sata
1260 1637 1483 1691 quadriyae
1514 1636 1694 1688 repudio,

60 1701 169 1741 laudo
202 1704 308 1742 unice
345 1706 457 1756 atque
487 1704 691 1755 amplector
723 1703 936 1752 elegantem
978 1702 1118 1743 Mureti
1152 1706 1452 1745 restitutionem:
1499 1706 1696 1759 Amphia-

59 1785 183 1811 raeae
217 1773 275 1811 nil
311 1781 482 1826 prosunt
520 1775 616 1826 fata
657 1773 891 1828 quadriqae.
965 1772 1006 1811 In
1048 1771 1206 1812 Catonis
1245 1773 1329 1813 loco
1368 1775 1475 1815 Nam
1504 1789 1590 1814 mea
1621 1789 1697 1815 non

59 1840 140 1879 ullo
187 1840 424 1881 exhibiturus
463 1854 583 1891 eram,
630 1843 662 1881 si
704 1842 812 1881 Num
848 1842 882 1879 in
921 1841 1005 1880 aliis
1045 1841 1154 1881 libris
1193 1845 1342 1893 praeter
1382 1843 1543 1882 Aldinas
1575 1847 1694 1883 esset.

59 1909 142 1948 Ecl.
175 1922 213 1947 v.
248 1911 314 1949 78.
354 1911 499 1949 Heinsii
540 1911 755 1950 coniectura
787 1923 808 1949 ο
840 1923 935 1949 sera
966 1910 1119 1951 libido!
1157 1911 1219 1950 vel
1248 1925 1324 1963 pro
1355 1925 1390 1951 s.
1423 1911 1577 1952 libido!
1615 1914 1695 1951 sor-

60 1980 165 2016 tasse
196 1978 318 2018 multis
351 1978 516 2029 placebit
546 1982 700 2030 propter
739 1978 966 2018 alacritatem
1006 1979 1352 2032 veliementiamque
1385 1980 1695 2032 exclamationis3

61 2059 181 2099 neque
214 2047 284 2086 hoc
315 2060 391 2097 ego
422 2060 604 2098 opponam
645 2048 826 2095 Heinsi0,
875 2047 1066 2086 molestam
1097 2061 1184 2087 esse
1216 2048 1543 2100 exclamationem,
1587 2062 1695 2101 quum

61 2117 129 2154 iam
161 2116 416 2166 praecesserit
447 2116 539 2164 alia,
586 2129 678 2155 sors
711 2129 732 2155 ο
763 2129 850 2155 mea
881 2116 1030 2165 laeva,
1074 2129 1132 2156 vs.
1164 2117 1343 2168 praeced.
1404 2117 1596 2156 Librorum
1627 2131 1694 2157 au·

60 2186 233 2223 ctoritate
263 2184 359 2223 aliud
392 2184 571 2233 exhibui,
613 2185 710 2237 quod
742 2185 860 2223 minus
891 2183 1108 2224 vehemens.
1171 2185 1297 2234 Alibi,
1337 2187 1403 2225 sed
1438 2190 1556 2226 tamen
1590 2199 1694 2237 raro,

60 2253 131 2291 nisi
165 2252 295 2303 fallor,
327 2254 466 2305 pendet
496 2254 691 2303 iudicium,
724 2256 762 2292 ut
792 2266 910 2306 nequo
944 2253 1040 2292 hunc
1062 2254 1258 2303 refellere,
1291 2255 1349 2294 cui
1367 2267 1472 2294 unum
1490 2255 1694 2307 placuerit,

59 2333 179 2374 neque
210 2321 329 2372 illum,
362 2323 418 2361 cui
449 2322 628 2372 alterum,
662 2335 811 2375 queas:
846 2326 884 2361 ut
916 2322 995 2362 Dir.
1032 2326 1124 2362 103.

146 2423 333 2474 Superest
373 2427 411 2463 ut
450 2424 496 2462 de
534 2437 650 2464 versu
691 2426 807 2464 dicam
849 2424 1022 2466 Catonis.
1092 2426 1252 2466 Versum
1285 2425 1379 2467 Cato
1412 2428 1503 2467 facit
1534 2427 1692 2478 bonum,

59 2491 285 2544 simplicem,
328 2496 399 2531 tam
430 2493 476 2531 ab
510 2495 709 2543 ingeniosa
739 2495 901 2534 Lucretii
933 2495 1106 2546 licentia,
1147 2510 1252 2549 quam
1283 2497 1330 2535 ab
1362 2496 1568 2536 artificiosa
1600 2495 1692 2535 Vir-

59 2561 143 2612 gilii
174 2562 380 2610 varietate,
419 2568 456 2601 et
493 2562 539 2601 ab
573 2562 635 2602 illo
681 2569 864 2615 perpetuo
905 2577 1132 2604 numerorum
1174 2566 1319 2605 flumine
1351 2564 1537 2605 Ovidiano
1570 2577 1693 2603 remo-

60 2634 155 2680 tum3
202 2631 383 2670 interdum
423 2632 641 2678 tardiorem,
680 2627 836 2683 partim,
867 2635 937 2672 nisi
970 2633 1098 2682 fallor,
1142 2635 1274 2674 crebro
1314 2636 1561 2686 spondeorum
1600 2647 1691 2683 usu,

58 2701 190 2751 partim
223 2713 290 2750 eo,
337 2700 433 2752 quod
473 2704 559 2740 ante
590 2702 720 2753 pedem
753 2703 913 2754 quintum
946 2716 1062 2754 saepe
1093 2704 1284 2744 antecedit
1315 2703 1538 2743 vocabulum
1569 2704 1691 2742 ionico

58 2781 81 2808 a
112 2769 265 2818 minori,
322 2769 384 2808 vel
431 2769 594 2809 molosso
640 2775 837 2820 constans,
878 2771 937 2810 vel
978 2773 1110 2822 etiam,
1150 2786 1255 2825 quem
1295 2786 1478 2812 numerum
1524 2773 1692 2824 inprimis

59 2839 201 2877 tardum
232 2852 320 2877 esse
352 2838 607 2877 Lachmannus
638 2840 681 2878 ad
715 2841 888 2892 Propert.
921 2841 990 2880 Ill.
1017 2846 1162 2890 v1,43.
1195 2843 1338 2891 sensit,
1367 2842 1541 2881 bacchio.
1603 2840 1690 2880 Sci-

60 2912 146 2956 unt,
186 2908 245 2960 qui
286 2909 357 2959 ipsi
391 2921 526 2946 versus
573 2910 696 2949 secere
734 2909 891 2960 latinos,
933 2910 1028 2950 lianc
1071 2911 1243 2950 facillime
1273 2914 1311 2950 et
1342 2911 1448 2963 quasi
1479 2912 1615 2961 sponte
1647 2922 1691 2949 se

60 2976 195 3015 offerre
236 2976 475 3016 hexametros
513 2978 664 3016 facienti
703 2980 1051 3030 conformationem,
1099 2983 1138 3019 ut
1176 2980 1296 3019 medio
1336 2980 1372 3017 in
1414 2991 1527 3017 versu
1559 2991 1691 3018 vocem

60 3057 178 3096 ponas
219 3045 449 3097 longiorem,
487 3058 582 3099 quac
623 3046 769 3087 liniatur
807 3059 886 3087 cum
925 3050 1023 3100 pede
1065 3052 1218 3102 quarte,
1259 3047 1396 3088 deinde
1439 3051 1479 3088 ut
1517 3048 1554 3087 in
1592 3048 1690 3100 pede
