2006 3365
270 124 373 170 216
827 120 900 159 AN
903 119 999 159 ΙΜΑ
1007 119 1281 160 DVERSION
1285 119 1348 160 Es

269 236 354 277 Mil.
395 250 433 288 p.
465 239 563 275 278.
597 234 666 273 sed
708 234 905 285 dubitans,
946 247 991 273 an
1023 235 1149 285 possit
1186 248 1270 273 cnm
1301 234 1382 273 diis
1421 235 1455 273 in
1487 233 1614 273 malam
1645 235 1786 285 partem
1818 234 1904 273 dici.

273 307 407 346 Tanta
446 316 492 343 eo
530 305 611 342 fere
646 304 775 348 modo,
821 317 892 356 quo
936 302 1133 352 Scaliger,
1174 303 1385 354 accipiebat
1426 304 1635 351 Domitius,
1676 303 1781 342 cuius
1812 302 1906 342 baec

271 377 331 413 est
360 372 589 424 explicatio,
629 373 660 410 si
692 371 789 411 hanc
819 373 948 424 possis
980 371 1270 422 explicationem
1301 371 1453 411 dicere:
1501 373 1646 412 Tanta.
1677 372 1784 410 mala
1814 373 1907 411 mihi

268 444 415 495 fuere:
456 446 498 480 at
538 443 597 480 ita
635 455 810 481 maneam
850 441 954 496 qaod
991 455 1048 480 me
1088 442 1160 481 vix
1196 454 1346 493 posses
1387 454 1636 493 coquoseere.
1705 440 1905 479 Domitium

270 511 439 562 sequitur
476 508 536 549 Gl.
569 509 619 548 V.
652 509 682 548 Ι.
744 511 877 549 Fuisse
916 510 975 562 qui
1018 508 1080 548 hic
1124 510 1329 548 continuari
1370 513 1537 560 coeptam
1570 509 1700 547 verbis
1732 521 1807 563 quo
1838 522 1904 549 se-

268 593 316 618 ra
348 578 471 618 libido
512 580 733 618 sententiam
773 580 1037 629 opinarentur,
1069 579 1241 617 monitum
1273 580 1333 617 est
1371 578 1416 616 ad
1457 591 1516 616 vs.
1549 578 1724 628 praeced.
1788 576 1836 616 Ut
1868 577 1903 615 in

267 647 451 688 Aldinis:
495 659 571 702 qao
610 661 705 687 sera
746 647 868 687 libido
905 648 1037 686 Tanta
1067 661 1176 686 meae
1206 650 1315 686 uitae
1346 650 1420 686 etc.
1452 651 1490 686 at
1521 651 1640 685 tamen
1673 645 1799 684 harum
1833 659 1904 696 po-

268 718 407 756 sterior
428 729 462 755 a.
498 718 616 755 1534.
652 719 757 755 recte
788 720 969 755 monstrat
1000 721 1210 767 corruptum
1242 728 1330 754 esse
1364 728 1540 754 versum:
1575 727 1654 753 nam
1686 715 1904 753 asteriscum

266 785 475 837 praefixum
506 784 634 824 habet.
696 785 769 824 Iam
802 786 847 824 de
881 785 1106 824 emendando
1139 785 1239 824 multi
1272 785 1561 833 cogitaverunt,
1602 788 1691 834 post
1722 783 1900 832 Scalige-

267 867 366 906 rum,
399 854 520 894 multis
546 854 677 893 modis.
738 854 904 893 Minatur
920 854 1057 906 aliquid
1083 854 1266 904 praeclari
1293 853 1559 903 Boxliornins,
1591 853 1657 891 sed
1692 864 1764 890 non
1789 864 1903 903 prae-

267 924 386 971 stitit,
420 923 516 976 quod
550 935 626 972 ego
650 924 778 962 sciam.
839 923 998 961 Heinsio
1031 935 1125 961 nune
1157 924 1292 962 cordis
1326 927 1536 972 corruptum
1569 922 1791 970 videbatur,
1822 934 1902 959 mu-

267 992 414 1031 tandum
460 993 495 1030 in
536 994 663 1031 sortis
704 991 766 1030 vel
807 994 935 1038 sorti,
977 990 1048 1030 lioc
1095 992 1230 1030 modo:
1298 992 1404 1030 Γαῖα
1445 1004 1555 1030 meae
1589 997 1739 1029 tamam
1784 988 1904 1040 (puto

266 1062 438 1111 tantam)
472 1064 597 1100 sortis
627 1062 762 1113 secere
793 1064 958 1099 ruinam.
991 1059 1052 1098 vel
1085 1059 1224 1098 aliter:
1261 1061 1430 1099 Tantam
1459 1061 1553 1111 sata
1583 1072 1663 1099 meo
1695 1059 1809 1098 cordi
1836 1059 1905 1110 fe·-

266 1143 356 1168 cere
385 1133 551 1168 ruinam.
583 1129 646 1167 vel
675 1129 834 1180 denique
864 1131 938 1167 mei
973 1128 1118 1167 morbis
1157 1130 1293 1180 fecere
1331 1132 1527 1181 rapinam.
1657 1129 1825 1166 Tamum
1854 1129 1906 1165 mi

265 1202 376 1238 vitae
406 1211 528 1238 curae
550 1197 741 1236 Francius.
804 1197 1008 1246 Silligius:
1047 1198 1212 1236 Tantam
1242 1201 1328 1236 vita
1359 1210 1443 1236 mea
1475 1195 1565 1236 est!
1596 1197 1729 1236 cordis
1760 1197 1795 1248 f
1812 1209 1904 1248 rap.

267 1266 350 1306 scil.
390 1280 475 1305 sors
516 1269 554 1305 et
591 1279 729 1314 genus.
820 1265 1049 1305 Putseliius:
1091 1265 1198 1304 Fata
1227 1280 1337 1306 meae
1366 1268 1477 1306 vitae
1511 1268 1647 1319 partis
1677 1266 1712 1317 f.
1744 1278 1833 1317 rap.
1866 1268 1905 1304 ut

265 1348 356 1387 pars
397 1337 498 1375 vitae
538 1336 682 1374 dicatur
713 1336 852 1386 Lydia.
914 1335 961 1373 Et
995 1347 1082 1385 pars
1122 1334 1268 1386 quidem
1300 1334 1426 1372 harum
1460 1335 1753 1373 emendationum
1787 1334 1904 1371 libro-

267 1417 343 1443 rum
383 1405 605 1455 scriptorum
646 1406 871 1444 auctoritate
913 1405 1062 1450 nititur,
1105 1403 1152 1442 ab
1200 1403 1355 1442 Heinsio
1395 1403 1633 1449 collatorum,
1686 1402 1905 1454 quibuscum

267 1474 337 1512 mei
369 1474 500 1523 scripti
533 1486 662 1512 omnes
695 1474 931 1512 consentiunt
963 1474 998 1511 in
1030 1485 1097 1518 eo,
1130 1473 1225 1524 quod
1257 1486 1365 1512 meae
1397 1474 1507 1512 tertio
1539 1473 1702 1524 positum
1727 1471 1811 1510 loco
1837 1470 1903 1510 ha-

267 1542 382 1590 bent,
421 1554 517 1589 non,
559 1548 597 1581 ut
635 1541 777 1591 vulgo,
815 1542 995 1580 secundo.
1056 1542 1117 1581 De
1155 1542 1426 1593 antiquioribus
1468 1541 1627 1593 loquor:
1673 1553 1753 1579 nam
1791 1539 1905 1578 classi

267 1612 494 1659 recentiori,
536 1610 655 1650 Basil.
687 1611 797 1650 Vrat.
831 1610 880 1648 11.
914 1611 1032 1650 Voss.
1064 1611 1114 1649 ll.
1147 1614 1186 1649 ut
1216 1610 1328 1656 alibi,
1361 1611 1410 1648 ita
1437 1610 1497 1649 hic
1528 1622 1675 1662 quoquc
1707 1621 1785 1647 cum
1816 1607 1904 1647 vul-

269 1683 359 1733 gata
403 1681 595 1719 convenit.
655 1679 776 1729 Igitur
822 1680 988 1719 Tantam
1030 1685 1141 1719 vitae
1181 1678 1257 1727 (vel
1295 1681 1394 1728 vite)
1436 1692 1545 1718 meae
1583 1679 1719 1718 cordis
1755 1676 1904 1716 Tliuan.

269 1749 391 1788 Paris.
424 1748 473 1787 Π.
506 1750 677 1798 August.
710 1752 747 1788 et
778 1749 837 1787 sic
866 1749 987 1787 Paris.
1020 1749 1088 1787 111.
1122 1748 1183 1787 vel
1215 1748 1478 1797 Anglicanus,
1515 1746 1575 1785 vel
1608 1751 1782 1799 uterque;
1823 1759 1905 1784 nam

269 1818 315 1856 de
347 1817 405 1856 his
436 1818 583 1856 duobus
615 1819 675 1856 est
706 1818 801 1869 quod
835 1818 1013 1856 dubitem.
1079 1818 1247 1856 Tantam
1278 1818 1386 1855 vitae
1415 1830 1523 1856 meae
1553 1817 1689 1856 cordis
1721 1816 1807 1854 Par.
1834 1814 1904 1854 IV.

273 1887 443 1926 Tamum
480 1889 591 1926 vitae
627 1900 736 1926 meae
773 1887 886 1924 cordi
929 1886 1047 1924 Voss.
1086 1886 1116 1924 Ι.
1156 1889 1194 1925 et
1234 1886 1338 1925 Leid.
1410 1886 1576 1924 Tantam
1618 1887 1730 1923 vilae
1769 1885 1905 1923 cordis

269 1956 406 1995 Petav.
439 1969 500 2006 ap.
532 1956 667 1994 Ileins.
764 1956 857 1994 Tam
896 1957 1008 1994 vilae
1036 1969 1143 1994 meae
1174 1955 1309 1994 cordis
1342 1953 1482 1992 Medic.
1514 1966 1574 2004 ap.
1608 1954 1731 1992 Burm.
1795 1953 1906 1992 Tan-

268 2032 347 2064 tum
378 2027 463 2064 uita
499 2037 609 2065 meae
649 2024 737 2074 (vel
761 2024 865 2074 mee)
897 2024 1032 2064 cordis
1064 2023 1204 2062 librarii
1236 2024 1439 2072 correctio,
1471 2026 1587 2061 metro
1618 2022 1905 2073 prospicientis,

268 2094 305 2132 in
347 2093 454 2132 Mon.
494 2093 523 2132 1.
565 2094 612 2133 lI.
655 2094 762 2132 Vrat.
802 2093 832 2132 Ι.
929 2093 1026 2132 Hinc
1069 2092 1165 2145 quod
1198 2104 1273 2141 ego
1306 2092 1402 2140 l'eci,
1441 2093 1609 2131 Tantam
1639 2094 1751 2130 vitae
1780 2092 1820 2128 in
1850 2104 1907 2130 me

269 2162 406 2201 cordis
443 2164 578 2215 fecere
618 2165 823 2215 rapinam,
865 2166 903 2201 et
939 2162 1089 2200 mutatio
1131 2164 1190 2199 est
1229 2159 1345 2209 longe
1385 2160 1578 2209 facillima,
1617 2164 1655 2199 et
1685 2171 1854 2208 magnam
1885 2171 1906 2198 a

269 2233 351 2269 tota
382 2230 540 2271 Catonis
580 2232 834 2282 disputatione
874 2230 1224 2270 commendationem
1258 2229 1386 2268 habet.
1445 2229 1593 2268 Partem
1627 2229 1801 2267 carminis
1832 2226 1906 2266 llu-

270 2299 330 2337 ius
372 2302 573 2338 extremam
613 2303 725 2339 totam
768 2301 802 2338 in
844 2312 888 2338 eo
921 2299 1065 2337 versari
1099 2299 1277 2345 vidimus,
1311 2300 1349 2337 ut
1389 2310 1490 2336 suam
1522 2297 1618 2338 Cato
1650 2300 1808 2337 aetatem
1838 2309 1904 2336 ac-

271 2371 402 2417 cuset,
435 2372 473 2407 et
504 2368 550 2407 de
583 2369 685 2407 vitae
717 2368 953 2416 conditione,
995 2380 1088 2420 quae
1118 2379 1214 2406 nunc
1245 2368 1316 2411 sit,
1359 2371 1619 2419 conqueratur.
1680 2366 1787 2422 Quod
1828 2366 1906 2415 igi-

271 2440 331 2476 tur
361 2452 398 2476 v.
434 2440 499 2477 48.
534 2438 707 2488 dixerat,
751 2438 948 2483 conditio,
990 2440 1028 2476 et
1058 2452 1096 2475 v.
1138 2439 1204 2474 52.
1237 2437 1423 2476 Condicio
1455 2439 1585 2485 vilae,
1625 2436 1658 2475 id
1692 2448 1786 2474 nunc
1815 2435 1904 2473 bre-

270 2506 373 2545 viter
403 2509 516 2546 vitas
547 2507 650 2546 dicit.
710 2506 841 2558 Itaque
872 2518 944 2544 non
977 2507 1104 2556 inepte
1138 2506 1307 2543 Badius:
1377 2505 1494 2545 Vitae
1522 2519 1630 2544 meae
1650 2507 1783 2557 fecere
1811 2511 1904 2542 tan-

269 2582 351 2614 tam
389 2578 574 2628 rapinam
613 2576 781 2614 cordis:
824 2575 867 2613 id
907 2582 969 2614 est
1000 2581 1150 2614 tantam
1187 2574 1443 2614 abslalerant
1483 2588 1509 2613 α
1539 2575 1659 2614 corde
1687 2585 1792 2612 meo:
1830 2573 1904 2611 etsi

270 2657 343 2682 non
376 2644 622 2694 intelligitur,
654 2644 836 2696 quomodo
868 2644 967 2682 effici
1002 2642 1099 2682 hunc
1131 2656 1279 2682 sensum
1312 2656 1332 2682 c
1364 2644 1551 2694 scriptura
1582 2642 1739 2691 vulgata
1773 2641 1906 2680 Tanta

270 2727 380 2753 meae
417 2718 489 2752 etc.
534 2725 650 2763 posse
690 2713 895 2763 putaverit.
954 2712 1101 2750 Deinde
1138 2715 1249 2751 ritas
1288 2724 1389 2760 non,
1430 2714 1468 2751 ut
1497 2712 1663 2759 Badius,
1704 2708 1750 2748 de
1796 2711 1904 2749 unius

270 2783 351 2821 vita
383 2780 561 2831 Catonis,
601 2781 668 2819 sed
702 2782 845 2830 accipio
877 2781 957 2819 sic:
998 2781 1101 2819 vitae
1132 2780 1338 2827 hominum,
1382 2782 1484 2820 vitae
1516 2779 1646 2833 quales
1676 2790 1771 2816 nunc
1803 2782 1903 2818 sunt.

270 2851 407 2890 Fateor
438 2854 557 2890 autem
587 2849 773 2899 singulari
804 2849 911 2888 modo
944 2848 1016 2888 hoc
1047 2849 1182 2888 dictum
1215 2862 1326 2900 esse,
1365 2853 1489 2889 vitae.
1549 2847 1599 2886 Ut
1627 2846 1701 2885 alia
1731 2847 1905 2886 nonnulla

271 2920 369 2970 apud
402 2919 596 2960 Catonem.
655 2918 741 2957 Non
779 2918 874 2970 quod
918 2930 987 2968 per
1024 2931 1068 2957 se
1108 2918 1277 2958 insolens
1317 2919 1367 2958 sit
1406 2920 1518 2957 vitae
1559 2927 1706 2954 numero
1743 2915 1903 2967 plurali,

275 2989 342 3027 sed
384 2988 454 3028 hac
492 2988 694 3028 sententia.
781 2987 977 3027 Annotavi
1007 2985 1114 3027 locos
1142 2986 1237 3040 hos,
1274 2988 1312 3028 in
1341 2987 1476 3040 quibus
1505 2996 1600 3024 unus
1630 2987 1750 3025 tamen
1781 2987 1820 3026 et
1847 2983 1904 3025 al-
