2006 3365
459 176 514 217 IN
546 178 763 218 VALERII
796 177 1032 219 CATONIS
1072 178 1344 219 ECLOGAM.
1621 184 1717 228 193

86 293 189 333 Med.
221 293 363 344 meique
400 295 471 332 tam
512 293 643 343 scripti
686 306 791 345 quam
831 295 919 333 editi
950 296 1178 346 antiquiores
1210 307 1350 333 omnes.
1381 297 1530 347 primus
1562 294 1597 332 in
1630 295 1715 333 nul-

85 361 120 400 la
159 362 310 399 invenio
349 364 436 400 ante
470 361 584 401 30511.
626 363 687 400 Br.
736 365 854 402 15⁴3.
896 363 929 401 in
971 376 1041 415 qua
1083 367 1201 401 tamen
1243 363 1314 401 boc
1357 376 1423 414 pro
1456 364 1548 402 vitio
1582 363 1714 402 baberi

84 432 240 481 posset,
282 443 387 481 quum
429 430 556 468 eadem
597 431 632 468 in
674 444 733 468 vs.
767 431 849 469 eod.
888 432 1028 469 vitiose
1059 433 1236 482 yrandz'a
1268 445 1334 482 pro
1368 433 1538 483 glandia,
1582 436 1619 471 et
1652 446 1715 471 vs.

82 512 164 550 seq.
195 499 345 537 Dicere
384 498 532 537 lrabeat.
566 499 633 537 sed
663 502 813 552 primns
847 500 955 537 etiam
987 500 1164 547 Mogunt.
1210 502 1328 539 1549.
1360 500 1480 551 Lugd.
1523 504 1559 539 et
1592 502 1713 540 Antv.

88 570 205 605 1556.
249 568 336 605 Bas.
376 568 424 606 11.
466 568 509 605 Ρ.
555 571 672 606 1501.
708 568 1003 617 Scaligeranae,
1048 567 1248 617 Pithoeus,
1282 568 1402 606 Antv.
1440 573 1558 608 1580.
1590 570 1713 619 Lugd.

87 638 206 674 1592.
234 638 271 674 et
302 637 534 675 recentiores
567 649 707 674 omnes.
737 639 774 674 ct
801 638 952 689 primus
981 636 1063 674 cod.
1094 636 1155 687 qui
1183 636 1314 674 dicitur
1342 637 1469 675 Pierii.
1531 638 1632 677 Sane
1657 640 1716 678 sic

81 705 202 753 potuit
233 702 341 742 Cato.
403 703 479 743 Cur
509 705 699 750 debuerit,
742 716 910 743 caussam
945 704 1058 743 video
1090 704 1235 742 nullam.
1264 708 1417 757 primae
1448 707 1546 744 coni.
1578 707 1714 746 Heius.

165 840 213 879 V.
248 844 314 880 60.
349 840 482 891 (163.)
510 850 730 891 menaea,
754 849 909 891 ATQUE
936 848 998 882 Ex
1025 849 1091 882 ME
1117 850 1282 884 DULCis
1308 851 1458 885 FORE'r
1484 852 1523 885 0.
1549 853 1591 885 ν.

79 909 249 949 Dae'cerer
279 923 299 949 e
330 910 438 949 libris
470 911 623 960 scriptis
662 923 755 948 unus
793 908 950 949 Vratisl.
994 908 1044 947 ΙΙ.
1078 909 1192 948 babet
1223 922 1301 948 cum
1334 911 1440 951 Rom.
1475 912 1524 950 11.
1558 914 1596 951 et
1629 911 1714 950 Ve-

82 982 169 1016 neta
200 978 340 1017 Acbat.
385 981 456 1017 tum
495 979 550 1016 sic
582 978 865 1026 Ascensianae,
909 975 1050 1017 Cronfl.
1084 977 1271 1027 Virgilius
1304 980 1411 1027 Aldi‚
1452 981 1568 1019 Taur.
1602 981 1716 1020 Aldi-

82 1058 172 1096 nae,
199 1047 321 1096 Lnga.
354 1050 475 1086 1529.
503 1046 683 1099 reliquae.
736 1048 903 1086 Diceret
927 1046 1062 1085 Petav.
1088 1046 1236 1085 Tliuan.
1264 1049 1354 1099 mei,
1387 1053 1537 1100 praeter
1554 1050 1712 1089 Vratisl.

81 1116 132 1154 11.
164 1127 313 1166 01111103,
346 1116 453 1155 Rom.
486 1115 516 1154 Ι.
550 1115 645 1154 Mut.
679 1114 775 1153 Ven.
809 1115 909 1154 Rub.
943 1118 980 1154 et
1011 1128 1106 1168 quae
1139 1116 1233 1155 lianc
1265 1118 1373 1170 sequi
1407 1119 1552 1168 solent,
1597 1132 1714 1172 usque

76 1184 121 1221 ad
154 1185 320 1233 Arg-ent.
361 1188 478 1223 1502.
539 1183 802 1222 Memorabilis
835 1186 870 1222 in
903 1185 997 1223 vitio
1031 1197 1263 1235 consensus,
1303 1190 1340 1225 et
1377 1188 1437 1240 qui
1472 1188 1634 1227 nonnihil
1668 1189 1713 1227 ad

75 1254 282 1301 augendam
322 1253 497 1292 librorum
539 1258 746 1291 nostrorum
789 1253 894 1291 iidem
934 1255 1092 1293 confert.
1165 1253 1236 1307 Qui
1275 1257 1369 1293 enim
1411 1261 1481 1295 tznn
1522 1257 1715 1296 serviliter

76 1334 142 1369 ea,
177 1334 269 1373 quae
298 1325 381 1360 ante
410 1322 539 1361 oculos
565 1321 756 1359 habehant
783 1322 1036 1373 exemplaria,
1069 1325 1217 1375 sequuti
1251 1328 1360 1370 sunt,
1394 1328 1432 1364 ut
1463 1338 1508 1363 ne
1534 1325 1604 1364 hoc
1628 1327 1712 1378 qui-

76 1390 156 1427 ‹lem
188 1394 258 1428 tam
291 1392 521 1428 manifestum
554 1391 683 1429 vitium
716 1389 909 1431 tollerent,
955 1404 1021 1429 eos
1054 1404 1174 1443 neque
1207 1391 1294 1431 alibi
1327 1393 1472 1432 multum
1507 1394 1712 1434 deflexisse

75 1458 121 1496 ab
156 1458 434 1509 exemplaribus
458 1460 536 1498 suis
568 1458 746 1497 credibile
772 1463 846 1497 est.
905 1461 1056 1499 Dicere
1084 1460 1225 1499 Medic.
1260 1465 1357 1500 teste
1391 1463 1613 1501 Burmanno.
1647 1470 1713 1502 at-

75 1541 180 1581 quae
218 1529 387 1576 August.
448 1527 490 1565 In
522 1528 642 1566 Paris.
677 1528 745 1567 lv.
785 1529 868 1566 sic:
912 1530 1077 1568 Diceret
1119 1531 1175 1568 ad
1206 1543 1250 1583 q,·
1282 1536 1372 1584 alq:
1412 1544 1462 1570 ea·
1496 1545 1553 1571 me
1589 1532 1710 1572 dulci.

75 1597 193 1636 dulce
224 1596 322 1635 Ven-
357 1599 477 1634 1500.

159 1733 209 1771 V.
237 1736 303 1771 61.
330 1732 463 1783 (164.)
482 1744 586 1777 ΝΑΜ
612 1743 716 1776 ΜῙΗΙ
744 1742 843 1776 NON
867 1743 1065 1778 TANTUM
1092 1744 1393 1779 TRIBUERUNT
1420 1746 1551 1780 IMPIA
1572 1748 1707 1783 VOTA.

74 1803 166 1842 Nm
197 1802 365 1841 Norimb.
403 1807 522 1843 1192.
583 1805 639 1842 At
672 1803 796 1842 mallet
828 1803 1081 1842 Eielistadius.
1144 1806 1263 1844 Nune
1295 1807 1328 1844 111
1360 1810 1517 1846 mentem
1550 1811 1709 1848 venerat

74 1870 310 1919 Hermanno,
343 1886 449 1924 quum
482 1873 534 1911 illi
566 1876 652 1911 ante
683 1872 753 1910 lios
786 1873 925 1921 viginti
957 1885 1076 1910 annos
1107 1875 1283 1925 scriptam
1315 1888 1337 1913 a
1367 1888 1423 1913 me
1448 1876 1494 1914 de
1516 1876 1611 1915 loeis
1634 1877 1706 1915 ali-

72 1942 163 1991 quot
194 1938 350 1979 Catonis
395 1943 734 1981 commentationem
776 1942 1070 1991 proposuissem.
1134 1943 1345 1993 Aptissime
1385 1945 1429 1982 ad
1469 1946 1704 1984 sententiam.

73 2007 211 2046 Verum
252 2009 339 2047 nibil
373 2023 468 2060 opus
500 2011 772 2050 emendatione.
834 2010 994 2048 Probum
1027 2014 1086 2049 est
1116 2025 1225 2060 nam,
1268 2012 1300 2049 si
1342 2014 1603 2063 reputaveris,
1636 2027 1704 2053 ne-

70 2078 260 2125 gationem
292 2079 474 2117 contineri
507 2078 589 2128 his,
621 2092 715 2131 quae
746 2079 1002 2129 praecedunt,
1033 2080 1396 2129 interrogationibus
1427 2084 1540 2133 atque
1571 2083 1703 2122 excla-

70 2146 307 2185 mationibus.
363 2146 508 2186 Utinam
542 2159 663 2186 essem
695 2149 861 2198 primus:
894 2150 932 2186 at
963 2160 1033 2185 non
1067 2149 1116 2186 sui
1149 2151 1313 2199 primus:
1346 2163 1436 2188 nam
1466 2154 1538 2189 etc.
1584 2151 1704 2191 Dein-

68 2214 115 2251 de
147 2213 379 2254 Hermannus
421 2219 551 2254 contra
591 2217 835 2267 approbatam
869 2216 1148 2265 Wcrnsdoriio,
1189 2219 1227 2256 et
1258 2223 1329 2256 tum
1361 2217 1466 2268 mihi,
1508 2222 1704 2261 coniectu-

68 2295 143 2321 ram
174 2283 345 2332 Heinsii,
385 2285 526 2324 invida
555 2287 672 2338 fata,
716 2297 804 2323 esse
835 2285 979 2337 quidem
1010 2284 1082 2324 hoc
1123 2287 1320 2337 usitatum,
1361 2290 1398 2326 et
1437 2289 1533 2340 apud
1566 2293 1702 2341 poetas

66 2351 161 2391 alios
193 2352 372 2391 obvium:
416 2354 481 2392 sed
515 2368 561 2393 cx
594 2353 653 2392 his
685 2367 755 2392 non
787 2354 1009 2393 metiendum
1040 2367 1246 2393 sermonem
1279 2356 1458 2407 simplicis
1490 2356 1599 2397 huius
1632 2359 1700 2399 ho-

65 2422 189 2459 minis.
251 2423 340 2472 lpse
373 2424 493 2474 impia
521 2424 616 2475 suta
647 2422 827 2472 legebat,
860 2426 899 2462 ut
930 2436 1048 2474 nuper
1079 2424 1194 2462 edidit
1224 2424 1440 2463 Putschius.
1473 2429 1596 2479 impia
1624 2430 1698 2480 fa-

63 2497 131 2539 ta,
163 2491 285 2529 Antli.
319 2491 400 2529 Lat.
432 2490 500 2529 lv.
534 2505 694 2529 ccxmv.
726 2495 764 2531 S.
798 2495 833 2531 ct
858 2494 955 2545 fata
987 2494 1109 2545 impia
1140 2492 1222 2531 olim
1254 2493 1354 2532 multi
1386 2495 1422 2532 in
1456 2495 1568 2545 Virg.
1594 2496 1694 2535 Aen.

64 2558 134 2598 IV.
167 2562 263 2599 596.
324 2560 409 2609 Ego
442 2572 538 2598 nune
568 2560 761 2609 vulgatum
793 2564 927 2610 teneo,
970 2562 1078 2613 idque
1117 2561 1298 2613 quomodo
1338 2563 1593 2614 accipiendum
1625 2567 1695 2615 sit,

64 2628 228 2666 indicavi
254 2628 298 2666 ad
326 2643 362 2666 v.
391 2632 456 2665 56.
513 2628 727 2667 voluissem
751 2642 807 2668 me
835 2642 923 2668 esse
952 2631 1126 2681 primum,
1160 2631 1225 2668 sed
1252 2643 1321 2668 non
1349 2631 1424 2669 sui:
1459 2644 1529 2670 non
1557 2636 1694 2673 tantum

63 2696 147 2734 mibi
178 2698 288 2747 impia
318 2700 408 2735 vota
440 2697 670 2745 tribuerunt,
699 2697 736 2735 11.
769 2710 803 2736 e.
830 2711 900 2737 non
929 2703 1067 2738 tantum
1093 2699 1257 2737 lucratus
1287 2704 1399 2751 atque
1430 2701 1590 2751 adeptus
1615 2716 1692 2741 sum

63 2766 185 2816 impiis
217 2768 340 2812 votis,
381 2769 419 2804 et
450 2765 560 2815 impia
592 2764 785 2805 voluntate
816 2780 919 2816 mea,
952 2772 990 2806 ut
1021 2780 1156 2806 essem.
1189 2770 1312 2819 impia
1342 2772 1486 2819 autem,
1519 2773 1602 2822 quia
1633 2773 1690 2809 fa·-

62 2836 159 2872 tetur
189 2839 325 2885 poeta,
364 2836 542 2887 eulpam,
577 2847 768 2883 errorem,
810 2838 912 2884 l'ore,
945 2838 975 2875 si
1008 2838 1091 2886 ipse
1123 2837 1302 2875 inchoare
1334 2838 1473 2887 primus
1505 2851 1581 2877 eam
1614 2852 1688 2878 rem

60 2914 173 2941 ausus
211 2907 328 2942 esset.
388 2904 471 2942 Etsi
512 2902 628 2941 vellet
660 2904 890 2943 commisisse
931 2905 1026 2943 lianc
1064 2904 1227 2955 culpam,
1267 2909 1423 2956 propter
1464 2908 1685 2946 suavitatem

60 2971 135 3019 rei,
167 2975 203 3010 et
234 2973 423 3021 ingentem
456 2984 504 3009 ex
535 2984 578 3009 eo
610 2971 762 3010 invento
792 2972 964 3021 gloriam.
1026 2974 1083 3012 Ex
1119 2973 1278 3012 Venetis
1314 2976 1432 3012 1499.
1471 2978 1587 3014 1500.
1628 2977 1684 3015 ri-

59 3038 214 3077 diculum
253 3042 288 3079 in
319 3042 581 3079 Ascensianas
621 3040 750 3078 vitium
793 3042 914 3089 venit,
957 3043 1191 3089 rubuerunt,
1233 3043 1328 3093 quod
1372 3043 1682 3093 interpretamlum

1349 3103 1412 3145 13

126 3117 278 3149 Valerius
298 3117 390 3150 Fato.
