2006 3365
286 679 1523 737 AQNIMADVERSIONES

871 827 928 859 {N

643 936 1160 994 DIRAS.

82 1238 166 1296 De
199 1257 422 1295 carminibus
449 1255 590 1295 Valerii
615 1255 794 1307 Catonis,
827 1257 1010 1310 quomodo
1043 1260 1199 1296 servata
1230 1258 1326 1308 sint3
1358 1258 1404 1297 de
1434 1259 1516 1298 vita
1541 1257 1722 1309 Catoni83

81 1327 129 1366 cle
153 1327 331 1377 praedio,
363 1330 402 1364 et
432 1326 616 1377 quomodo
642 1326 728 1363 illud
763 1327 950 1376 amiserit,
982 1338 1054 1377 qna
1085 1327 1285 1365 occasione
1312 1329 1445 1367 Diras
1469 1328 1649 1379 scripsit,
1675 1328 1723 1367 de

83 1394 237 1447 reliquis
268 1395 444 1444 scriptis,
485 1397 525 1432 nt
556 1394 602 1432 de
633 1394 756 1444 Lydia
788 1395 904 1440 libro,
945 1395 1049 1433 cuius
1080 1395 1264 1445 particula
1298 1399 1436 1435 tantum
1469 1399 1598 1435 exstat
1629 1395 1723 1435 haee

83 1476 188 1515 quam
212 1463 406 1512 Ecloslam
437 1462 546 1504 dico:
579 1463 625 1500 de
655 1475 801 1511 genere
827 1463 975 1501 dicendi
1001 1461 1234 1507 Catoniano:
1267 1464 1313 1502 de
1340 1464 1468 1513 libris,
1499 1465 1543 1503 ad
1571 1476 1723 1516 quorum

84 1531 188 1569 iidem
224 1531 453 1569 emendatum
487 1529 667 1569 Catonem
700 1531 879 1569 exhibui:
920 1543 1026 1583 quum
1058 1531 1175 1580 longa
1206 1533 1257 1571 sit
1288 1533 1514 1583 disputatio,
1547 1545 1619 1571 non
1651 1532 1725 1572 hoc

83 1599 275 1637 dicendum
301 1598 384 1637 loeo
416 1599 570 1649 putavi,
602 1599 669 1637 sed
697 1600 793 1637 infra
818 1604 906 1650 post
927 1599 1294 1639 Animadversiones
1318 1614 1524 1653 proponam
1549 1613 1725 1650 magnum

82 1679 127 1706 ae
157 1668 298 1706 varinm
329 1670 608 1717 argumentum,
642 1668 676 1706 in
702 1669 828 1718 capita
851 1668 1010 1706 divisum
1043 1672 1213 1721 quatuor.
1254 1670 1364 1709 Nunc
1388 1671 1435 1710 de
1457 1672 1600 1718 Diris,
1625 1669 1724 1721 quod

83 1748 227 1774 carmen
260 1737 386 1786 priore
419 1735 501 1774 loco
532 1736 665 1787 posui,
697 1739 737 1775 ut
769 1737 908 1775 caeteri
939 1740 1026 1776 ante
1057 1750 1114 1776 me
1145 1750 1293 1783 omneS,
1318 1740 1391 1778 etsi
1421 1742 1591 1789 tempore
1621 1738 1725 1788 prior

82 1809 143 1844 est
173 1805 354 1856 Ecloya,
388 1816 506 1856 panea
539 1804 761 1855 praesabor,
804 1805 849 1843 ad
882 1805 1169 1855 intelligendum
1201 1820 1346 1846 carmen
1378 1808 1607 1846 necessaria.
1669 1807 1726 1845 Ea

82 1876 171 1912 sunt
200 1873 247 1911 de
277 1886 442 1923 genere,
476 1878 514 1913 et
544 1874 590 1911 de
623 1875 919 1912 conformatione
952 1875 1146 1925 carminisg
1178 1876 1334 1914 maxime
1366 1876 1412 1914 de
1444 1877 1648 1925 Battar05
1678 1875 1725 1913 de

84 1942 347 1993 inscriptione.
407 1942 580 1981 Alterum
613 1955 761 1981 carmen
792 1944 887 1982 satis
919 1955 987 1994 per
1017 1955 1061 1982 se
1091 1944 1210 1994 ipsum
1243 1943 1408 1995 intelligi
1441 1948 1593 1996 potest,
1625 1943 1725 1982 nulla

85 2014 125 2049 ut
155 2013 390 2061 praefatione
423 2016 550 2060 egeat.

170 2079 338 2118 Nominis
371 2081 507 2128 (lirae,
550 2079 646 2132 qnod
687 2092 784 2118 nnnc
815 2080 1042 2118 adieetivnm
1075 2083 1157 2130 est,
1195 2083 1235 2120 nt
1273 2081 1371 2132 apud
1402 2081 1605 2133 Apuleium
1635 2080 1725 2119 Vll.

87 2160 123 2198 p.
152 2151 237 2194 194,
259 2149 383 2188 5.1X.
406 2163 441 2200 p.
467 2150 561 2198 227,
578 2152 645 2187 35.
670 2148 729 2187 ed.
758 2147 925 2187 Elmcnh.
959 2149 1075 2188 (liras
1108 2150 1364 2199 devotiones,
1392 2151 1490 2201 apud
1512 2151 1656 2189 Livium
1674 2149 1724 2189 X.

89 2230 174 2254 xm.
195 2220 232 2255 3.
256 2218 345 2256 dira
368 2220 594 2257 exsecratio
608 2248 619 2267 ,
644 2231 694 2256 ac
717 2217 872 2268 furiale
895 2231 1051 2257 carmen
1062 2231 1081 2268 3·
1112 2230 1209 2256 nnnc
1231 2219 1532 2269 substantivum,
1556 2217 1729 2269 exempla

89 2290 261 2338 qnantum
292 2286 387 2324 satis
421 2287 465 2326 C.
491 2287 699 2325 Pntscliins
732 2287 846 2325 habet
868 2299 907 2336 p.
927 2288 964 2324 ἶ.
986 2300 1070 2339 sqq.
1098 2299 1190 2325 snae
1214 2288 1404 2328 editionis.
1436 2300 1557 2339 neque
1583 2299 1729 2336 angere

88 2367 273 2392 numerum
303 2355 450 2393 attinet.
494 2356 689 2394 Poetarum
722 2354 850 2403 locos,
884 2368 979 2406 quos
1000 2355 1197 2394 Arnoldus
1217 2356 1262 2394 ad
1288 2357 1368 2395 Dir.
1383 2362 1420 2396 3.
1440 2357 1585 2406 laudat,
1604 2368 1728 2407 appo—

89 2435 179 2461 nere
211 2435 350 2472 operae
381 2424 538 2473 pretinm
571 2425 694 2462 suerit.
758 2424 970 2474 Propertii,
1001 2423 1067 2462 lib.
1100 2423 1168 2463 Ill.
1202 2428 1300 2464 extr.

375 2492 466 2531 Has
498 2492 571 2532 tibi
599 2494 758 2544 l'atales
790 2496 933 2532 cecinit
963 2507 1049 2532 mea
1076 2495 1234 2546 payina
1265 2494 1380 2532 diras.

90 2559 256 2610 Tibulli,
289 2559 354 2597 lib.
387 2559 436 2598 ΙΙ.
468 2565 566 2600 extr.

384 2629 490 2667 Tunc
520 2630 613 2680 tihi,
646 2630 760 2681 lena,
790 2643 934 2684 precor
964 2629 1081 2668 diras.

93 2697 253 2747 Lucani,
285 2696 354 2735 Ill.
394 2699 484 2736 126.
523 2702 610 2737 127.

833 2768 1107 2822 Crassumque
1138 2771 1177 2808 in
1209 2768 1315 2808 bella
1346 2775 1512 2809 secutae

379 2834 517 2873 Saeva
547 2835 776 2876 tribunitiae
806 2844 1000 2876 voverunt
1027 2837 1189 2888 praelia
1220 2837 1337 2876 dirae.

98 2902 160 2942 vel
191 2903 346 2942 Laeva.
380 2901 440 2942 Cs.
473 2902 522 2940 ihi
546 2901 720 2954 Cortins,
752 2906 862 2943 etiam
893 2906 940 2944 de
972 2906 1154 2953 dictione,
1187 2918 1388 2958 saneqnam
1419 2903 1625 2953 singulari,
1655 2917 1730 2945 vo-

97 2980 238 3011 verunt
269 2972 394 3010 dirue.
456 2972 688 3010 caelestium
712 2975 984 3027 infernumque
1007 2976 1170 3013 omnium
1196 2975 1312 3013 diras
1336 2976 1397 3012 est
1422 2974 1457 3010 in
1482 2972 1638 3011 formula
1659 2973 1731 3012 de-

101 3041 286 3090 votionis,
319 3053 424 3092 qnam
449 3039 627 3089 Scaliger
651 3041 824 3079 imitando
856 3042 1025 3092 effinxit,
1058 3042 1094 3080 in
1121 3042 1281 3080 Varron.
1306 3054 1342 3092 p.
1368 3045 1433 3079 62.
1459 3042 1587 3080 nescio
1611 3042 1729 3080 unde:
