2006 3365
232 179 334 224 402
837 171 1207 213 DISSERTATlO
1239 171 1309 212 lV.

321 291 401 332 Sed
432 292 630 341 antequam
661 300 764 326 meas
796 299 1039 338 recenseam,
1069 286 1246 325 indicabo
1265 298 1361 339 quae
1387 286 1598 326 Burmanno
1622 289 1776 338 praesto
1804 287 1889 326 fue-

232 361 320 399 rint.
382 358 524 395 Habuit
555 356 641 405 ille,
674 356 918 408 laudavitque
949 360 1023 394 tum
1054 355 1099 393 ad
1119 353 1327 404 Catonem,
1360 357 1433 393 tum
1464 354 1510 393 ad
1541 355 1654 394 multa
1684 355 1758 394 alia
1788 367 1889 406 poe-

231 430 329 467 mata
360 424 624 474 Antbologiae
649 425 826 471 Latinae,
860 427 899 463 et
930 424 1119 462 editiones
1150 424 1324 475 antiquas
1355 426 1443 462 ante
1473 423 1660 470 Aldinas,
1693 423 1889 462 vetustio-

232 509 319 542 res,
351 493 415 532 vel
447 493 543 532 adeo
574 494 715 544 primas
755 492 949 544 appellat,
992 492 1231 530 vicentinam
1267 495 1389 530 1479.
1424 492 1662 530 Brixiensem
1700 494 1819 530 1485.
1852 495 1890 530 et

232 564 405 603 Venetas
437 562 557 607 duas,
596 565 716 600 1480.
738 568 775 600 et
806 562 928 600 1487.
989 561 1039 599 Et
1069 560 1115 598 de
1147 559 1206 597 his
1238 559 1384 611 quidem
1418 563 1520 598 certa
1552 572 1614 598 res
1646 564 1730 599 est:
1763 559 1891 597 laudat

233 632 348 681 enim,
383 643 462 670 eum
495 630 632 668 indicio
665 630 773 677 anni,
806 631 991 669 Venetam
1026 631 1149 667 1480.
1182 628 1227 666 ad
1260 628 1545 678 inscriptionem
1577 629 1772 677 Dirarum,
1808 627 1890 666 Ve-

232 701 355 738 netam
387 700 509 737 1487.
542 698 587 736 ad
621 698 704 736 Dir.
731 702 912 737 98.100.
947 699 985 736 et
1016 700 1209 748 utramque
1242 697 1396 747 saepius
1429 697 1463 734 in
1497 696 1757 746 Anthologffl,
1790 708 1824 735 e.
1847 707 1891 745 g.

231 769 277 806 ad
310 768 512 818 Priapeia,
548 767 594 805 de
626 769 710 805 ortu
744 766 837 805 solis
871 765 991 805 Antli.
1023 765 1091 803 lib.
1123 766 1173 805 V.
1209 781 1250 803 ιι.
1292 778 1330 815 p.
1367 768 1462 803 300.
1526 765 1572 803 de
1604 769 1764 817 quatuor
1794 768 1889 804 tem-

231 836 356 887 porib.
389 836 474 873 anni
506 834 598 874 ibid.
631 850 699 872 L11.
734 848 770 885 p.
805 836 900 874 342.
933 834 978 872 ad
1013 834 1142 872 Virum
1174 834 1310 873 bonum
1349 833 1440 871 ibid.
1468 848 1577 871 cxm.
1610 845 1648 883 p.
1683 834 1779 871 417.
1840 833 1890 871 cf.

232 904 362 943 eodem
394 903 515 942 Tomo
546 902 598 941 ll.
630 916 668 954 p.
701 903 848 942 31⁴.b.
894 916 930 953 p.
966 906 1060 941 315.
1081 903 1117 940 b.
1158 916 1195 953 p.
1229 905 1374 941 34441.
1414 915 1451 952 p.
1484 901 1629 941 380.h.
1663 914 1701 952 p.
1744 903 1890 940 atoma.

231 986 271 1024 p.
305 975 453 1011 422.a.
513 971 563 1010 Et
594 974 696 1020 tres,
730 970 966 1009 vicentinam
989 971 1109 1008 1479.
1143 971 1382 1008 Brixiensem
1406 972 1527 1008 1485.
1562 970 1748 1008 Venetam
1770 970 1892 1008 1487.

232 1045 416 1092 tamquam
448 1053 498 1078 ex
538 1041 723 1090 apparatu
766 1039 964 1076 Burmanni
1006 1041 1267 1077 commemorat
1309 1038 1363 1076 lo.
1409 1036 1650 1076 Scliraderus
1696 1036 1893 1075 Emendat.

233 1121 317 1160 cap.
353 1107 420 1147 ΙΙΙ.
454 1110 554 1146 extr.
623 1107 664 1145 In
707 1106 815 1145 Tom.
849 1106 879 1144 1.
925 1105 1189 1155 Anthologiae
1236 1105 1370 1144 nullam
1413 1106 1670 1153 Burmannus,
1711 1107 1744 1143 si
1790 1107 1894 1143 recte

231 1177 401 1225 memini,
435 1176 636 1214 editionem
660 1176 846 1215 Venetam
879 1173 1050 1213 adhibuit
1080 1178 1234 1225 praeter
1266 1176 1451 1214 Venetam
1490 1176 1609 1213 1480.
1673 1174 1733 1214 Cf.
1766 1173 1893 1224 Epist.

231 1246 276 1284 ad
311 1246 500 1296 Hoppium
538 1257 575 1295 p.
620 1259 768 1282 xxxw.
839 1243 944 1296 Quae
985 1246 1187 1293 praeterea
1232 1243 1441 1280 Burmanno
1485 1242 1704 1289 laudantur,
1742 1241 1896 1280 Veneta

236 1317 358 1353 1483.
391 1313 439 1352 T.
473 1312 522 1351 lI.
555 1313 674 1352 Antb.
710 1326 746 1363 p.
782 1311 927 1350 381.1).
990 1311 1142 1350 Veneta
1180 1312 1299 1349 14s4.
1332 1310 1406 1348 To.
1440 1310 1471 1349 I.
1504 1323 1542 1361 p.
1577 1314 1642 1350 53.
1667 1311 1745 1360 bis,
1776 1310 1825 1349 T.
1843 1309 1894 1348 ΙΙ.

233 1395 271 1433 p.
305 1382 452 1421 484.1).
516 1381 668 1420 Veneta
706 1383 826 1420 1486.
868 1379 917 1418 Τ.
949 1378 999 1418 lI.
1043 1392 1079 1429 p.
1113 1379 1268 1419 34ἶ.1ι.
1291 1379 1373 1428 bis,
1406 1391 1444 1429 p.
1478 1382 1627 1418 34S.a.
1672 1391 1739 1417 eas
1771 1378 1896 1417 obiter

234 1451 402 1500 inspexit
433 1449 689 1498 Burmannus,
732 1448 795 1487 vel
829 1449 938 1486 etiam
969 1447 1139 1486 laudavit
1170 1451 1259 1498 post
1291 1447 1417 1485 alios:
1466 1449 1513 1485 cl'.
1548 1448 1671 1498 Epist.
1705 1447 1749 1485 ad
1783 1447 1895 1497 Hop-

233 1521 332 1570 pium
364 1532 401 1569 p.
425 1535 504 1557 ιη.
538 1519 611 1556 nisi
644 1521 803 1556 erratum
838 1520 897 1555 est
928 1516 1066 1568 aliquid
1100 1517 1134 1554 in
1168 1517 1290 1554 annis.
1325 1520 1429 1555 certe
1461 1516 1559 1568 quod
1593 1516 1638 1554 ad
1672 1516 1897 1566 inscriptio-

235 1600 315 1625 nem
350 1588 520 1625 Dii-arum
552 1586 736 1623 Venetam
780 1588 902 1624 1485.
945 1584 1090 1633 laudat,
1130 1597 1258 1623 errore
1302 1588 1392 1635 puto
1435 1584 1565 1623 calami
1605 1588 1669 1624 aut
1700 1596 1896 1635 operarum

235 1659 370 1695 laetum
403 1668 520 1703 esse,
554 1667 661 1706 quum
693 1654 878 1693 Venetam
918 1653 1037 1691 1487.
1070 1654 1195 1692 dicere
1229 1653 1406 1691 voluerIt.

320 1793 406 1831 Non
442 1792 520 1829 vidi
552 1791 739 1829 Venetam
775 1793 894 1828 1483.
929 1801 997 1839 per
1037 1788 1247 1838 Baptistam
1282 1788 1329 1826 de
1362 1788 1520 1836 Tortis,
1563 1788 1598 1826 in
1639 1799 1712 1839 qua
1742 1787 1898 1837 primum

234 1861 412 1912 prodisse
443 1860 614 1898 Domitii
646 1857 860 1897 Calclerini
898 1857 1140 1896 Veronensis
1186 1857 1468 1894 Enarrati‹›m›n=
1503 1855 1564 1894 vel
1599 1855 1899 1895 Commentarios

234 1930 269 1966 in
303 1927 499 1979 Opuscula
533 1939 628 1978 quae
661 1926 837 1964 dicuntur
869 1925 1026 1973 Virgilii
1061 1924 1422 1974 testaturlleynius
1455 1938 1502 1962 ex
1535 1924 1635 1962 aliis.
1698 1925 1783 1972 Ego
1803 1935 1900 1975 quae

233 1996 330 2035 banc
350 1996 504 2034 Domitii
538 1995 698 2045 opellam
734 1992 968 2040 exhiberet,
1003 1992 1137 2030 nullam
1171 1991 1283 2030 habui
1315 1993 1563 2043 antiquiorem
1582 1991 1901 2039 Norimbergensi

238 2067 360 2103 1491)..
424 2065 495 2102 Est
528 2064 645 2112 igitur
686 2062 899 2108 Domitius,
942 2064 1088 2110 tempus
1121 2062 1152 2098 si
1187 2064 1362 2110 spectes,
1407 2073 1479 2112 quo
1513 2060 1601 2098 editi
1635 2061 1786 2098 fuerunt
1818 2059 1900 2096 eius

236 2133 513 2180 commentarii,
563 2132 703 2182 primus
753 2129 1030 2180 Opuseulorum
1073 2130 1285 2178 interpresg
1328 2132 1388 2172 at,
1437 2129 1467 2165 si
1514 2129 1560 2165 de
1600 2140 1644 2166 eo
1687 2128 1897 2179 quaeritur,

236 2201 383 2254 quando
417 2201 569 2250 primum
604 2198 778 2247 concepti
812 2198 974 2244 l'uerint,
1011 2197 1336 2234 ‹lernoustravisse
1368 2196 1453 2233 mihi
1479 2195 1901 2245 videorDisputatione

237 2269 283 2307 de
323 2268 419 2306 Iulio
466 2268 672 2317 Pomponio
716 2266 887 2313 Sabino,
932 2264 1086 2313 Virgilii
1135 2265 1369 2313 interprete,
1414 2264 1568 2302 nonnae
1612 2265 1734 2302 1824.
1776 2263 1899 2311 edita,

235 2338 487 2387 posteriorem
521 2348 611 2373 esse
643 2335 846 2372 Domitium
889 2333 1094 2382 Pomponio
1134 2331 1307 2380 Sabine,
1349 2331 1395 2369 de
1435 2345 1507 2383 quo
1548 2333 1673 2370 statim
1706 2331 1824 2369 dicam
1854 2331 1901 2369 ad

237 2418 370 2443 annum
408 2407 527 2443 1437.
601 2402 773 2442 Carmina
805 2405 949 2450 autem,
992 2402 1027 2438 in
1069 2412 1164 2451 quae
1197 2401 1353 2449 scripsit
1397 2400 1604 2448 Domitius,
1647 2399 1743 2438 haec
1782 2402 1900 2438 sunt:

238 2473 279 2511 In
312 2473 438 2512 Maec.
473 2472 602 2519 obitu,
637 2470 765 2520 Copa,
808 2470 877 2508 Est
910 2472 948 2507 et
979 2481 1075 2516 non,
1117 2468 1186 2506 Vir
1221 2468 1360 2510 bonus,
1395 2468 1550 2517 Rosae,
1584 2467 1730 2518 Culex,
1763 2467 1901 2517 Dirae,

239 2542 389 2588 Aetna,
423 2539 537 2579 Ciris.
599 2539 738 2577 Eadem
771 2540 879 2585 sunt,
915 2548 1010 2588 quae
1041 2535 1272 2585 Pomponius
1304 2537 1580 2586 interpretatus
1612 2539 1696 2586 est,
1728 2539 1901 2587 praeter-

240 2622 347 2660 quam
379 2608 476 2660 quod
510 2608 544 2644 in
570 2607 760 2645 Moretum
794 2605 884 2643 nibil
918 2606 1047 2643 exstat
1077 2616 1098 2641 a
1124 2603 1288 2642 Domitio
1322 2606 1529 2654 scriptum,
1554 2604 1786 2654 Pomponius
1807 2615 1901 2641 vero

240 2688 314 2714 non
347 2677 476 2724 attigit
509 2675 685 2713 Aetnam.
758 2673 934 2722 Elegiam
967 2673 1003 2710 in
1035 2672 1162 2710 Maec.
1197 2671 1260 2710 ob.
1294 2672 1482 2710 Domitius
1514 2673 1784 2722 interpretatur
1815 2671 1902 2721 qui-

242 2745 346 2794 dem,
380 2743 446 2781 sed
480 2742 646 2780 adscribi
680 2754 798 2792 posse
844 2740 1012 2789 Virgilio
1055 2742 1197 2788 negat3
1244 2744 1282 2778 at
1327 2742 1489 2778 Aetnam
1529 2740 1781 2788 virgilianum
1813 2749 1903 2776 esse

244 2825 341 2862 opus
375 2812 508 2850 credit.
570 2808 713 2849 Contra
746 2810 976 2859 Pomponius
1008 2807 1182 2855 Elegiam
1215 2808 1324 2846 istam
1358 2807 1526 2856 Virgilio
1557 2808 1704 2855 tribuit,
1737 2806 1902 2844 Aetnam

245 2880 493 2918 existimabat
523 2891 545 2916 a
578 2876 755 2917 Cornelio
789 2877 941 2917 Severo
974 2876 1109 2914 saetam
1143 2888 1252 2914 esse:
1287 2877 1335 2915 cl'.
1368 2875 1408 2914 F.
1443 2875 1570 2914 Ursini
1602 2873 1791 2923 Virgilius
1813 2872 1900 2911 coll.

244 2959 318 2984 ser.
352 2960 412 2994 gr.
447 2946 583 2984 illustr.
616 2958 654 2996 p.
688 2947 784 2984 315.
818 2945 875 2983 ed.
911 2943 1047 2982 Valck.
1106 2944 1192 2982 Non
1232 2945 1481 2993 monuissem,
1522 2943 1595 2981 nisi
1639 2941 1712 2979 hoe
1750 2952 1902 2992 quoque

246 3014 420 3063 exemplo
453 3016 668 3063 constaret,
713 3015 931 3052 consuetum
968 3013 1088 3051 tuisse
1127 3012 1319 3062 Domitio,
1359 3010 1514 3063 obloqui
1555 3012 1630 3049 tum
1669 3009 1778 3057 aliis,
1827 3010 1902 3049 tum
