2006 3365
583 158 846 201 RECENSIO
880 159 1175 201 LIBRORUM.
1602 163 1704 208 337

66 275 255 323 Bembini,
304 287 409 327 quam
457 276 559 326 potui
601 277 881 314 accuratissime
921 276 1054 314 factam
1092 288 1142 314 ex
1181 275 1329 315 indiciis
1367 275 1438 325 iis,
1481 287 1576 327 quae
1617 277 1705 313 sunt

63 343 157 394 apud
193 344 365 382 Bemhum
399 345 546 394 ipsum:
588 357 809 395 responsum
841 346 923 392 est,
967 344 1101 383 nullum
1133 344 1242 384 talem
1275 345 1442 383 codicem
1473 344 1636 382 inveniri
1668 343 1702 381 in

64 412 264 450 Vaticana.

148 480 237 519 Loci
272 481 461 527 Dirarum,
494 482 538 519 de.
571 482 706 533 quihus
738 481 926 531 disputat.
959 484 1022 518 aut
1053 492 1147 531 quos
1179 481 1314 520 recitat
1345 481 1510 519 ssembus
1543 481 1578 518 in
1609 479 1703 519 Dia-

62 548 152 601 logo
193 550 239 588 de
286 548 436 598 (sulit-v,
480 549 515 587 hi
559 554 675 588 sunt:
720 562 857 587 versus
900 553 964 587 (ἰῖ.
1009 552 1045 588 et
1082 549 1142 600 qui
1175 561 1257 600 seq.
1289 552 1387 596 tres,
1421 563 1459 587 v.
1494 552 1559 588 71.
1592 553 1630 589 2.
1661 552 1701 589 3.

62 618 223 670 denique·
258 632 393 657 versus
426 621 492 657 98.
525 623 562 657 et
593 619 654 670 qui
686 631 768 670 seq.
801 618 973 669 quinque.

654 776 1115 832 Dleclz‘eeus

60 892 157 943 apud
190 892 462 939 Burumnnum,
511 891 570 944 qui
611 891 658 929 de
703 903 747 929 eo
781 892 830 929 ita
862 891 1014 938 scribit,
1056 891 1116 929 ubi
1158 890 1205 929 de
1248 891 1492 942 inscriptione
1532 891 1702 931 Dirarum

61 963 201 1000 refert:
246 963 285 998 in
327 961 535 1003 Medic-eo,
576 963 690 998 cuius
732 960 982 998 collationem
1014 974 1039 998 a
1071 960 1156 999 Cel.
1198 959 1413 999 ‹Z'Orvillio
1445 967 1590 999 nactas·
1620 961 1702 1013 fuit

64 1030 245 1069 Patruus
276 1043 399 1068 meus.
491 1028 599 1066 Ilunc
642 1028 774 1067 librum
816 1029 985 1081 quamdiu
1038 1041 1106 1079 pro
1147 1028 1260 1067 valde
1296 1030 1448 1080 antiquo
1495 1028 1702 1079 habebam,

61 1100 157 1151 quod
192 1100 309 1149 ipsum
349 1110 414 1136 cur
449 1098 602 1135 fecerim
642 1099 800 1146 nescio,
840 1098 906 1135 sed
948 1100 1113 1135 sortasse
1151 1097 1430 1136 obversabatur
1466 1099 1587 1136 animo
1620 1111 1702 1137 meo

61 1168 123 1206 illa
160 1167 245 1205 libri
288 1166 496 1216 Aproniani
543 1167 776 1216 praestantia
824 1172 935 1218 atque
985 1167 1216 1218 antiquitas:
1260 1165 1503 1205 vehementer
1542 1168 1704 1206 mirabar

61 1236 356 1274 Ioedissimorum
403 1235 603 1283 vitiorum,
648 1247 743 1286 quae
785 1247 833 1273 ex
878 1248 922 1273 eo
968 1235 1193 1284 afferuntur,
1239 1235 1519 1274 multitudinem.
1594 1236 1703 1276 Desii

59 1305 202 1352 mirari,
235 1316 340 1355 quum
373 1315 631 1352 cognoscere,
678 1304 738 1355 qui
779 1308 884 1342 esset
926 1304 989 1342 ille
1029 1303 1171 1347 codex,
1216 1303 1333 1342 licuit.
1395 1304 1539 1355 Nempe
1571 1305 1701 1344 eadem

59 1372 208 1411 collatio
249 1375 307 1410 cst
346 1370 441 1409 haud
483 1371 618 1420 dubie,
665 1384 760 1423 quae
805 1384 900 1410 nune
947 1372 1086 1411 Oxonii
1128 1377 1350 1412 asservatur
1388 1374 1422 1411 in
1468 1373 1702 1414 bibliotheca

59 1441 279 1480 Bodleiana.
342 1441 399 1478 De
427 1453 497 1492 qua
524 1440 560 1477 in
586 1440 707 1487 libro,
728 1441 785 1479 cui
810 1441 952 1479 index:
986 1440 1150 1481 Codices
1177 1441 1429 1492 Manuscripti
1462 1444 1500 1480 et
1528 1442 1701 1493 impressi

61 1522 139 1548 emn
173 1510 270 1547 notis
309 1509 595 1558 manuscriptis,
639 1508 723 1547 olim
756 1507 1021 1558 ‹I'Orvilliani‚
1064 1511 1124 1561 qui
1158 1511 1192 1547 in
1224 1510 1463 1548 Bibliotheca
1498 1511 1702 1550 Bodleiana

61 1578 156 1629 apud
192 1577 436 1617 Oxonienses
468 1577 740 1627 adservantur,
774 1578 914 1616 Oxonii
939 1577 1196 1618 MDCCCVI.
1226 1591 1317 1628 pag.
1340 1581 1405 1617 40.
1432 1581 1483 1618 ita
1511 1582 1699 1619 refertur:

60 1648 110 1687 X.
149 1651 181 1685 1.
215 1649 258 1695 6,
296 1650 359 1685 13.
393 1649 430 1684 5.
465 1646 639 1685 Collatia
672 1651 873 1684 VIRGILII
900 1648 1091 1685 Dirarnm
1122 1647 1363 1686 ecl.Pillzoei
1388 1649 1576 1687 cumeod.
1603 1649 1701 1689 Me-

60 1717 172 1755 dicen
204 1729 241 1754 n.
274 1718 340 1754 38.
383 1728 533 1754 scama.
567 1720 633 1753 38.
663 1728 732 1767 pp.
767 1720 804 1753 3.
865 1715 940 1754 Iam
974 1718 1186 1755 conseratur
1218 1717 1269 1755 A.
1292 1716 1348 1756 M.
1380 1717 1549 1755 Bandinii
1582 1715 1700 1757 Gata-

58 1784 171 1833 logus
215 1784 392 1823 Codicum
432 1784 642 1822 Latinorum
685 1782 944 1823 Bibliothecae
983 1786 1180 1824 mediceae
1227 1786 1499 1824 Laurentianae
1543 1785 1615 1825 To.
1649 1786 1698 1825 11.

58 1853 156 1892 Plut.
188 1852 415 1891 XXXVIII.
449 1852 545 1892 Cod.
567 1868 753 1900 xxxvm,
787 1866 871 1890 xvl.
902 1853 972 1892 001.
995 1857 1089 1893 281.
1150 1854 1332 1893 Testatur
1355 1855 1559 1893 ssandinius
1587 1853 1699 1893 char-

58 1928 200 1961 taceum
234 1934 322 1960 esse
355 1922 540 1970 codicem,
574 1921 715 1960 saeculi
748 1921 838 1959 XV.
899 1921 1029 1973 Itaque
1062 1926 1099 1961 et
1131 1923 1413 1961 recentissimus
1445 1926 1526 1969 est,
1559 1926 1597 1961 et
1628 1936 1698 1962 ne-

56 1990 253 2039 gligenter
285 1991 470 2040 scriptus,
514 1990 580 2028 sed
614 1994 733 2028 tamen
767 1991 909 2027 minime
942 1991 1255 2037 contemnendus,
1289 2004 1395 2042 quum
1429 1994 1466 2028 et
1496 1991 1569 2029 alia
1598 1992 1698 2031 bona

58 2058 233 2097 nonnulla
266 2070 343 2096 cum
374 2058 460 2095 aliis
492 2058 604 2096 bonis
637 2058 742 2096 libris
776 2060 999 2107 communia,
1045 2063 1082 2097 ct
1114 2059 1173 2097 bis
1205 2059 1309 2097 solus
1342 2071 1420 2097 cum
1452 2061 1582 2110 paucis
1612 2060 1697 2099 aliis

57 2128 90 2165 id
125 2132 355 2175 conservet,
388 2127 483 2178 (prod
517 2130 580 2165 aut
611 2139 759 2174 verum,
792 2132 854 2165 aut
885 2128 1090 2177 proximum
1123 2141 1244 2175 vero,
1278 2141 1316 2166 v.
1352 2131 1417 2166 41.
1449 2131 1487 2167 et
1521 2132 1613 2167 166.
1646 2130 1698 2167 ita

57 2202 96 2235 ut
128 2196 185 2234 his
216 2196 360 2247 quidem
393 2197 426 2233 in
459 2196 552 2233 locis
585 2196 692 2234 etiam
726 2194 811 2233 illos
843 2200 1017 2246 superet,
1051 2197 1112 2249 qui
1138 2197 1232 2235 alias
1253 2198 1406 2248 optimi,
1435 2197 1696 2247 petavianum,

55 2265 301 2312 'I‘huaneum,
334 2264 613 2313 Augustanum.
676 2264 736 2304 CI'.
771 2276 856 2302 mox
888 2265 934 2302 de
966 2265 1138 2303 Parisino
1171 2265 1239 2303 IV.

144 2335 241 2371 Sunt
271 2333 378 2370 etiam
409 2333 469 2371 alii
502 2333 693 2381 Medicei,
727 2334 760 2372 iu
795 2331 984 2382 Catalogo
1010 2333 1205 2383 Bandinii,
1238 2334 1298 2386 qui
1331 2334 1444 2372 Diras
1477 2335 1694 2374 continent:

56 2403 359 2441 membranaceus
390 2414 492 2440 saec.
523 2402 631 2441 XIV.
665 2403 851 2450 ineuntis,
901 2404 938 2441 nt
969 2401 1145 2453 perhibet
1177 2403 1404 2452 ssanffinius,
1437 2415 1516 2442 cum
1546 2404 1695 2453 glossis

55 2477 94 2509 et
124 2470 304 2517 scholiis,
337 2470 410 2509 To.
442 2470 492 2509 ΙΙ.
525 2471 623 2509 Plut.
645 2471 835 2509 XXXIII.
870 2471 965 2511 Cod.
991 2486 1110 2509 xxxt.
1130 2471 1200 2510 col.
1225 2474 1315 2510 125.
1379 2473 1462 2510 item
1494 2472 1693 2511 membran.

55 2539 259 2578 saec.XV.
282 2539 373 2577 ibid.
392 2538 487 2577 Plut.
508 2539 693 2578 XXXIX.
716 2538 810 2579 Cod.
834 2554 950 2578 xv111.
985 2540 1056 2578 col.
1079 2543 1174 2580 309.
1235 2540 1456 2580 chartaceus
1479 2552 1581 2579 saec.
1602 2540 1692 2581 XV.

55 2608 138 2647 olim
171 2608 404 2651 Gaddianus,
436 2607 508 2646 Το.
541 2607 610 2646 ΙΙΙ.
644 2607 742 2647 Plut.
777 2608 993 2647 Lxxxxl.
1027 2607 1122 2648 Cod.
1156 2624 1245 2648 mx.
1279 2609 1350 2648 col.
1388 2611 1480 2648 153.
1540 2622 1693 2661 quorum

55 2689 162 2714 unum
193 2675 323 2714 saltem
354 2675 559 2714 alterumve
586 2681 782 2727 praestare
815 2679 870 2726 ei,
903 2690 1008 2728 quem
1041 2678 1199 2716 contulit
1219 2677 1428 2725 Orvillius,
1458 2677 1692 2717 crediderim.

55 2743 154 2783 Huic
185 2743 272 2782 illud
305 2744 494 2795 proprium
527 2748 609 2791 est,
641 2745 736 2797 quod
769 2750 922 2796 praeter
954 2745 1068 2784 Diras
1101 2746 1189 2785 nihil
1223 2747 1392 2785 continet
1420 2746 1690 2795 Virgilianum.

55 2812 127 2864 Qui
157 2813 219 2852 alii
253 2802 403 2852 codices
436 2813 550 2851 Diras
590 2812 752 2863 habent,
792 2814 963 2866 plerique
995 2817 1146 2865 praeter
1178 2815 1292 2853 Diras
1322 2814 1396 2853 alia
1428 2814 1568 2853 habent
1601 2815 1691 2853 Vir-

54 2881 197 2930 giliana
229 2883 314 2921 sive
335 2881 501 2930 Virgilio
534 2882 647 2919 tribui
675 2882 800 2922 solita.
863 2882 912 2922 Ut
944 2884 1083 2922 caeteri
1112 2883 1306 2932 Medicei,
1338 2895 1432 2934 quos
1463 2884 1692 2923 enumeravi.

139 2950 284 2990 Licebit
322 2951 431 2989 ctiam
473 2950 645 2988 Bandinii
678 2963 750 3001 ope
781 2951 875 2990 alios
908 2952 1124 3001 Mediccos,
1170 2951 1308 3003 quihus
1339 2949 1399 2988 hic
1431 2950 1507 2989 illic
1537 2951 1572 2988 in
1605 2952 1690 2991 An-

54 3017 227 3071 thologia
257 3020 387 3059 Latina
419 3020 474 3058 usi
508 3022 595 3057 sunt
626 3019 696 3057 viri
728 3020 854 3070 docti,
888 3020 1005 3059 veluti
1026 3021 1070 3058 ad
1091 3020 1292 3069 Priapeia,
1326 3032 1375 3057 ex
1402 3023 1507 3069 parte
1527 3019 1690 3060 iuvesti-

124 3098 278 3130 Valerius
303 3097 396 3130 Cato.
1355 3090 1420 3133 22
