1970 3350
221 156 254 199 6
649 149 869 191 VALERII
902 146 1139 189 CATONIS
1172 146 1439 189 CARMINA.

225 257 316 312 Qui
354 256 550 301 dominis
587 255 756 299 infesta
792 254 1022 297 minantes
1060 258 1230 313 stagna
1265 252 1552 315 relinquant,

224 358 359 406 Unde
396 359 554 419 elapsa
589 372 715 402 meos
752 371 889 416 agros
926 356 1193 416 pervenerit
1229 355 1366 401 unda.

225 462 439 507 Piscetur
475 460 645 505 nostr1s
683 460 729 504 in
767 458 936 504 finibus
974 458 1157 504 advena
1194 464 1370 514 arator,

228 563 450 615 Aduena,
488 561 618 608 civili
656 563 734 624 qui
771 578 953 623 semper
989 563 1181 607 crimine
1219 563 1382 607 crevit.

227 667 267 711 0
304 664 425 710 male
463 664 644 719 devoti,
680 672 945 727 praetorum
983 666 1196 719 crimina,
1234 665 1401 725 agelli,

227 768 395 831 Tuque
432 769 616 814 inimica
651 771 719 814 tui
756 784 938 830 semper
975 768 1204 813 discordia
1241 769 1372 814 civis.

226 871 380 917 Exsul
418 888 532 933 ego,
571 872 888 926 indemnatus,
926 887 1093 932 egenS,
1131 887 1234 917 mea
1272 888 1379 917 rura
1416 872 1606 934 reliqui,

226 975 366 1021 Miles
404 982 454 1021 ut
491 977 686 1037 accipiat
723 976 896 1021 funesti
932 976 1138 1036 praemia
1172 974 1300 1020 belli.

225 1077 347 1124 Hinc
383 1094 470 1139 ego
508 1078 564 1124 de
600 1078 776 1124 tumulo
814 1094 916 1123 mea
952 1093 1061 1122 rura
1097 1079 1351 1123 novissima
1388 1078 1552 1123 visam.

226 1180 347 1227 Hinc
383 1181 457 1227 ibo
495 1182 542 1226 in
581 1181 750 1228 silvas:
788 1180 1038 1226 obstabunt
1076 1183 1163 1226 iam
1200 1181 1312 1226 mihi
1349 1181 1514 1231 colles,

226 1284 491 1329 Obstabunt
527 1289 720 1329 montes.
771 1283 970 1344 Campos
1008 1282 1166 1329 audire
1203 1284 1384 1330 licebit:

225 1385 395 1432 Dulcia
431 1403 540 1432 rura
576 1386 757 1439 valete,
796 1392 841 1431 et
878 1386 1032 1447 Lydia
1069 1386 1247 1431 dulcior
1283 1386 1402 1437 illis,

227 1489 289 1536 Et
326 1492 442 1535 casti
479 1490 655 1544 fontes,
694 1495 740 1535 et
776 1489 894 1535 felix
932 1505 1098 1535 nomen
1136 1490 1294 1551 agelli.

229 1592 430 1638 Tardius
468 1592 526 1637 ah
563 1594 758 1638 miserae
797 1592 1064 1638 descendite
1100 1600 1256 1638 monte
1293 1593 1525 1655 capellae:

229 1697 395 1743 Mollia
430 1712 522 1742 non
560 1698 725 1742 iterum
763 1697 962 1757 carpetis
999 1695 1171 1758 pabula
1207 1702 1338 1741 nota:

230 1801 399 1864 Tuque
436 1802 601 1846 resiste
637 1806 784 1862 pater.
833 1798 907 1844 En
944 1801 1092 1860 prima
1129 1801 1383 1845 novissima
1419 1800 1552 1844 nobis

229 1904 420 1950 Intueor
457 1919 642 1964 campos
680 1903 896 1964 longumx
933 1909 1089 1948 manet
1127 1905 1251 1949 ensis
1289 1904 1336 1948 in
1374 1903 1482 1948 illis.

231 2007 360 2053 Rura
395 2006 552 2053 valete
591 2007 779 2062 iterum,
816 2012 961 2068 tuque
998 2008 1171 2068 optima
1206 2006 1363 2068 Lydia
1399 2006 1548 2052 salve.

233 2110 351 2157 Sive
390 2111 480 2155 eris
518 2116 564 2155 et
601 2111 640 2155 si
677 2125 794 2164 11011,
832 2125 1011 2155 1116611111
1049 2111 1279 2165 morieris,
1317 2118 1581 2172 utrumque.

235 2213 513 2259 Extremum
551 2228 735 2258 carmen
775 2229 1050 2259 revocemus
1088 2211 1281 2258 Battare
1318 2229 1483 2258 avena.

233 2315 404 2361 Dulcia
441 2331 595 2361 amara
630 2317 758 2377 prius
795 2316 935 2371 fient,
974 2323 1019 2362 et
1057 2316 1215 2361 mollia
1251 2315 1389 2371 dura,

237 2418 446 2465 Candida
482 2420 617 2479 nigra
654 2419 775 2464 oculi
812 2426 1029 2474 cernent,
1067 2426 1112 2465 et
1150 2419 1345 2465 dextera
1381 2419 1542 2475 laeva,

238 2521 514 2583 Migrabunt
551 2538 686 2567 casus
725 2523 878 2567 aliena
914 2524 958 2567 in
998 2539 1191 2584 corpora
1228 2538 1405 2568 rerum:

241 2624 392 2681 Quam
428 2631 509 2671 tua
545 2625 601 2670 de
638 2627 808 2671 nostris
846 2627 1044 2688 emigret
1080 2642 1191 2671 cura
1227 2625 1458 2671 medullis.

241 2729 468 2785 Quamvis
506 2729 627 2789 ignis
665 2730 781 2785 eris,
819 2730 1034 2790 quamvis
1072 2745 1213 2791 aqua,
1251 2745 1433 2791 semper
1469 2729 1652 2775 amabo:

239 2831 421 2877 Gaudia
457 2846 640 2894 semper
677 2832 798 2876 enim
835 2837 915 2876 tua
952 2847 1024 2876 me
1063 2833 1327 2878 meminisse
1364 2832 1535 2880 licebit.

1794 462 1863 505 80

1796 976 1864 1020 85

1800 1493 1868 1536 90

1810 2010 1878 2053 95

1778 2525 1879 2569 100
