2006 3365
257 158 323 202 32
819 147 1351 189 ANJMADVERSIONES

258 270 377 309 tentia
418 270 567 320 poetae.
636 264 823 313 Virgilius
861 262 998 312 Eclog.
1033 262 1142 301 vul.
1175 266 1242 301 27.
1275 263 1339 300 uhi
1370 262 1415 301 de
1445 263 1669 302 inconcinno
1700 262 1831 314 Mopsi
1868 262 1907 301 et

258 338 376 377 Nisae
407 335 655 375 matrimonio:

600 402 816 452 Iunyentur
847 404 923 440 iam
953 401 1130 452 qryplzes
1162 401 1304 453 equis,
1338 402 1411 438 etc.

260 472 350 513 Cum
382 474 518 523 poetae
550 470 647 521 apud
680 469 904 510 Ciceronem
937 469 1036 507 dicto
1070 470 1249 507 convenit
1280 468 1544 520 quodammodo
1576 468 1771 519 Senecae,
1805 467 1906 518 Hip-

258 542 383 593 polyt.
417 543 513 579 568.
547 540 704 592 iynibus
736 543 876 590 iunges
909 552 1044 592 aquas
1077 541 1150 578 ete.
1184 539 1232 576 cf.
1265 537 1452 576 Octaviae
1483 551 1523 576 v.
1555 540 1651 576 223.

343 677 393 717 V.
427 682 463 717 5.
511 681 734 717 DELPHlNl
762 683 799 715 F.
826 682 865 715 P.
893 682 933 715 A.
961 680 1087 714 ANTE
1113 680 1380 715 COLUMBAS.
1425 675 1638 715 columbam
1669 675 1822 714 Monac.
1855 673 1906 713 Π.

258 748 500 802 aquilaeque
532 747 733 787 columbas
767 747 982 784 coniecerat
1014 745 1207 783 Francius.

345 886 394 925 V.
425 890 462 924 6.
514 891 573 924 ΕΤ
606 889 856 924 CONVERSA
890 889 1044 923 RETRO
1077 889 1242 922 RERUM
1276 889 1531 923 DISCORDIA
1558 889 1770 923 GLISCET.
1830 880 1908 921 Hic

259 967 407 1006 quoque
440 954 692 1003 Augustanus
725 955 919 1002 coniungit
950 957 1061 1005 atque
1094 954 1285 992 confundit
1316 952 1511 1003 syllabas,
1545 966 1640 1005 quae
1679 953 1907 1001 disiungen-

259 1024 329 1061 dae
374 1028 502 1068 erant,
550 1027 589 1062 et
628 1036 723 1075 quae
762 1023 1074 1071 coniungendae,
1124 1023 1323 1073 disiungit.
1374 1026 1572 1072 praeterea
1612 1023 1646 1061 in
1686 1034 1731 1060 eo
1777 1022 1909 1060 discet

259 1092 426 1141 legitur,
466 1092 528 1130 vel
565 1093 692 1142 potius
733 1093 898 1141 elis-cet,
940 1092 973 1129 si
1007 1093 1108 1129 recte
1147 1092 1276 1130 video.
1339 1091 1573 1130 Sententiam
1612 1092 1648 1129 in
1693 1091 1908 1128 universum

260 1166 362 1199 recte
387 1163 611 1211 perceperat
639 1159 866 1205 Putschius,
897 1172 1004 1211 quum
1037 1172 1081 1197 se
1105 1160 1148 1197 ad
1177 1172 1329 1210 pravam
1358 1160 1491 1198 deduci
1516 1159 1793 1198 distinctionem
1818 1171 1908 1209 pas-

260 1242 326 1266 sus
359 1234 431 1267 est.
476 1228 581 1280 Quae
613 1227 774 1278 simplex
806 1229 1016 1267 sententia:
1048 1234 1085 1267 ec
1115 1229 1210 1279 fient
1241 1236 1411 1267 naturae
1432 1229 1642 1283 ordinique
1661 1241 1788 1267 rerum
1813 1240 1910 1266 con-

259 1299 413 1346 !raria,
446 1309 523 1334 eam
556 1295 651 1335 Cato
685 1295 809 1346 paullo
842 1297 1044 1346 operosius
1076 1297 1128 1335 ita
1159 1297 1286 1335 effert:
1326 1301 1363 1336 et
1395 1297 1480 1341 liet,
1519 1297 1696 1347 incipiet,
1739 1308 1808 1347 per
1838 1295 1910 1333 im-

260 1367 496 1405 mutationem
529 1369 641 1417 atque
682 1366 988 1414 conversiorwm,
1028 1377 1149 1403 rerum
1188 1366 1390 1404 discordia.
1454 1365 1521 1404 Sic
1561 1365 1632 1404 hoc
1673 1365 1910 1404 circumscri-

262 1435 445 1475 bendum,
487 1435 573 1486 quia
604 1434 758 1483 vulgari
791 1446 964 1472 sermone
996 1446 1067 1472 non
1108 1434 1198 1472 lieet
1234 1433 1426 1485 prolepsin
1464 1435 1641 1487 assequi,
1682 1446 1788 1486 quam
1821 1444 1911 1472 esse

264 1506 299 1542 in
331 1518 370 1542 v.
404 1504 614 1543 discordia
646 1502 910 1541 animadvertit
941 1502 1159 1541 Putschius.
1194 1503 1344 1553 proprie
1376 1503 1426 1540 ita
1457 1503 1651 1541 dicendum
1682 1504 1782 1541 erat:
1815 1513 1911 1554 quae

262 1585 359 1611 nunc
393 1578 452 1610 est
479 1573 698 1616 concordia,
732 1576 834 1610 retro
862 1584 1072 1614 conversa,
1106 1572 1169 1610 fiet
1194 1572 1396 1610 discordia.
1438 1571 1576 1610 Eadem
1600 1571 1791 1610 sententia
1810 1570 1912 1610 Ovi-

262 1642 333 1689 dii,
365 1641 485 1680 Trist-
518 1643 548 1680 l.
582 1657 667 1689 vul,
702 1645 739 1679 5.

549 1710 691 1750 Omnia
723 1717 893 1748 naturae
921 1716 1190 1763 praepostera
1222 1708 1375 1760 leqibus
1408 1707 1530 1748 ibunt.

261 1793 385 1820 versa
424 1786 529 1818 retro
570 1779 778 1817 sententia:
822 1777 963 1826 Vin-gil.
1003 1779 1103 1817 Aen.
1138 1777 1188 1817 X.
1223 1779 1259 1816 ἶ.
1320 1779 1488 1828 {Iliso-el,
1528 1777 1707 1828 incipiet,
1749 1778 1910 1817 orietur·

263 1847 353 1886 nihil
384 1846 562 1898 amplius,
606 1853 644 1887 et
674 1848 732 1886 sic
763 1847 915 1897 saepius
946 1847 1042 1897 apud
1078 1850 1250 1885 veteres:
1295 1848 1367 1884 etsi
1409 1859 1478 1884 non
1517 1858 1618 1895 nego
1659 1845 1911 1896 metaphoram

263 1918 390 1955 inesse
424 1917 563 1965 verbo,
596 1918 761 1954 sortasse
791 1916 838 1954 ab
872 1917 964 1964 igne
995 1916 1154 1954 ductarii.
1216 1915 1257 1954 ln
1288 1915 1413 1953 Taciti
1447 1914 1555 1961 loco,
1596 1927 1701 1966 quem
1734 1915 1912 1964 Silligius

264 1985 411 2035 laudat,
444 1984 582 2024 Annal.
616 1985 685 2024 lV.
720 2000 819 2022 xvir.
854 1988 952 2023 extr.
986 1985 1054 2022 iam
1087 1984 1293 2034 conspicua
1325 1987 1385 2022 est
1416 1984 1609 2022 crescendi
1642 1984 1758 2022 notio.
1806 1982 1910 2023 Cae-

264 2060 380 2093 terum
411 2056 479 2092 iam
511 2055 656 2099 monui,
691 2053 779 2091 nihil
812 2053 909 2092 hunc
940 2065 1091 2091 versum
1124 2064 1236 2101 esse,
1280 2053 1351 2090 nisi
1382 2064 1556 2090 versuum
1588 2053 1648 2104 qui
1679 2052 1912 2102 praecedunt

264 2124 416 2162 duorum
449 2123 755 2173 explicationem.
795 2134 874 2159 nam
906 2120 1000 2160 haec
1032 2124 1093 2160 est
1124 2135 1250 2160 rerum
1282 2122 1515 2170 discordia,
1555 2120 1588 2158 si
1620 2120 1732 2171 lupos
1763 2121 1910 2172 rapiant

264 2191 396 2239 haedi,
429 2191 535 2230 vituli
568 2191 717 2236 leones,
752 2194 823 2230 etc.

348 2260 477 2299 Closs.
513 2259 563 2298 V.
590 2260 620 2298 l.
661 2259 755 2298 male
788 2259 833 2297 de
865 2258 958 2297 chao
990 2258 1155 2307 cogitat:
1192 2259 1260 2311 fiet
1291 2259 1477 2310 confusio
1507 2265 1544 2298 et
1575 2258 1701 2298 chaos
1734 2258 1854 2313 quale
1883 2271 1910 2297 α

263 2332 461 2383 principio
491 2330 584 2380 fecit.

352 2467 401 2505 V.
437 2471 473 2505 7.
520 2473 685 2506 MULTA
718 2473 877 2513 PRlUS,
914 2472 1084 2506 FUERI'P
1115 2472 1250 2513 QUAM
1285 2471 1383 2505 NON
1408 2472 1509 2505 MEA
1535 2472 1708 2506 LIBERA
1732 2472 1908 2506 AVENA.

267 2536 446 2575 Dil'licilis
476 2535 607 2584 locus,
640 2537 706 2575 sed
741 2540 860 2575 tamen
888 2548 960 2574 non
990 2541 1060 2574 tam
1086 2536 1270 2580 difficilis,
1297 2550 1401 2587 quam
1428 2538 1535 2575 visus
1561 2542 1621 2576 est
1646 2537 1780 2575 multiS.
1815 2537 1907 2576 Sci-

268 2605 358 2644 licet
396 2605 517 2642 nmltis
555 2606 674 2643 fraudi
714 2607 784 2644 fuit
824 2618 944 2656 prava
983 2605 1197 2652 distinctio,
1240 2617 1334 2656 quae
1373 2607 1406 2643 in
1446 2605 1613 2644 Romana
1643 2605 1691 2645 ll.
1745 2605 1907 2645 Venetis

268 2673 409 2712 Achat.
442 2674 541 2712 Rub.
576 2674 745 2720 husam,
780 2674 998 2722 vicentina,
1039 2675 1198 2725 itemque
1230 2675 1422 2712 Vossiano
1455 2674 1504 2713 11.
1547 2676 1580 2713 in
1614 2674 1774 2712 Venetis
1806 2675 1907 2713 Bur-

270 2744 409 2791 manni,
442 2743 657 2791 Brixiensi,
701 2747 738 2782 et
769 2744 913 2780 omnino
945 2743 980 2780 in
1012 2742 1108 2779 omni
1140 2742 1236 2780 libro
1269 2742 1367 2781 edito
1399 2747 1486 2781 ante
1518 2742 1699 2792 Aldinas,
1741 2743 1812 2780 nisi
1845 2744 1906 2794 qui

271 2823 358 2849 casu
391 2812 496 2850 aliam
528 2811 688 2859 hahent,
721 2812 971 2861 exceptisque
1002 2811 1069 2858 iis,
1102 2811 1161 2861 qui
1194 2822 1312 2861 neque
1344 2816 1430 2862 post
1460 2812 1629 2863 ylice-et,
1666 2822 1787 2862 neque
1817 2814 1907 2862 post

269 2883 383 2930 prius
417 2881 705 2931 interpnngunt,
738 2883 777 2917 ut
806 2878 1037 2917 Mutinensis
1068 2881 1106 2917 et
1137 2879 1219 2917 cod.
1253 2879 1505 2927 Basileensis,
1538 2877 1624 2917 talis
1655 2880 1734 2917 est:

551 2949 606 2988 Et
636 2961 832 2987 conversa
864 2956 967 2986 retro
999 2961 1123 2986 rervm
1155 2947 1363 2987 discordia
1393 2949 1539 3000 quse-et

556 3017 691 3057 Multa
720 3018 864 3068 prins:
893 3017 1017 3067 fuerit
1050 3030 1086 3070 (l-
1120 3029 1155 3053 η.
1184 3031 1229 3056 m.
1262 3017 1287 3055 l.
1320 3031 1358 3056 a.
