2006 3365
484 153 538 192 IN
569 151 788 192 VALERII
821 150 1057 193 CATONIS
1089 150 1269 191 DIRAS.
1624 152 1690 197 63

289 267 396 307 Tune
425 269 515 318 iusl‘)
548 271 692 318 iunyas·
723 281 780 307 me
810 274 927 317 ante,
959 274 997 307 et
1027 266 1232 305 succedere
1263 267 1386 304 aratro

282 336 473 384 Invitum,
506 343 543 375 ct
572 336 714 388 ‚alebas
747 336 914 388 subigas
944 336 1204 388 proscindere
1231 329 1371 386 ferro?

55 416 96 455 Id
129 416 266 455 tantum
298 415 518 466 requiritur,
553 418 590 453 ut
613 427 657 453 ea
681 427 764 465 res,
797 416 853 453 cui
880 414 1016 466 aliquis
1048 414 1259 464 succedat,
1291 413 1436 464 pondus
1458 411 1595 452 habeat
1618 424 1690 451 non

55 483 388 531 contemnendum,
423 486 535 534 utque
566 486 726 533 ponatur
757 484 791 520 in
824 482 942 529 collo,
977 482 1063 520 sive
1094 481 1267 520 humeris.
1330 481 1380 520 Ut
1410 483 1444 519 in
1478 495 1591 520 versu
1614 481 1691 520 Lu-

55 553 129 592 cilii
162 553 207 591 de.
239 553 327 601 iugo
360 552 619 600 cogitandum,
653 551 747 602 quod
781 550 878 589 collo
911 551 1109 600 imponitur
1139 550 1247 588 tauri.
1307 551 1486 589 Manilius
1504 550 1572 590 IV.
1598 553 1689 588 142.

56 621 248 660 submittit
280 622 433 659 aratz-is
467 621 605 659 Colla:
649 620 719 657 nisi
752 619 803 656 ibi
836 630 930 656 vera
960 619 1009 656 sit
1040 617 1255 656 coniectura
1284 618 1444 657 Bentleii
1477 622 1515 657 in
1545 623 1689 658 astris.

55 691 138 729 Non
171 690 268 728 bene
308 689 443 740 aliquis
481 689 608 728 cultro
646 687 883 734 succedere,
923 697 995 724 non
1034 685 1131 724 bene
1170 687 1335 724 fortasse
1373 687 1587 736 frondator,
1629 688 1690 726 vel

55 759 190 797 dextra
221 758 473 805 srondatoris,
509 757 635 809 falci,
673 760 757 805 aut,
801 768 873 806 quo
905 753 1091 792 vocabulo
1122 754 1246 793 Varro
1278 754 1391 793 utitur
1422 755 1455 791 in
1488 766 1528 793 re
1559 756 1691 804 simili,

53 827 299 879 sbrcipibus,
338 826 524 864 diceretur
564 824 790 863 succedere.
852 822 907 861 At
937 823 1032 873 apud
1066 820 1246 861 Catonem
1275 823 1423 874 ferrum
1454 821 1550 860 baud
1583 823 1693 862 dubie

55 896 201 934 securis
222 898 304 933 est:
337 907 380 933 ac
403 894 534 932 videor
558 892 641 930 mibi
665 892 795 930 videre
815 891 985 941 militem,
1015 891 1074 943 qui
1096 892 1336 941 profecturus
1358 892 1392 928 in
1418 891 1550 929 silvam
1576 891 1693 930 attol-

56 963 100 1003 lit
130 965 314 1013 securim,
346 962 526 1013 ponitque
558 962 591 999 in
625 960 788 998 humero,
849 959 971 998 Varro
1003 959 1233 998 Parmenone
1263 971 1323 1010 ap.
1355 959 1516 998 Nouium
1547 973 1584 1011 p.
1619 961 1692 1004 79.

61 1037 123 1072 19.
155 1034 189 1071 in
221 1031 349 1077 simili,
382 1033 421 1069 ut
454 1029 621 1079 videtur,
654 1029 929 1079 descriptione:

337 1111 473 1161 ferens
503 1111 677 1161 ferream
706 1110 860 1148 humero
895 1108 1091 1162 bipennem
1122 1110 1303 1147 securim.

55 1190 140 1239 vel,
179 1194 220 1230 ut
251 1190 430 1238 Scaliger
462 1190 571 1229 Coni.
606 1190 640 1226 in
674 1188 833 1227 Varron.
874 1201 910 1239 p.
950 1192 1038 1227 120.
1070 1189 1169 1228 llSt.
1210 1190 1283 1228 ista
1322 1189 1568 1240 probabiliter
1599 1201 1694 1228 con-

55 1261 174 1300 iunxit
206 1272 284 1299 cum
315 1260 388 1298 alio
420 1259 515 1310 apud
548 1258 706 1297 Nonium
738 1260 971 1307 fragmento:

909 1365 960 1371 -
992 1344 1100 1383 alius

340 1414 539 1453 caballum
571 1412 727 1452 arboris
759 1426 866 1451 ramo
899 1416 937 1451 in
966 1413 1101 1452 humili
1130 1413 1340 1464 alliyatum

342 1484 553 1537 relinquit.
582 1483 720 1533 ferens
751 1482 925 1532 ferream
954 1482 1108 1520 humero
1141 1481 1338 1534 bipennem

343 1553 512 1591 securim
522 1581 529 1589 .

58 1639 164 1691 Quae
195 1637 266 1676 alia
306 1637 357 1675 ibi
392 1636 570 1685 Scaliger
610 1648 658 1674 ex
697 1635 783 1673 aliis
814 1634 927 1673 Nonii
967 1635 1062 1674 locis
1101 1634 1337 1687 agglutinat,
1380 1649 1429 1675 ex
1467 1637 1594 1676 eadem
1627 1638 1697 1677 de-

57 1706 264 1758 scriptione
296 1718 385 1744 esse
417 1705 525 1744 facilc
556 1704 722 1754 largior,
761 1716 806 1743 ac
840 1704 949 1742 video
988 1716 1172 1743 numerum
1211 1707 1342 1756 partim
1375 1707 1522 1753 inesse,
1566 1708 1696 1757 partim

59 1778 273 1816 coniectura
304 1775 449 1813 restitui
490 1786 605 1825 posse
643 1786 746 1822 eum,
785 1786 857 1825 quo
897 1772 959 1811 illa
999 1773 1176 1812 distincta
1213 1774 1390 1825 exhibui,
1437 1774 1695 1814 bai-,chiacumz

60 1845 240 1897 quomodo
272 1845 368 1881 inter
399 1855 441 1881 se
471 1842 624 1891 singula
656 1845 872 1887 nectantur,
916 1854 986 1880 non
1030 1843 1156 1881 video.
1218 1843 1419 1882 Probabile
1457 1847 1577 1883 autem
1617 1848 1696 1891 est,

61 1913 154 1952 llaec
190 1913 311 1951 omnia
340 1912 432 1957 alio,
475 1925 579 1963 quam
619 1911 716 1962 apud
751 1910 1013 1961 Scaligerum,
1055 1913 1199 1962 scripta
1237 1913 1354 1950 fuisse
1394 1913 1546 1950 ordine:
1595 1914 1698 1951 initio

62 1981 327 2033 descriptionis
359 1980 442 2030 illa,
483 1993 578 2031 quae
616 1980 796 2030 apposui,
836 1992 880 2018 ea
920 1992 1031 2025 vero,
1074 1992 1170 2031 quae
1208 1981 1387 2030 Scaliger
1426 1982 1530 2019 initio
1554 1983 1696 2032 ponit,

63 2052 255 2090 Caeditur
279 2051 393 2089 lucus
423 2053 493 2087 etc.
522 2053 710 2099 postrema
737 2049 870 2086 fuisse.
918 2047 1027 2086 Prius
1059 2049 1369 2087 describebantur
1396 2049 1637 2089 involantium
1662 2051 1698 2089 in

64 2120 196 2159 silvam
228 2120 408 2170 impetus,
440 2117 614 2166 babitus,
647 2118 910 2161 instrumenta,
944 2121 1016 2155 tum
1049 2118 1183 2156 cadere
1214 2118 1369 2157 arbores
1401 2119 1583 2169 singulas.

150 2188 260 2227 Alias
291 2189 497 2226 excisarum
530 2186 707 2224 silvarum
738 2186 984 2237 arborumque
1015 2186 1291 2237 descriptIones
1322 2187 1417 2238 apud
1445 2188 1599 2226 Ennium
1631 2188 1699 2227 lia-

66 2258 156 2296 bes:
189 2257 379 2296 Incedunt
411 2256 581 2294 arbusta
609 2269 681 2308 per
712 2256 822 2304 alta,
856 2255 1065 2295 securibus
1098 2257 1289 2306 caedunt,
1316 2259 1389 2295 etc.
1423 2260 1460 2296 et
1483 2258 1578 2308 apud
1603 2271 1699 2308 poe-

67 2332 149 2375 tas,
181 2339 276 2377 quos
307 2326 356 2364 ibi
389 2324 567 2364 Columna
597 2324 722 2362 laudat
752 2337 788 2375 p.
817 2325 882 2362 67.
906 2337 985 2376 seq.
1019 2325 1078 2363 ed.
1100 2324 1251 2364 Hessel.
1295 2326 1344 2364 Et
1374 2326 1503 2364 similis
1535 2329 1700 2365 lortasse

67 2396 136 2433 suit
166 2395 274 2432 Ennii
305 2393 430 2443 locus,
462 2406 511 2432 ex
542 2406 614 2446 quo
645 2393 791 2431 Nonius
823 2406 857 2443 p.
883 2395 984 2442 194,
1006 2398 1069 2432 23.
1105 2393 1177 2432 hoc
1208 2395 1401 2433 servavit:
1436 2395 1563 2435 basus
1595 2398 1701 2445 icta,

68 2471 192 2503 lasus
224 2471 355 2502 tonsa.
396 2463 428 2500 si
470 2475 560 2501 vera
599 2465 658 2501 est
690 2462 855 2500 Mereeri
888 2462 1109 2500 emendatio.
1143 2461 1297 2511 Vulgo:
1331 2463 1365 2502 b.
1398 2468 1507 2503 ‘er-icta
1539 2468 1650 2503 tamis
1673 2472 1700 2503 t.

70 2533 239 2583 Denique
271 2530 343 2569 buc
374 2532 514 2569 rel'erre
545 2531 745 2580 Virgilium
777 2531 857 2570 Ecl.
883 2531 948 2569 lx.
983 2534 1019 2569 9.
1054 2530 1204 2575 licebit,
1238 2533 1270 2571 si
1302 2536 1440 2571 certum
1461 2534 1530 2582 sit,
1561 2535 1702 2585 fracta

71 2603 278 2641 cacumina
308 2600 432 2651 fayos
465 2611 552 2638 esse
583 2602 621 2638 vi
654 2599 781 2639 hostili
813 2601 986 2649 excisas,
1027 2601 1126 2653 quod
1159 2601 1356 2653 aliquando
1386 2602 1560 2652 placebat
1591 2603 1703 2651 Πυγ-

72 2671 149 2709 nio.
210 2669 309 2707 Idem
341 2668 390 2706 ibi
431 2668 619 2707 sentiebat
648 2669 875 2719 Pomponius
908 2669 1089 2707 Sabinus.
1234 2684 1374 2710 manus
1415 2675 1534 2723 impia
1575 2670 1703 2708 eodem

73 2739 179 2777 modo
212 2738 368 2786 dictum,
402 2736 447 2773 de
479 2737 743 2786 grassantibus
775 2740 942 2788 tempore
972 2738 1127 2789 Virgilii
1157 2739 1356 2788 militibus,
1392 2752 1414 2778 a
1444 2741 1541 2778 Foca
1572 2738 1706 2777 Gram-

74 2808 207 2845 matico
238 2805 356 2845 Anth.
390 2805 471 2844 Lat.
504 2803 567 2842 lib.
594 2804 642 2842 Il.
667 2820 871 2855 cnxxxw,
906 2810 970 2845 78.
1033 2806 1076 2846 Si
1107 2809 1226 2846 tamen
1259 2809 1386 2847 eodem
1420 2808 1524 2846 modo
1557 2807 1705 2847 dictum.

77 2875 190 2915 Certe
220 2875 309 2913 ibid.
344 2888 379 2913 v.
415 2875 479 2911 76.
512 2873 686 2912 violenta
716 2888 855 2914 manus
888 2875 994 2925 ipsos
1025 2876 1219 2924 significat
1248 2875 1395 2915 milites.

163 2957 273 2999 quom
304 2943 387 2982 cod.
420 2943 510 2980 Bas.
551 2952 623 2978 non
662 2954 711 2980 ex
741 2944 890 2994 antiquo
924 2944 1048 2993 sonte,
1093 2950 1208 2996 puto,
1246 2944 1313 2982 sed
1352 2944 1508 2982 arbitrio
1547 2943 1704 2984 librarii.

80 3026 150 3051 con
180 3014 214 3051 in
246 3012 476 3059 petaviano,
510 3013 609 3050 teste
641 3009 822 3060 llcinsi03
855 3013 893 3050 et
923 3012 981 3050 sic
1012 3012 1180 3061 August.
1213 3013 1487 3052 consuccedel.
