2006 3365
267 121 368 165 250
868 116 1230 157 DISSERTATIO
1272 117 1301 158 1.

267 232 464 284 aliquando
496 231 542 270 de
569 230 717 271 Catone
747 231 919 270 Dirarum
950 237 1101 271 auctore
1134 238 1279 284 posset.
1341 233 1478 271 Docuit
1499 232 1719 282 Iacolffiius,
1753 234 1901 272 iuvenis

267 303 339 340 tum
370 300 541 351 quidem:
585 313 663 338 narn
694 313 800 352 quum
839 302 1000 339 Bonnam
1033 302 1178 340 viseret
1208 302 1269 340 vir
1302 303 1647 352 praesttmtissimus
1679 307 1716 340 et
1747 303 1902 340 maxime

267 367 458 417 amabilis,
501 367 627 418 paullo
660 372 748 419 post
779 382 884 420 quam
919 371 1069 419 primum
1102 371 1136 408 in
1170 371 1305 409 Museo
1338 370 1523 408 lllzenano
1555 371 1748 408 consilium
1782 369 1902 410 Cato-

267 449 347 475 nem
378 436 511 474 edendi
542 450 658 475 meum
689 438 939 488 indicassem,
985 438 1167 491 simulque
1197 440 1502 478 observationem
1535 439 1630 477 illam
1662 441 1791 478 merita
1823 451 1902 478 cum

266 504 376 544 laude
407 507 819 555 commemoravissem,
852 507 1084 555 significavit
1109 507 1223 558 milii,
1255 508 1364 546 suavi
1397 511 1436 546 et
1466 507 1576 558 plane
1607 519 1676 545 sua
1707 507 1903 556 modestia,

267 586 312 612 se
343 574 412 612 iam
443 574 563 624 ipsum
595 574 746 613 oblitum
779 575 899 613 fuisse
935 576 1079 615 inventi
1113 578 1192 615 sui:
1238 577 1517 615 Dissertatione
1549 576 1595 614 de
1626 575 1713 614 Val.
1746 575 1903 616 Catonis

267 641 394 687 Diris,
428 642 464 680 in
497 642 736 681 Bibliotheca
767 647 846 682 vet.
878 643 1036 683 litterar.
1068 649 1180 698 atque
1210 646 1302 683 artis
1327 644 1570 693 Gottingensi
1594 645 1700 683 Fasc.
1727 644 1756 683 1.
1775 657 1812 695 p.
1837 647 1902 683 56.

266 723 376 764 seqq.
409 724 504 763 quae
537 724 653 764 usque.
683 712 728 750 ad
762 726 841 751 eum
873 713 969 751 diem
1000 727 1067 764 pro
1095 727 1165 752 uno
1192 714 1351 752 carmine
1372 711 1525 751 babilae
1550 714 1718 759 fuerant,
1752 714 1904 759 Diras,

267 780 304 818 in
335 780 428 819 duas
460 781 557 819 inter
602 793 646 819 se
688 781 862 820 diversas
904 785 1033 832 partes
1072 782 1298 821 dividendas
1342 793 1452 827 esse,
1491 784 1528 819 et
1567 782 1601 818 in
1649 781 1720 818 duo
1752 781 1906 820 diversa

268 850 453 896 carmina,
486 862 635 901 quorum
669 851 797 900 prius,
830 851 984 900 Dirae,
1027 864 1140 889 versu
1180 854 1267 889 103.
1314 851 1478 889 Gaudia
1510 863 1665 902 semper
1694 852 1794 889 enim
1832 853 1904 888 etc.

268 917 527 965 concluditur,
559 917 738 959 alterum,
772 922 962 969 tempore,
994 921 1219 969 occasione,
1250 925 1471 969 argumento
1504 932 1522 957 a
1542 920 1661 958 Dz'ris
1695 919 1904 966 diversum,

268 998 289 1023 a
320 999 457 1033 versu,
491 987 550 1037 qui
596 986 714 1035 vulgo
748 991 828 1026 erat
866 991 953 1026 104.
987 989 1153 1028 Invideo
1184 989 1298 1028 vobis
1326 991 1440 1040 (tyri,
1471 991 1730 1040 formosaque
1757 994 1905 1040 prata,

269 1054 414 1105 incipit.
476 1054 518 1093 Si
553 1053 647 1093 llaec
677 1067 746 1106 pro
780 1068 850 1094 uno
883 1056 1090 1095 habeantur
1132 1059 1321 1107 carmine,
1365 1063 1495 1108 parws
1536 1058 1638 1096 cerui
1685 1061 1755 1095 tam
1788 1068 1907 1105 argu-

268 1129 392 1161 mento
424 1136 529 1174 quam
562 1123 689 1162 colore
721 1124 922 1173 diversas,
956 1125 1056 1163 nullo
1086 1126 1233 1165 vinculo
1256 1139 1389 1165 nexas.
1449 1127 1490 1165 In
1524 1126 1637 1177 priori
1669 1129 1776 1175 parte
1807 1125 1909 1162 diras

269 1191 307 1229 in
339 1197 505 1241 ereptum
537 1196 673 1242 poetae
704 1205 833 1244 agrum
866 1191 1240 1243 velwmentissimas3
1273 1196 1306 1233 in
1339 1196 1542 1246 posteriori
1574 1194 1704 1232 molles
1736 1193 1909 1245 querelas

269 1261 428 1298 seiuncti
460 1273 481 1298 a
513 1260 637 1312 puella
668 1274 735 1299 sua
767 1262 964 1305 amatoris,
1000 1263 1051 1300 ita
1073 1263 1239 1314 quidem,
1275 1267 1313 1302 ut
1344 1264 1462 1302 eidem
1492 1276 1609 1312 agro,
1644 1275 1749 1314 quem
1783 1261 1909 1312 paullo

268 1333 357 1367 ante
388 1329 602 1368 devoverat
633 1331 727 1368 omni
759 1329 892 1379 modo,
926 1343 1021 1370 nunc
1042 1331 1232 1381 invideat,
1266 1344 1420 1384 eumque
1440 1333 1664 1369 tortuuatum
1697 1330 1909 1381 praedicet,

270 1399 368 1450 quod
401 1398 451 1436 ibi
485 1402 730 1437 commoretur
775 1399 911 1450 Lydia.
971 1399 1011 1438 In
1053 1400 1166 1451 priori
1206 1401 1326 1438 onmia
1366 1401 1685 1450 indignationem,
1727 1411 1910 1437 exsecra-

271 1468 395 1505 tiones
427 1468 461 1505 in
493 1480 647 1516 agrumg
688 1469 722 1506 in
760 1470 963 1519 posteriori
1007 1468 1179 1522 querelas
1221 1469 1353 1508 molles
1385 1481 1429 1508 ac
1461 1472 1635 1511 teneras,
1685 1469 1760 1506 irae
1800 1471 1912 1520 atque

270 1535 368 1584 odii,
414 1549 485 1589 quo
537 1536 662 1587 paullo
709 1541 797 1576 ante
851 1541 964 1577 totum
1010 1538 1192 1589 repletum
1237 1539 1468 1584 videramus,
1519 1537 1746 1576 oblivionem
1788 1536 1911 1574 maxi-

271 1617 376 1642 mam.
436 1604 550 1643 Plane
581 1608 621 1644 ut
661 1610 870 1656 appareat,
912 1607 972 1658 qui
1015 1606 1109 1645 llaec
1149 1607 1412 1656 coniungenda
1447 1607 1482 1645 in
1516 1618 1662 1645 carmen
1698 1618 1804 1644 unum
1837 1619 1910 1657 pu-

270 1673 440 1722 taverit,
473 1685 630 1724 prorsus
663 1677 855 1724 expertem
889 1674 1034 1713 consilii
1068 1680 1214 1726 poetam
1246 1677 1378 1714 fuisse.
1440 1674 1602 1722 Contra,
1634 1675 1665 1713 si
1700 1674 1762 1712 illa
1793 1686 1910 1725 sepa-

272 1747 399 1780 rentur
429 1743 535 1780 modo
575 1755 680 1795 quem
719 1742 826 1792 dixi,
868 1743 901 1781 id
943 1745 1039 1796 quod
1081 1745 1159 1783 lieri
1200 1746 1281 1783 sine
1321 1743 1395 1783 ulla
1435 1743 1616 1782 violentia
1648 1743 1910 1782 animadvertit

271 1810 490 1861 Iacolisius,
533 1813 691 1850 carmina
726 1813 917 1851 exsistere
950 1813 1046 1861 duo,
1086 1825 1166 1851 cum
1198 1826 1266 1851 suo
1298 1814 1470 1866 quodque
1502 1813 1606 1851 initio
1640 1824 1684 1850 ac
1716 1813 1807 1856 line,
1841 1824 1910 1850 suo

273 1880 446 1932 quodque
487 1880 645 1919 consilio
692 1883 803 1932 atque
845 1881 986 1920 colore.
1058 1881 1204 1920 Deinde
1245 1895 1351 1934 quum
1391 1882 1516 1918 mirum
1563 1892 1651 1919 esse
1690 1884 1778 1919 ante
1816 1880 1911 1918 viris

273 1949 395 1987 doctis
428 1949 622 1997 debuerit,
656 1950 752 2001 quod
785 1950 954 1989 Battari
985 1952 1142 2001 mentio,
1188 1963 1293 2003 quem
1325 1951 1359 1988 in
1391 1949 1507 2000 priori
1538 1952 1646 2000 parte
1677 1954 1748 1987 tam
1781 1961 1910 1999 saepe,

274 2020 311 2056 et
343 2029 410 2067 per
441 2017 641 2056 intervalla
664 2031 734 2056 non
761 2020 810 2057 ita
836 2032 989 2069 magna,
1023 2019 1220 2070 compellat
1248 2018 1363 2065 Cato,
1398 2019 1481 2057 iude
1513 2031 1533 2057 a
1566 2030 1679 2057 versu
1698 2022 1764 2057 97.
1785 2019 1914 2056 cessat

273 2090 429 2136 repente
460 2090 572 2138 atque
604 2088 805 2136 omittitur,
838 2088 873 2126 id
906 2101 979 2127 non
1011 2102 1098 2126 esse
1131 2089 1274 2132 mirum,
1310 2089 1341 2127 si
1369 2088 1441 2126 duo
1465 2088 1540 2126 sint
1560 2087 1711 2125 diversa
1739 2087 1911 2126 carmina.

274 2154 397 2203 Igitur
435 2154 652 2204 lacobsius,
693 2159 731 2195 ut
770 2157 870 2207 dixi,
911 2158 1042 2196 Diras
1086 2158 1179 2195 liniri
1228 2170 1340 2195 versu
1385 2160 1476 2195 103.
1537 2158 1574 2194 et
1617 2155 1712 2207 quod
1747 2156 1914 2207 sequitur

275 2235 445 2273 carmen,
487 2236 621 2262 versus
663 2227 882 2276 octoginta,
923 2227 1138 2265 coniectura
1182 2226 1374 2264 admodum
1412 2224 1514 2263 felici
1554 2237 1603 2262 ex
1648 2223 1787 2277 Lydia
1825 2235 1914 2262 esse

277 2290 436 2332 Catonis
466 2293 741 2332 animadvertit.

364 2360 469 2399 Ilaec
501 2364 560 2400 est
592 2361 755 2400 Iacobsii
784 2362 989 2413 disputatio
1014 2363 1195 2414 egregia,
1229 2361 1426 2411 absoluta,
1457 2361 1545 2401 nibil
1571 2366 1611 2401 ut
1639 2361 1792 2400 habeam
1817 2360 1913 2413 quod

278 2429 408 2467 addam
439 2428 512 2468 hoc
543 2429 641 2469 loco.
703 2431 859 2470 Praeter
891 2444 1017 2469 unum:
1050 2432 1146 2482 quod
1173 2444 1269 2470 nunc
1294 2432 1423 2470 ordine
1446 2432 1639 2483 posterius
1663 2443 1808 2469 carmen
1828 2433 1911 2478 cst,

278 2499 383 2549 prius
427 2511 544 2549 esse,
590 2501 736 2550 tempus
768 2500 800 2537 si
834 2504 1008 2551 spectes,
1051 2501 1168 2539 Diris.
1230 2500 1347 2553 Quum
1380 2502 1473 2539 enim
1504 2501 1539 2538 in
1572 2499 1644 2539 hoc
1675 2500 1833 2538 carmine
1864 2511 1914 2536 ex

280 2567 420 2619 Lydia
451 2567 498 2606 dc
528 2568 728 2606 amissione
767 2569 873 2618 agri,
916 2582 1021 2621 quem
1062 2570 1206 2621 quidem
1245 2568 1403 2608 Catonis
1446 2581 1534 2607 esse
1565 2582 1718 2618 agrum,
1751 2566 1913 2606 eumdem

281 2637 386 2674 cuius
418 2636 453 2673 in
484 2635 590 2674 Diris
621 2637 779 2685 mentio,
820 2638 926 2676 etiam
959 2637 1178 2683 lacohsius,
1219 2641 1257 2677 ut
1288 2638 1462 2687 videtur,
1495 2640 1648 2687 statuit,
1681 2649 1727 2675 ne
1757 2636 1914 2674 verbum

281 2704 427 2756 quidem
460 2705 571 2754 insit,
616 2706 785 2756 sequitur
830 2718 974 2744 carmen
1016 2705 1087 2744 boc
1119 2707 1295 2757 scriptum
1328 2709 1414 2745 ante
1454 2706 1567 2745 Diras
1608 2717 1714 2754 esse,
1754 2705 1914 2756 quaein

282 2773 336 2811 ira
376 2772 532 2813 Catonis
569 2777 726 2824 propter
764 2777 930 2825 ereptum
972 2774 1044 2812 sibi
1084 2788 1213 2826 agrum
1252 2778 1466 2815 versantur.
1528 2774 1661 2814 Casum
1694 2785 1840 2825 quoque
1871 2785 1916 2812 ac

281 2842 446 2892 modum,
491 2854 562 2894 quo
594 2841 801 2881 coaluerint
832 2842 985 2880 diversa
1016 2843 1205 2893 carmina,
1252 2843 1391 2895 Dirae,
1432 2846 1470 2883 et
1509 2854 1653 2882 carmen
1684 2854 1735 2880 ex
1765 2841 1912 2892 Lydia,

283 2910 470 2961 probabili
503 2911 644 2950 ratione
675 2913 857 2949 monstrat
887 2910 1099 2950 Iacobsius.
1160 2912 1217 2952 lta
1255 2915 1375 2952 autem
1416 2925 1490 2951 rem
1530 2910 1715 2949 accidisse
1758 2911 1916 2949 maxime

284 2978 482 3030 probabile
513 2980 597 3020 erit.
656 2978 882 3020 Subiccerat
922 2979 1029 3019 Diris
1060 2980 1232 3021 librarius
1264 2993 1409 3022 carmen
1448 2993 1498 3020 ex
1534 2978 1675 3030 Lydia,
1719 2977 1818 3018 nulla
1855 2978 1914 3017 in-
