2006 3365
484 143 535 182 ΙΝ
569 142 790 183 VALERn
824 142 1057 183 CATONIS
1089 141 1268 182 DlRAS.
1632 140 1693 185 41

60 258 176 302 aliae,
219 257 269 296 ita
299 255 396 295 hunc
426 256 544 295 locum
576 257 836 305 distinguunt:
879 271 953 296 non
983 257 1145 309 flumina
1183 262 1331 295 montes
1364 254 1548 294 Rursus:
1587 252 1696 291 male.

59 339 135 365 non
154 325 315 376 [lumime
341 331 500 363 montes.
536 325 698 365 Rursus
728 333 765 365 ec
787 327 860 365 1100
885 328 1021 364 iterum
1048 330 1121 364 ete.
1144 324 1326 371 Aldinae,
1352 326 1389 362 et
1410 324 1465 360 sic
1488 321 1696 370 Anglican.

60 393 221 433 Vratisl.
255 395 285 432 1.
345 393 400 431 At
431 394 603 443 optimum
635 393 706 432 hoc
738 397 817 441 est,
852 394 947 445 (prod
982 394 1049 431 iam
1082 394 1248 432 Romana
1280 393 1328 431 11.
1365 391 1498 430 deinde
1528 391 1695 439 Argent-

68 465 184 501 1502.
206 461 362 500 Taurin.
388 464 505 500 1518.
530 463 732 512 praebent:
765 475 839 500 non
869 461 1029 512 (lundnu
1051 469 1212 500 montes.
1248 461 1432 499 Rursus:
1454 467 1491 499 et
1515 460 1589 498 hoc
1608 461 1694 497 iter.

61 533 135 569 etc.
169 529 230 568 vel
263 542 401 568 comma
430 532 519 580 post
551 530 738 578 Rursus,
778 533 816 567 nt
850 529 994 575 Aldus,
1036 528 1157 576 bugd.
1198 532 1313 567 1529.
1345 529 1454 567 aliae.
1516 527 1600 566 Non
1635 528 1695 565 fe-

61 598 212 636 rendum
244 599 362 647 enim,
395 599 490 650 qnod
525 598 641 636 Badio
673 599 706 635 in
740 601 894 634 mentem
928 598 1051 643 venit,
1092 598 1142 634 ita
1172 597 1397 645 iungendum
1429 609 1536 642 esse,
1580 607 1695 646 repe-

61 670 180 705 tamus
219 680 362 706 rursus
402 674 439 705 et
478 669 634 705 iterum:
676 678 781 716 quem
824 663 1073 714 pleonasmum
1115 668 1153 703 ut
1193 668 1378 709 tueretur,
1420 664 1530 701 multa
1568 664 1698 714 inepte

62 734 220 774 cumulat
251 734 458 773 Arnoldus.
519 734 653 785 Neque
682 736 770 783 apta
801 736 887 770 sunt
918 732 1090 783 exempla
1128 733 1225 784 apud
1261 731 1499 770 Putsehium:
1543 735 1581 770 et
1611 732 1695 783 quid

61 804 332 842 constructioni
363 799 456 842 fiet?
499 803 694 841 Sententia
726 800 823 839 hunc
855 801 888 838 in
921 801 1062 839 modum
1095 801 1286 852 procedit:
1320 800 1490 848 Rursus,
1522 801 1697 844 Battare,

61 874 101 911 et
132 874 343 922 repetamus
373 871 446 910 hoc
477 883 622 910 carmen
656 872 798 908 iterum.
860 868 941 920 Qua
972 870 1006 907 in
1039 869 1302 908 exhortatione
1342 883 1485 908 rursus
1528 881 1573 907 eo
1605 881 1698 919 spe-

62 943 160 989 ctat,
193 943 232 979 ut
261 940 382 978 denuo
415 942 523 978 canat
557 940 752 988 Battarus3
785 945 822 977 et
853 940 990 992 iterum
1022 946 1245 991 repetamus
1275 938 1349 976 hoc
1380 951 1558 985 carmen,
1590 937 1697 989 qnia,

62 1022 112 1047 ex
144 1009 342 1046 verissima
374 1007 624 1046 VVernsdorfii
663 1006 954 1052 observatione,
995 1007 1054 1058 qui
1093 1010 1297 1058 sequnntur
1340 1018 1474 1044 versus
1517 1010 1698 1057 quatuor,

62 1076 150 1115 nihil
183 1081 268 1115 sunt
300 1075 372 1114 nisi
402 1088 575 1114 versuum
609 1080 667 1114 ΙΟ.
700 1079 762 1113 11.
793 1078 856 1114 12.
887 1079 948 1114 13.
983 1076 1173 1126 repetitio.
1215 1073 1274 1115 Cf.
1308 1074 1352 1113 de
1379 1075 1531 1113 Battaro
1564 1074 1697 1124 dispu-

63 1149 140 1184 tata
170 1158 206 1195 p.
231 1148 297 1183 20.
325 1148 391 1182 21.
437 1144 582 1195 Nempe
612 1143 749 1196 aliquid
782 1156 874 1182 sane
905 1145 1064 1183 interest
1094 1145 1191 1182 inter
1222 1143 1292 1182 hos
1323 1143 1441 1182 10008.
1485 1143 1552 1183 Sic
1574 1150 1700 1195 prata

61 1215 321 1251 commemorat
353 1225 389 1251 v.
428 1216 488 1250 16.
530 1225 681 1264 quorum
722 1213 757 1250 in
789 1212 872 1251 loco
903 1214 1030 1263 priore
1062 1214 1197 1251 mentio
1229 1212 1351 1261 nulla;
1395 1214 1432 1251 et
1461 1224 1600 1250 versus
1636 1216 1698 1249 18.

61 1282 250 1320 sententia
279 1281 403 1320 differt
432 1280 679 1333 aliquantum,
719 1284 758 1320 ut
788 1281 911 1332 paullo
943 1286 1031 1320 ante
1062 1282 1274 1329 monebam,
1314 1294 1336 1319 a
1368 1293 1483 1319 versu
1521 1284 1583 1320 13.
1642 1280 1700 1319 At

63 1349 157 1388 haec
188 1351 388 1388 communis
421 1351 565 1402 utrique
596 1350 679 1389 loco
711 1349 903 1399 generalis
934 1350 1141 1398 sententia,
1174 1349 1271 1401 quod
1297 1349 1535 1388 sterilitatem
1560 1350 1698 1401 impre-

65 1421 170 1457 catur
200 1418 315 1457 rebus
347 1419 426 1457 suis
457 1419 641 1457 omnibus.
759 1418 921 1458 Rursus
955 1418 1102 1456 illustro
1135 1417 1271 1457 collato
1303 1431 1416 1456 versu
1449 1419 1515 1456 75.

323 1487 498 1526 Tristius
529 1488 602 1526 hoc
632 1499 773 1525 rursum
805 1487 915 1526 dicat
945 1500 1030 1525 mea
1059 1487 1201 1538 fistula
1232 1500 1407 1525 carmen.

64 1556 126 1594 ubi
159 1567 231 1593 non
263 1555 402 1594 licebat
425 1554 559 1594 Catoni
589 1557 724 1594 iterum
754 1555 947 1605 scribere,
980 1567 1086 1606 quum
1119 1554 1266 1593 multum
1299 1554 1445 1593 differat
1471 1555 1569 1594 inter
1592 1553 1699 1606 palu-

63 1624 129 1662 des
163 1628 318 1674 repente
349 1624 604 1672 exsistentes,
639 1627 677 1662 et
701 1636 874 1672 agrorum
903 1623 1177 1662 inundationem
1212 1624 1361 1662 incursu
1397 1625 1612 1663 torrentium
1641 1624 1700 1662 fa-

63 1696 177 1731 ctam.
219 1691 274 1730 At
296 1691 434 1730 licebat
454 1705 630 1741 rursum,
650 1691 791 1736 denuo,
812 1691 851 1729 h.
877 1704 910 1730 e.
932 1692 977 1730 de
998 1704 1121 1741 novo,
1141 1690 1235 1737 (von
1252 1694 1392 1742 vom),
1414 1689 1541 1727 πάλιν
1561 1693 1586 1731 i.
1605 1705 1640 1731 e.
1659 1690 1701 1738 ,εξ

63 1756 363 1810 ὑποστροφῆς,
388 1763 427 1799 01
448 1765 529 1798 utar
550 1761 693 1799 veteris
717 1761 934 1811 interpretis
960 1761 1090 1809 graeci
1115 1760 1390 1811 explicatione,
1419 1774 1490 1813 qua
1512 1761 1700 1800 Theocri-

65 1832 160 1869 teum
193 1826 319 1865 πάλιν
350 1828 517 1880 explicat
547 1829 583 1866 in
615 1841 728 1867 versu
760 1829 973 1867 intercalari
1000 1829 1029 1868 Ι.
1052 1832 1120 1868 8⁴.
1174 1825 1228 1865 Τὸ
1262 1826 1389 1865 πάλιν
1420 1829 1461 1875 «ἐξ
1492 1826 1701 1878 ὑποστρο-

67 1897 151 1948 φῆς
183 1895 321 1948 ἀρχὴν
352 1893 607 1944 ποιούμενός
640 1909 764 1945 φησι.
874 1898 977 1949 Ergo
1009 1910 1116 1949 quum
1147 1894 1275 1933 πάλιν
1306 1899 1402 1948 apud
1435 1897 1700 1948 Theocritum,

66 1970 104 2007 et
134 1982 277 2008 rursus
309 1967 372 2006 vel
403 1980 557 2005 rursum
588 1966 685 2017 apud
718 1965 920 2015 Catonem,
966 1966 1055 2004 nihil
1087 1967 1139 2005 sit
1169 1967 1240 2005 nisi
1273 1979 1395 2005 novae
1427 1966 1607 2017 strophae
1639 1967 1699 2004 in-

66 2037 219 2082 dicium,
262 2035 441 2086 strophae
471 2038 592 2073 autem
625 2040 694 2072 tam
726 2034 921 2073 Theocriti
960 2035 1022 2073 illo
1064 2036 1243 2083 carmine,
1286 2049 1391 2088 quam
1425 2036 1583 2076 Catonis
1614 2035 1701 2086 ple-

66 2117 225 2157 raeque,
265 2105 338 2144 etsi
370 2105 406 2143 in
439 2117 509 2142 uno
542 2107 761 2152 argumento
794 2108 1012 2153 versantur,
1054 2105 1164 2143 valde
1203 2106 1299 2143 inter
1339 2117 1382 2143 se
1415 2105 1585 2143 differant
1616 2105 1701 2143 sin-

66 2173 179 2226 gulae
210 2174 430 2222 sententiis,
463 2176 591 2211 nostro
624 2171 705 2210 loco
739 2170 856 2216 Cato,
899 2173 960 2210 nbi
993 2174 1100 2210 etiam
1133 2174 1341 2211 sententias
1373 2173 1554 2223 strophae
1584 2186 1700 2224 prae-

67 2243 212 2281 cedenti
244 2242 406 2291 similes,
439 2241 499 2279 vel
532 2241 658 2291 potius
691 2241 862 2290 geminas
888 2245 999 2293 atque
1025 2242 1194 2289 easdem,
1227 2241 1439 2292 prolaturus
1463 2247 1541 2290 est,
1565 2245 1701 2281 iterum

66 2311 218 2350 adiecit.
277 2311 398 2349 Video
431 2322 526 2348 nnnc
557 2305 684 2345 πάλιν
713 2310 808 2360 apud
841 2310 1083 2349 Theocritum
1125 2311 1260 2349 dubiae
1291 2324 1378 2349 esse
1410 2311 1699 2362 explicationis.

66 2381 173 2420 Llcct
204 2380 298 2416 enlm
329 2380 408 2417 Sic:
450 2375 577 2414 πάλιν
610 2371 786 2427 ἄρχετε,
827 2393 971 2418 rursus
1012 2382 1189 2433 incipite.
1250 2380 1355 2419 Licet
1386 2381 1462 2430 Sic,
1505 2384 1542 2419 ut
1573 2377 1701 2415 πάλιν

66 2448 285 2487 acclamatio
317 2448 367 2485 sit
397 2448 520 2486 obiter
551 2449 706 2486 inserta.
767 2448 873 2500 Quod
905 2450 1099 2498 praefero,
1139 2449 1250 2500 fitquc
1294 2461 1339 2487 eo
1371 2449 1477 2487 modo
1508 2448 1700 2487 Theocri-

67 2521 162 2557 teum
196 2512 321 2551 πάλιν
352 2517 472 2564 magis
504 2516 621 2555 simile
655 2515 863 2556 Catoniano
895 2531 1052 2555 rursus.
1095 2516 1144 2555 Ut
1176 2518 1232 2556 sic
1263 2517 1497 2556 scribendum
1529 2519 1579 2557 sit
1603 2517 1699 2568 apud

66 2585 307 2625 Theocritum
340 2582 432 2620 locis
463 2583 558 2629 illis,
592 2597 685 2637 quos
716 2598 831 2635 supra
862 2585 1049 2623 indicavi:

297 2645 450 2700 ἄρχετε
482 2652 741 2698 βωκολικᾶς,
776 2652 961 2697 ῘΠῶσαι,
997 2650 1142 2699 πάλιν,
1179 2646 1323 2703 ἄρχετ’
1355 2651 1519 2699 ἀοιδᾶς.

67 2723 229 2762 Prorsus
261 2725 299 2761 ut
331 2718 391 2757 ι”τε
423 2721 583 2770 positum
614 2725 674 2761 est
704 2724 739 2761 in
773 2735 906 2771 versu,
940 2724 999 2775 qni
1031 2737 1117 2762 mox
1149 2725 1338 2775 sequitur:

296 2787 439 2839 λήγετε
473 2789 732 2836 βωκολικᾶς,
767 2790 955 2836 Medma,
992 2790 1073 2837 ln,
1109 2789 1242 2842 λήψῃ’
1276 2790 1440 2836 ἀοιδᾶς.

154 2928 203 2967 V.
239 2932 302 2967 15.
349 2933 554 2968 EFFETAS
590 2933 786 2969 CERERIS
819 2936 955 2971 SULCl
993 2937 1228 2971 coNDA'rls
1262 2936 1465 2972 AVENAS.
1517 2929 1697 2981 effoetus

71 3011 249 3048 avenas,
281 3010 375 3051 quae
406 2998 607 3047 det'rugant
637 3001 828 3050 segetem,
861 3003 900 3040 01
930 3001 966 3039 in
990 3001 1143 3042 Moreto
1176 3001 1339 3041 adesum
1370 2998 1461 3048 sab,
1493 2997 1589 3050 qnod
1613 2998 1698 3050 ipse
