2006 3365
276 131 342 175 76
835 122 1359 164 ANIMADVERSIONES

275 237 297 277 ὅ
330 235 568 288 δυσπειθὴς
607 229 731 289 ᾤχετ’
770 235 885 284 ἔχων
914 234 1083 284 Ἀΐδας,
1126 237 1299 276 Marcus:
1341 231 1413 273 τὸν
1443 233 1520 286 γάρ
1561 233 1710 273 doulon
1736 231 1909 287 τἈιὸης,

272 306 348 360 τήν
380 304 566 357 δ’ὶτὲρην
598 302 762 356 ἥρπασε
795 301 1074 356 Περσεφόνη.
1116 304 1176 345 Cf.
1210 304 1354 345 Callim.
1387 307 1510 357 epigr.
1543 305 1659 355 xlv,
1694 310 1731 344 6.
1771 305 1912 346 Roma-

273 391 344 417 nos
375 377 470 430 quod
501 375 655 422 attinet,
689 375 820 428 ecquis
852 378 932 424 est,
972 376 1029 414 cui
1061 386 1133 413 uon
1165 378 1251 414 ante
1283 373 1413 413 oculos
1445 378 1622 414 versetur
1649 388 1803 427 passer
1834 372 1913 414 Ca-

272 443 379 486 11111Ῑῖ
413 446 491 501 (ὶιιί
520 458 622 484 nunc
653 448 683 484 it
710 457 784 497 per
814 446 890 484 iter
919 443 1205 483 tenebricosum
1235 443 1352 493 illuc,
1393 444 1431 481 et
1461 444 1515 482 Ac
1545 443 1661 483 vobis
1701 443 1804 483 male
1833 445 1912 492 sit,

272 515 404 554 malae
442 513 627 553 tenebrae
659 512 758 553 Orci
788 516 861 553 etc.
923 511 985 553 Cf.
1016 513 1049 551 si
1089 512 1236 563 placet,
1277 510 1502 562 epitaphium
1544 512 1580 551 111
1621 525 1752 562 avem,
1791 510 1912 551 Anth.

271 583 353 623 Lat.
385 582 434 621 T.
456 581 505 621 ll.
537 581 603 620 lib.
630 582 699 621 IV.
733 597 886 621 cccmv.
938 582 1059 622 Nunc
1088 594 1223 620 manes
1257 579 1417 619 blandis
1447 581 1594 621 mulceo
1625 589 1748 635 rapta
1779 583 1913 630 sonis3

272 653 312 690 et
341 650 467 702 paullo
499 652 588 702 post
619 651 762 702 prolata
792 664 814 689 a
846 652 1054 689 Burmanuo
1084 664 1122 702 p.
1156 651 1251 688 294.
1290 649 1484 699 inscriptio
1523 650 1558 688 in
1597 649 1813 699 lusciniam,
1852 649 1915 686 in-

273 723 400 760 certae
424 721 582 769 aetatis,
614 719 746 771 partim
769 732 818 759 ex
838 718 988 759 Catullo
1013 731 1222 770 expressa,
1254 718 1334 757 ubi:
1367 718 1485 768 vale,
1517 726 1555 758 et
1587 719 1682 758 vola
1709 732 1782 772 per
1809 717 1914 770 Ety-

272 791 386 829 sium.
448 789 566 828 Nemo
599 788 669 827 hac-
699 789 734 827 in
766 801 807 827 re
837 787 992 837 longius
1023 788 1213 839 processit
1252 800 1358 840 quam
1389 786 1580 837 Virgilius
1612 787 1785 837 iuvenis,
1816 785 1913 837 apud

272 871 378 911 quem
411 857 534 898 Culex
575 869 671 910 quae
708 856 894 908 loquitur,
934 856 1046 907 plane
1085 856 1174 895 talia
1211 860 1317 900 sunt,
1360 859 1397 895 ut
1435 857 1595 895 umbram
1637 856 1766 894 audire
1804 854 1915 893 nobis

272 926 431 966 hominis
463 927 676 975 videamur,
715 929 753 965 et
783 925 925 976 patitur
955 937 1000 964 ea
1030 926 1152 964 omnia
1180 925 1278 976 apud
1311 926 1475 975 inferos,
1514 937 1609 978 quae
1644 924 1816 963 homines
1846 934 1916 962 so-

271 995 364 1035 lent.
426 995 586 1035 Scilicet
617 998 690 1034 tum
720 993 932 1044 Virgilius,
972 1007 1077 1047 quum
1111 993 1354 1033 vehementer
1394 996 1549 1045 cuperet
1578 993 1661 1032 loca
1694 994 1813 1031 infera
1843 992 1916 1031 de-

272 1065 463 1114 scribere,
495 1076 601 1116 quem
633 1063 743 1101 latum
776 1075 962 1113 eampum,
995 1063 1306 1115 occasionemque
1334 1062 1576 1114 exspatiandi
1602 1061 1798 1114 egregiam
1826 1072 1916 1099 esse

271 1132 529 1182 intelligeret,
563 1144 642 1171 eam
673 1131 964 1181 descriptionem
994 1143 1120 1182 parum
1151 1134 1240 1182 apte
1271 1130 1418 1181 Culici,
1459 1131 1726 1170 minutissimae
1758 1129 1916 1169 omnium

272 1200 482 1249 bestiolae,
523 1201 663 1239 tribuit.
810 1198 933 1238 Multo
965 1200 1105 1250 rarius,
1145 1213 1259 1254 quum
1296 1212 1359 1238 res
1389 1200 1609 1238 inanimatae
1650 1198 1915 1248 descendere,

272 1270 380 1310 trahi
410 1272 450 1308 in
483 1269 647 1318 Orcum,
675 1263 854 1317 ‘'Aul‘qv,
889 1268 1070 1307 dicuutur.
1130 1268 1256 1307 Pauca
1285 1269 1479 1307 annotavi.
1539 1266 1739 1319 Philippus
1769 1266 1915 1306 Thess.

274 1353 348 1378 x11.
379 1339 427 1378 T.
449 1338 498 1378 11.
530 1337 642 1377 Anal.
668 1351 706 1389 p.
731 1340 826 1376 215.
856 1336 902 1376 de
927 1337 1036 1375 navi:
1070 1333 1159 1381 ἱςὸς
1191 1333 1237 1373 δὲ
1268 1335 1349 1380 πᾶς
1380 1329 1571 1373 ὤλισθεν
1603 1334 1665 1380 εἰς
1698 1331 1779 1372 ἅλα
1810 1332 1917 1372 ntv'..

276 1420 355 1452 σας
387 1404 538 1458 φορτίς
571 1405 607 1443 ‹5’
638 1403 802 1457 5015951'
834 1402 876 1449 ἐς
904 1402 1067 1444 Ἀΐδαν.
1128 1405 1292 1457 Similia,
1323 1406 1449 1444 itidem
1480 1405 1526 1443 de
1557 1406 1663 1451 navi,
1697 1404 1918 1456 Antiphilus

277 1493 376 1516 xm.
406 1476 454 1517 T.
487 1477 537 1516 ll.
568 1490 605 1528 p.
645 1479 734 1516 181.
778 1478 816 1515 et
853 1476 1039 1515 Etruscus
1078 1474 1200 1514 Mess.
1240 1475 1276 1513 in
1317 1475 1526 1514 variatione
1563 1475 1772 1524 argumenti
1810 1474 1918 1513 eius-

276 1547 376 1593 dem,
409 1546 457 1585 T.
490 1546 538 1585 ll.
570 1559 608 1597 p.
638 1547 732 1584 307.
781 1544 884 1584 Aiax
916 1543 1122 1596 Sophoclis
1153 1557 1192 1582 v.
1227 1547 1321 1582 1160.
1353 1556 1459 1595 quum
1490 1555 1533 1581 se
1565 1542 1798 1582 desossurum
1829 1554 1918 1581 esse

276 1615 439 1667 gladium
472 1614 583 1664 dicit,
625 1611 715 1650 ἀλλ’
749 1607 851 1648 αὐτὸ
891 1608 962 1659 νύξ
989 1606 1146 1661 (Αιδης
1182 1624 1226 1647 τε
1265 1608 1491 1656 σωζόντων
1530 1608 1670 1661 κάτω,
1711 1623 1785 1650 11011
1826 1611 1918 1650 dicit

274 1682 421 1734 Ἅιδην
452 1684 625 1736 proprie,
658 1683 725 1723 sed
757 1695 863 1721 omne
894 1681 953 1732 id,
983 1681 1081 1734 quod
1112 1681 1393 1720 subterraneum
1426 1683 1509 1729 est,
1541 1680 1586 1718 ad
1609 1680 1698 1719 Orci
1724 1680 1913 1731 imperium

271 1753 465 1806 pertinere
496 1753 761 1805 quodammodo
793 1751 998 1801 significat.
1060 1749 1110 1790 Ut
1140 1762 1208 1799 ea,
1239 1762 1335 1801 quae
1365 1752 1453 1788 sunt
1483 1750 1552 1788 sub
1584 1750 1695 1799 mari,
1737 1749 1914 1800 propiora

272 1835 361 1861 esse
390 1822 551 1861 Tartaro
583 1825 781 1873 putantur:
816 1820 929 1860 ovid.
961 1820 1081 1859 Trist.
1108 1818 1138 1858 I.
1164 1834 1203 1864 11,
1232 1821 1300 1857 22.
1332 1820 1380 1857 cf.
1412 1818 1565 1857 Metam.
1592 1818 1662 1857 XI.
1689 1820 1783 1857 504.
1827 1817 1913 1856 Ae-

272 1904 344 1944 que
375 1892 587 1930 inusitatum
628 1890 727 1929 istud
769 1889 865 1941 apud
903 1890 1113 1940 scriptores
1152 1887 1289 1927 latinos
1330 1890 1401 1927 est.
1462 1888 1664 1926 Petronius
1702 1887 1797 1925 enim
1829 1898 1913 1938 cap.

273 1976 361 1999 xxi.
402 1974 462 1999 vs.
507 1963 596 1999 120.
644 1960 710 1999 Ad
746 1960 912 2011 Styqios
951 1971 1086 1998 manes
1126 1958 1334 1997 laceratus
1386 1957 1545 1996 ducitur
1593 1955 1730 1995 orbis:
1783 1955 1914 2006 specie

270 2031 393 2082 magis
425 2042 531 2082 quam
564 2041 603 2067 re.
634 2028 767 2066 similis
791 2026 949 2077 Catoni,
980 2040 1088 2079 quum
1119 2026 1227 2066 orbis
1253 2026 1304 2064 ibi
1330 2025 1519 2075 significet
1544 2024 1742 2063 mortales:
1776 2024 1915 2063 docent

271 2098 551 2150 praecedentia.
612 2097 743 2137 Paullo
773 2097 819 2136 ad
852 2109 927 2135 rem
958 2096 1104 2147 aptius,
1146 2094 1243 2148 quod
1274 2095 1422 2134 Nouius
1462 2096 1643 2134 testatur:
1687 2092 1845 2132 interfici
1876 2098 1915 2132 et

272 2167 393 2205 occidi
425 2168 480 2206 ad
511 2167 708 2205 inanimata
737 2173 892 2206 veteres
933 2166 1146 2205 vehementi
1183 2166 1426 2203 auctoritate
1458 2169 1693 2216 posuerunt.
1736 2165 1775 2201 ut
1805 2160 1913 2200 locus

272 2236 347 2275 iste
378 2236 413 2273 in
444 2236 564 2274 Paris.
602 2238 722 2274 1583.
755 2234 919 2285 legitur,
958 2234 1029 2272 nisi
1062 2233 1158 2285 quod
1191 2236 1410 2272 inanimata
1440 2232 1577 2282 scripsi
1610 2243 1689 2270 611111
1720 2231 1911 2280 Bongars.

272 2317 341 2356 pro
370 2307 573 2342 animata:
612 2303 732 2353 aliud,
772 2303 900 2341 nescio
931 2315 975 2341 an
1009 2314 1058 2341 ex
1090 2301 1217 2351 libris,
1256 2301 1455 2340 Mercerus
1493 2301 1608 2340 edidit
1637 2313 1675 2351 p.
1708 2299 1810 2347 449,
1843 2301 1910 2337 23.

273 2372 335 2413 Cf.
367 2373 416 2412 id.
448 2372 592 2411 Nouius
624 2385 660 2423 p.
694 2375 796 2423 330,
829 2373 896 2410 23.
957 2371 1100 2424 Quodsi
1140 2371 1191 2409 ita
1221 2382 1403 2421 usurpare
1442 2370 1637 2409 veteribus
1676 2368 1845 2420 interfici
1874 2369 1913 2406 et

273 2442 403 2481 occidi
433 2440 558 2491 licuit,
597 2440 752 2479 licuisse
784 2441 892 2480 etiam
924 2440 1078 2479 alterum
1118 2439 1275 2488 credas„
1319 2440 1358 2477 ut
1387 2439 1584 2478 inanimata
1615 2438 1726 2477 abire
1756 2438 1795 2475 in
1828 2435 1911 2476 Or-

274 2525 379 2560 cum,
419 2513 509 2550 sive
537 2504 715 2559 εἍιδην,
753 2509 934 2548 dicerent.
994 2509 1044 2547 Et
1073 2507 1243 2557 omniuo,
1284 2506 1380 2559 quod
1413 2508 1533 2546 rarius
1566 2507 1639 2545 1106
1670 2506 1740 2544 11161
1773 2505 1910 2543 obser-

274 2580 390 2628 vavi,
422 2578 532 2617 nolim
564 2579 614 2617 ita
645 2578 790 2629 accipi,
822 2577 902 2616 acsi
933 2575 1057 2616 multis
1089 2589 1166 2615 eam
1199 2577 1234 2614 111
1266 2588 1341 2614 rem
1373 2576 1559 2627 exemplis
1594 2588 1689 2627 opus
1720 2586 1807 2613 esse
1838 2587 1911 2625 pu-

274 2652 369 2698 tem,
409 2651 473 2687 aut
503 2647 549 2686 de
581 2644 736 2686 Catonis
767 2646 851 2685 loco
892 2644 966 2684 ullo
1005 2644 1112 2683 modo
1152 2644 1329 2683 dubitem.
1390 2645 1591 2684 Sufficiunt
1628 2656 1696 2695 per
1735 2655 1777 2682 se
1808 2642 1910 2693 sola,

273 2718 346 2756 nisi
377 2716 507 2766 fallor,
550 2714 613 2754 illa
643 2728 739 2767 quae
770 2715 816 2754 de
846 2713 1065 2753 animalibus
1097 2712 1270 2764 exempla
1300 2714 1423 2764 posui.
1484 2713 1580 2766 Quid
1613 2707 1733 2751 enim?
1793 2711 1910 2763 Quum

274 2788 430 2825 veteres
460 2784 630 2823 animalia
662 2779 868 2831 οἴχεσθαι
900 2780 962 2827 εἰς
981 2777 1156 2832 (Ἅιδην,
1195 2781 1260 2821 vel
1291 2776 1416 2834 ᾅδην,
1456 2782 1604 2831 dicunt,
1641 2792 1723 2819 num
1761 2781 1910 2819 immor-

275 2854 452 2894 talitatem
484 2853 672 2907 quamdam
713 2853 826 2892 tribui
862 2851 1106 2901 animalibus,
1150 2851 1339 2904 vitamque
1376 2851 1413 2889 in
1444 2849 1544 2890 Orco
1574 2848 1747 2894 alteram,
1789 2848 1910 2900 qualis

277 2926 337 2962 est
366 2923 567 2974 hominum,
599 2917 759 2962 volunt?
818 2920 920 2962 Sane
949 2919 1114 2960 nonnulli
1148 2919 1290 2959 volunt.
1351 2919 1401 2960 Ut
1431 2917 1644 2968 Virgilius,
1676 2916 1773 2968 apud
1804 2929 1910 2969 quem

276 2988 347 3030 hac
375 2992 459 3043 ipsa
490 2991 528 3031 in
558 3004 597 3032 re
628 2991 816 3043 cernitur,
856 3002 963 3043 quam
1001 2989 1202 3030 infeliciter
1241 2991 1356 3030 totum
1392 2987 1482 3028 illud
1521 2985 1568 3026 de
1608 2985 1736 3025 umbra
1767 2983 1910 3026 Culicis
