2006 3365
607 166 678 206 DE
709 164 864 206 POESI
903 164 1236 207 CATONJANA.
1642 171 1743 214 ⁶279

99 292 246 333 gesque
275 281 606 331 praescripserunt
625 280 821 332 exemplo,
852 293 874 320 a
902 281 1048 321 nemine
1072 281 1148 320 nisi
1177 294 1247 321 suo
1270 279 1440 333 perIculo
1465 279 1743 331 negligendas,

100 351 146 389 ab
178 349 358 388 iterandis
389 349 545 398 verbm,
577 361 622 388 ea
650 350 848 389 iteratione
872 353 1058 400 excepta,
1090 361 1186 402 quae
1217 348 1389 389 consulto
1420 348 1480 393 fit,
1515 348 1561 388 ad
1592 360 1741 398 augen-

99 418 179 457 dam
212 418 285 455 vim
316 417 522 465 orationis,
567 417 773 467 diligenter
802 430 845 456 se
883 418 1140 464 abstinuisse,
1181 420 1292 457 vetus
1323 420 1406 465 est,
1443 429 1489 457 ac
1518 417 1743 466 verissima,

99 487 131 525 si
170 488 276 524 recte
320 485 549 536 accipiatur,
590 487 802 524 criticorum
840 486 1084 535 observatio,
1140 486 1198 525 cui
1244 498 1340 525 nunc
1383 487 1499 526 tacite
1539 485 1742 538 obsequuti

98 557 209 603 sunt,
242 566 339 592 nnnc
370 554 515 593 diserte
547 555 778 593 enunciatam
808 553 1099 605 publicaverunt
1121 556 1234 606 atque
1256 554 1582 594 confirmaverunt.
1642 554 1738 593 Pro-

97 635 231 675 ponam
272 635 350 661 eam
393 623 525 662 verbis
564 626 784 674 conceptam
826 623 933 661 unius
974 633 1023 659 ex
1062 621 1359 673 antiquioribus,
1405 623 1442 660 in
1483 621 1558 661 lioc
1596 633 1743 671 genere

97 691 301 731 litterarum
332 692 538 742 principis,
573 691 786 740 Scaliger-i,
819 691 855 729 in
887 688 944 728 M.
975 688 1108 727 Manil.
1130 688 1289 739 Proleg.
1315 691 1415 729 extr.
1446 691 1530 730 Est
1559 698 1598 730 et
1627 690 1744 741 aliud,

97 774 174 800 non
205 761 292 800 leue
321 762 461 800 vitium
493 763 533 799 in
564 767 727 808 nostro,
763 759 868 814 quod
898 760 1041 797 nimius
1074 761 1113 798 in
1143 758 1348 798 verborum
1365 755 1594 807 iteratione,
1628 773 1754 813 quum,

95 836 239 884 posset
269 836 341 869 aut
368 833 539 883 parcius
571 828 731 879 eadem,
763 834 834 867 aut
865 826 955 866 alia
982 839 1058 879 pro
1089 826 1176 866 illis
1208 840 1423 880 vsurpare.
1483 827 1631 882 Itaque
1661 830 1743 867 cri-

97 901 206 938 ticas
239 912 361 938 aures¹
393 898 608 950 offendunt
639 898 714 937 illa
744 898 863 936 toties
894 898 1095 949 totiesque
1126 895 1355 944 inculcata,
1388 895 1547 945 Sidera,
1579 895 1744 946 coelum,

97 967 275 1017 mundus,
306 979 375 1018 per
405 966 543 1018 templa
562 997 571 1012 ,
603 978 673 1017 per
697 965 853 1004 sidera:
884 970 924 1004 et
954 963 1043 1003 alia
1073 977 1151 1003 non
1177 977 1341 1017 pauca,
1376 978 1480 1017 quae
1509 971 1570 1004 ter
1600 971 1746 1019 quater

97 1038 243 1085 trinis,
278 1037 486 1090 quaternis
518 1037 717 1074 continuis
749 1033 936 1074 versibus
979 1032 1156 1085 infulcit.
1227 1034 1318 1074 Hoc
1353 1040 1398 1073 vt
1433 1047 1510 1073 non
1548 1034 1747 1074 mediocre

97 1106 236 1143 vitium
265 1111 329 1144 est
359 1106 399 1142 in
430 1103 557 1142 nitido
589 1105 813 1156 scriptore,
854 1104 914 1142 ita
950 1104 1045 1155 puri
1084 1109 1179 1142 sunt
1217 1101 1269 1142 ab
1306 1104 1385 1143 hac
1414 1102 1506 1143 labe
1532 1105 1744 1157 principes

99 1173 252 1214 Poetae
289 1172 510 1224 Viryilius,
543 1178 581 1212 et
613 1171 802 1212 Ouidius.
862 1171 987 1225 Apud
1019 1184 1128 1225 quem
1158 1177 1288 1211 tamen
1317 1172 1461 1223 leyas,

950 1240 1058 1280 Mox
1089 1247 1190 1293 apta
1221 1240 1401 1280 natando

326 1310 461 1350 Crura
491 1310 586 1358 (lat,
619 1317 741 1364 vtque
769 1309 906 1350 eadem
938 1311 1021 1349 sint
1052 1309 1186 1361 lonyis
1218 1309 1394 1349 saltibus
1427 1314 1542 1362 apta.

99 1379 223 1419 Locus
254 1380 423 1430 inprimis
454 1379 621 1418 disertus
652 1390 696 1417 ac
735 1379 982 1430 perspicuus,
1013 1376 1099 1429 {nisi
1141 1377 1239 1430 quod
1278 1378 1313 1416 in
1351 1377 1516 1416 editione
1548 1376 1744 1427 Boecleri,

101 1448 198 1487 unde
229 1460 309 1487 eum
339 1447 548 1498 descripsi,
580 1459 717 1486 versus
742 1447 981 1497 Ovidianns,
1014 1447 1076 1500 qui
1108 1451 1239 1486 estex
1264 1444 1519 1496 Metamorph.
1537 1445 1628 1486 XV.
1647 1447 1742 1485 377.

99 1518 191 1556 miro
224 1516 379 1569 quodam
421 1528 551 1555 errore
591 1516 645 1556 ita
684 1517 851 1567 scriptus
890 1515 1071 1555 affertur:
1119 1515 1253 1555 Crura
1291 1515 1388 1563 dat,
1429 1521 1551 1567 vtque
1580 1528 1615 1554 e.
1647 1528 1683 1554 s.
1715 1514 1742 1554 l.

99 1585 286 1626 cruribus
319 1591 433 1638 apta.
494 1585 673 1635 Scaliger
704 1584 800 1624 haud
833 1584 944 1623 dubie
976 1584 1155 1624 saltibus
1187 1583 1432 1635 scripserat,
1466 1586 1505 1622 ut
1536 1586 1596 1623 est
1626 1584 1663 1622 in
1694 1583 1744 1622 li-

98 1655 178 1694 bris
219 1653 376 1694 Ovidii:
419 1653 661 1705 reprehendit
701 1654 797 1692 enim
836 1654 1071 1692 iterationem
1114 1653 1225 1692 verbi
1265 1659 1379 1706 apta.
1441 1652 1591 1704 Sponte
1621 1655 1744 1692 autem

98 1722 348 1772 intelligitur,
381 1721 662 1760 observationis
694 1720 824 1771 buius,
866 1723 938 1761 etsi
971 1721 1152 1771 Scaliger
1182 1721 1270 1761 illud
1303 1724 1443 1761 tantum
1474 1721 1742 1772 reprehendit,

97 1804 204 1844 quum
234 1791 333 1830 binis
364 1789 427 1829 vel
460 1789 630 1841 pluribus
662 1790 840 1829 versibus
873 1791 1060 1830 continuis
1091 1791 1274 1830 iterantur
1305 1791 1424 1830 verba
1454 1791 1606 1840 eadem,
1640 1803 1745 1829 usum

99 1861 209 1899 etiam
241 1859 399 1912 aliquem
431 1871 520 1898 esse
550 1858 732 1899 latiorem.
806 1859 937 1912 Atque
969 1860 1025 1899 sic
1054 1862 1246 1910 acceptam
1277 1860 1634 1911 frequentaverunt,
1667 1859 1744 1898 itc-

98 1941 175 1967 rum
208 1929 413 1980 iterumque
445 1928 696 1978 inculcarunt,
728 1940 847 1980 eaque
878 1931 1060 1981 tamqnam
1099 1927 1234 1977 regula
1276 1928 1406 1966 critica
1451 1928 1509 1966 usi
1548 1930 1659 1976 sunt,
1704 1930 1746 1968 ut

101 1998 194 2035 duos
226 1997 382 2035 maxime
413 1997 640 2047 praecipuos
672 1998 880 2046 nominem,
912 1997 961 2036 N.
994 1997 1176 2035 Heinsius
1208 1999 1247 2036 et
1277 1995 1326 2034 R.
1358 1995 1582 2036 Bentleius:
1616 1995 1680 2035 ille
1706 1997 1743 2035 in

101 2066 228 2105 Ovidii
261 2064 513 2116 metamorph.
545 2064 575 2103 I.
611 2068 676 2103 15.
710 2067 776 2105 76.
807 2069 875 2105 93.
909 2069 1003 2105 560.
1037 2068 1132 2104 591.
1165 2068 1261 2104 632.
1294 2067 1391 2104 641.
1424 2068 1520 2104 656.
1568 2065 1617 2104 ll.
1651 2068 1742 2104 116.

103 2136 197 2172 264.
232 2135 326 2172 284.
359 2137 454 2171 329.
489 2136 582 2171 471.
627 2132 787 2186 aliisque
831 2134 927 2173 locis
965 2147 1060 2187 quos
1098 2134 1195 2174 haud
1237 2134 1350 2174 dubie
1380 2133 1517 2173 multos
1547 2135 1741 2185 inveniet,

102 2203 163 2255 qui
195 2214 373 2254 quaerere
404 2201 537 2252 volet3
568 2202 763 2242 Bentleius
797 2215 887 2242 vero
916 2215 1095 2256 nusquam
1117 2203 1378 2256 frequentius,
1410 2203 1604 2255 cupidius,
1636 2216 1744 2256 quam

102 2272 139 2310 in
171 2270 349 2318 Manilio,
382 2271 417 2308 in
449 2283 521 2323 quo
554 2273 594 2310 ut
624 2272 770 2310 omnino
802 2272 1050 2311 audacissime
1083 2276 1260 2312 versatus
1292 2274 1378 2321 est,
1411 2272 1463 2312 ita
1492 2271 1615 2312 multis
1646 2271 1744 2312 locis

102 2340 199 2379 hanc
230 2341 316 2378 sive
345 2341 487 2379 unicam
519 2341 604 2379 sive
640 2341 849 2392 primariam
881 2352 1055 2380 caussam
1087 2341 1307 2380 emendandi
1337 2340 1492 2392 habuit,
1531 2341 1629 2393 quod
1661 2342 1744 2380 dis-

102 2409 263 2461 pliceret
294 2409 402 2447 verbi
435 2409 600 2448 eiusdem
631 2410 791 2448 iteratio.
859 2409 1029 2449 Mutavit
1067 2413 1190 2449 autem
1235 2422 1307 2449 non
1346 2409 1467 2449 solum
1512 2421 1579 2449 eos
1616 2409 1743 2461 locos,

105 2491 199 2530 quos
231 2476 451 2515 indicantem
475 2477 682 2516 audivimus
702 2477 961 2528 scaligerum,
994 2479 1063 2518 sed
1088 2479 1197 2518 etiam
1215 2478 1336 2528 alios,
1369 2478 1498 2518 eadem
1522 2479 1569 2518 de
1592 2490 1742 2518 caussa.

105 2547 243 2586 Iamsi
284 2546 368 2597 quis
411 2557 524 2584 meam
564 2549 720 2597 expetat
762 2547 1012 2597 sententiam,
1052 2561 1097 2587 an
1139 2551 1246 2588 recte
1285 2548 1495 2588 mutavisse
1538 2549 1595 2587 tot
1639 2546 1745 2586 locos

107 2614 316 2655 Bentleium
347 2615 493 2665 putem,
526 2615 738 2665 respondeo
769 2615 916 2654 multum
947 2616 1088 2656 abesse
1119 2620 1158 2656 ut
1188 2619 1340 2668 putem:
1373 2628 1493 2669 neque
1525 2616 1653 2656 Ovidii
1683 2615 1744 2655 lo-

107 2697 197 2733 cos,
231 2696 325 2736 quos
356 2683 391 2721 in
424 2682 688 2722 dubitationem
719 2685 878 2724 vocavit
919 2686 1120 2735 Heinsius,
1167 2698 1287 2738 neque
1325 2685 1500 2732 aliorum,
1534 2698 1628 2737 quos
1658 2684 1744 2736 alii,

108 2766 237 2793 omnes
260 2751 533 2797 emendan‹lOS‚
566 2751 637 2791 hac
656 2754 800 2804 quidem
832 2754 878 2792 de
899 2767 1056 2803 caussa,
1090 2767 1191 2794 esse.
1251 2754 1385 2806 Itaque
1415 2754 1597 2793 haetenus
1630 2765 1745 2791 meam

110 2823 206 2861 facio
245 2821 470 2860 sententiam
512 2820 808 2870 llemsterhusii‚
847 2823 882 2860 in
929 2824 1103 2874 Propert.
1139 2825 1170 2862 Ι.
1205 2839 1251 2873 11,
1289 2826 1353 2862 11.
1414 2823 1468 2863 At
1500 2822 1558 2861 vel
1591 2823 1648 2860 sic
1678 2834 1747 2861 sua

111 2890 370 2929 observationi
402 2889 456 2927 illi
488 2888 649 2939 utilitas,
683 2903 773 2929 suus
804 2890 944 2941 bonor,
978 2893 1182 2932 constabit.
1243 2891 1294 2931 Ut
1325 2892 1418 2931 enim
1450 2904 1523 2929 non
1554 2891 1634 2941 pari
1666 2903 1743 2929 om-

111 2972 180 2998 nes
220 2959 418 3009 diligentia
457 2958 692 2998 observasse
736 2958 859 3010 legem
898 2973 998 3011 eam,
1042 2961 1106 3001 vel
1146 2963 1185 3002 ut
1227 2960 1600 3001 observantissimum
1640 2958 1746 3010 legis

112 3030 260 3080 poetam
287 3027 489 3083 aliquoties
519 3028 578 3069 sui
608 3040 774 3081 suaeque
813 3028 916 3080 legis
954 3029 1106 3071 oblitum
1139 3042 1228 3070 esse
1259 3028 1537 3069 concedamus:
1569 3029 1746 3081 exceptio
