2006 3365
284 159 384 202 356
865 146 1230 188 DISSERTATIO
1263 147 1329 186 lv.

287 272 429 320 scripto
462 278 615 318 unquam
648 265 766 303 fuisse
792 263 991 315 probabile
1011 266 1082 301 est.
1145 262 1231 310 Ego
1262 261 1331 300 bas
1364 262 1545 301 lectiones
1576 273 1704 300 omnes
1736 273 1784 300 ex
1817 260 1925 299 libris

287 339 398 377 editis
431 335 685 386 conquisitaS‚
717 333 875 371 maxime
907 345 957 370 ex
977 331 1150 378 Animis,
1183 331 1401 382 quibuscum
1432 332 1556 369 mirum
1588 332 1622 369 in
1655 331 1797 369 modum
1830 341 1925 367 con-

286 406 478 453 sentiunt,
519 414 672 440 censeo.
742 402 895 441 Retinui
943 404 1084 446 tamen,
1130 412 1175 438 ac
1207 400 1340 450 repetii
1372 402 1461 449 post
1493 399 1763 445 Burmannutu,
1813 402 1926 437 totam

287 472 545 521 farraginem:
586 474 624 509 at
655 483 784 508 nomen
816 470 981 508 retinere
1012 481 1084 506 non
1116 469 1235 519 potui.
1295 467 1425 519 ltaque
1456 480 1525 518 pro
1557 470 1644 508 cod.
1677 468 1830 517 Pieris,
1863 466 1926 505 vel

288 542 382 580 MS.
415 540 568 587 Pierii,
600 539 817 591 plerumque
848 540 957 589 posui
989 539 1197 589 Emeerptcc
1238 551 1307 590 ap.
1348 537 1580 586 Heinsium,
1622 537 1683 575 vel
1716 538 1927 589 Excerpta

286 610 460 648 Heinsii.
521 609 658 647 Eadem
690 608 885 658 Excerpta
915 607 1010 645 baud
1045 607 1158 645 dubie
1190 606 1382 655 significat
1414 606 1594 644 Heinsius
1624 606 1669 644 ad
1705 619 1740 644 v.
1766 608 1832 644 31.
1870 604 1928 642 his

285 678 446 716 verbis:
490 677 660 716 succidet
697 683 883 716 vetustus
926 676 1052 715 codex
1091 689 1175 714 eum
1215 675 1336 713 Amo.
1378 677 1416 713 et
1456 688 1495 713 v.
1541 678 1631 713 151.
1676 675 1766 713 ubi:
1806 675 1929 711 suerat

285 756 414 786 tamen
445 747 520 785 alii
550 747 723 785 codices.
785 745 879 784 Nam
921 745 1085 783 eamdem
1118 744 1316 796 utrobique
1356 744 1600 794 scripturam,
1645 743 1849 791 succidet,
1891 745 1930 781 et

285 819 449 868 suerat,
486 816 716 854 Burmannus
747 827 796 853 ex
828 826 896 853 suo
928 813 1055 852 Pierio
1087 815 1244 864 profert.

810 1009 1406 1083 Auyustanus.

376 1162 433 1199 lta
465 1160 563 1198 bunc
592 1161 847 1210 praestantem
878 1158 1010 1196 librum
1042 1156 1193 1207 appello
1224 1169 1327 1203 meo,
1361 1155 1424 1194 vel
1453 1156 1582 1207 potius
1621 1155 1792 1193 civitatis
1831 1154 1933 1192 illius

290 1232 381 1268 iure.
443 1230 538 1281 Quid
572 1229 666 1266 euim
698 1228 880 1275 Augusta
912 1225 1214 1273 Vimlelicormu,
1248 1226 1418 1276 quamvis
1450 1226 1580 1263 merito
1613 1224 1762 1262 laudata
1794 1224 1933 1261 civitas

293 1300 427 1339 babet.
475 1310 540 1337 cur
579 1296 661 1334 sola
711 1297 924 1347 Anausin,
980 1295 1206 1345 codicesque
1255 1295 1336 1331 eius
1382 1295 1617 1345 Augsustmzi
1666 1288 1934 1343 appellentur?

297 1362 599 1419 Antiquitatem‘}
639 1367 871 1403 monumenta
891 1360 909 1401 ’ἒ
950 1362 1052 1402 Nihil
1084 1364 1271 1414 antiquius
1303 1362 1350 1400 ab
1383 1362 1454 1401 bac
1483 1366 1592 1413 parte
1633 1361 1803 1412 Alpium,
1845 1361 1933 1399 nibil

293 1437 387 1489 qnod
422 1436 676 1486 antiquitatem
710 1446 812 1471 suam
845 1436 901 1471 tot
939 1435 976 1471 et
1008 1436 1078 1471 tam
1120 1432 1251 1482 anqdis
1283 1433 1526 1470 monumentis
1557 1434 1629 1469 tam
1662 1430 1843 1468 cumulate
1875 1434 1935 1468 te-

294 1510 436 1551 stetur,
470 1516 575 1556 quam
606 1503 799 1554 Auyusta
835 1502 1100 1541 Trevirorum.
1162 1500 1310 1539 Deinde
1342 1501 1495 1539 codices
1526 1501 1557 1538 si
1591 1512 1662 1539 non
1694 1512 1738 1538 eo
1770 1512 1935 1545 numero,

295 1587 367 1626 quo
401 1575 581 1621 Augusta
611 1571 750 1619 altera,
792 1574 912 1609 tamen
944 1571 1191 1621 perinsignes
1231 1569 1368 1617 babet,
1410 1572 1449 1608 ut
1490 1569 1550 1607 vel
1592 1569 1652 1608 bic
1692 1581 1787 1606 unus
1818 1568 1934 1606 docu-

294 1647 418 1681 mento
460 1644 540 1687 est,
582 1652 744 1691 eosque,
789 1640 885 1690 quod
932 1643 1050 1687 auget
1095 1639 1392 1683 admirationem,
1434 1651 1604 1687 magnam
1642 1640 1784 1689 partem
1830 1638 1938 1675 unius

297 1713 368 1750 viri
400 1722 516 1761 opera
546 1712 657 1761 atque
687 1708 892 1756 industria,
933 1708 1111 1756 lingonis
1144 1706 1460 1757 Wyttenbaebii,
1494 1707 1743 1759 conquisitos
1806 1705 1938 1759 Quan-

297 1786 368 1818 tum
401 1782 522 1817 autem
554 1777 728 1825 gaudium
761 1790 875 1814 meum
908 1775 971 1814 illo
1004 1776 1062 1813 die
1096 1776 1214 1813 fuisse
1244 1780 1379 1826 putas,
1413 1789 1520 1828 quum
1551 1775 1638 1813 mihi
1661 1776 1758 1814 inter
1782 1775 1938 1813 delicias

296 1848 582 1887 Trevirensium
616 1846 784 1883 versanti
813 1843 1156 1895 wyttenbachius,
1191 1846 1246 1882 cui
1280 1846 1347 1883 iam
1379 1849 1465 1883 ante
1497 1846 1757 1892 innotuerant,
1791 1847 1829 1882 et
1852 1842 1938 1894 quid

300 1917 538 1967 cupidissime
569 1914 747 1952 librorum
775 1917 1014 1964 expeterem,
1044 1914 1370 1960 significaveram,
1402 1914 1519 1963 primo
1553 1912 1694 1951 babere
1725 1925 1768 1950 se
1800 1911 1938 1963 aliquid

300 1985 383 2023 mibi
415 1983 611 2022 iueundum
643 1983 847 2032 repositum
895 1982 1095 2027 indicavit,
1137 1994 1223 2019 mox
1261 1983 1379 2031 ipsum
1421 1981 1584 2020 codicem
1627 1981 1725 2019 illum
1757 1980 1938 2019 ostendit.

300 2055 433 2104 Neque
465 2053 582 2090 solum
614 2051 800 2099 ostendit,
834 2051 899 2089 sed
935 2052 969 2088 in
1002 2063 1129 2088 manus
1163 2051 1332 2096 tradidit,
1367 2054 1404 2088 et
1427 2050 1585 2088 defluxit
1608 2062 1744 2088 mecum
1768 2049 1812 2087 ad
1832 2048 1940 2087 Rbe-

301 2136 381 2160 num
414 2123 605 2172 pretiosus
638 2119 732 2157 liber
764 2118 826 2157 illo
859 2132 929 2156 uno
961 2119 1117 2156 omnium
1150 2120 1409 2157 amoenissimo
1447 2118 1636 2157 Mosellae
1668 2118 1826 2156 flumine..

388 2190 500 2228 Liber
532 2193 593 2227 est
624 2192 728 2227 totus
761 2189 796 2225 in
830 2188 1037 2225 membrana
1069 2190 1255 2238 scriptus„
1290 2189 1405 2225 forma
1431 2188 1599 2224 maxima.
1660 2187 1826 2225 Priorem
1853 2197 1940 2236 par-

302 2264 392 2304 tem,
426 2262 463 2297 et
494 2258 637 2309 quidem
671 2257 786 2305 longe
830 2257 1020 2294 maximam
1052 2261 1194 2306 partem
1236 2257 1346 2304 libri,
1387 2260 1548 2306 occupat
1588 2255 1748 2293 Servius
1780 2256 1814 2292 in
1848 2254 1941 2292 Vir-

303 2329 445 2379 gilium.
506 2326 562 2364 At
595 2326 704 2364 deest
736 2326 889 2362 initium.
958 2325 1064 2377 Quod
1109 2337 1203 2363 nunc
1235 2326 1384 2375 primum
1417 2324 1584 2362 relictum
1616 2324 1741 2362 folium
1772 2328 1855 2371 est,
1888 2323 1943 2362 ita

304 2398 434 2448 incipit
456 2410 464 2434 :
489 2396 562 2448 fiat
579 2401 621 2434 ut
637 2394 788 2448 fernus
799 2395 909 2433 dicit.
927 2396 1213 2432 areniciuorum
1226 2394 1353 2447 sepes
1364 2394 1425 2431 (1ιῖ
1436 2389 1454 2431 ’Ξ
1471 2392 1829 2447 remotushabetes
1841 2406 1944 2446 quae

304 2469 411 2521 semp
438 2465 586 2519 adesse
611 2463 753 2518 solent.
786 2462 943 2516 Iziblez'f.
965 2463 1088 2500 hilda.
1114 2463 1231 2517 mons
1254 2465 1291 2500 in
1312 2462 1448 2513 s'z'ce'lae'a
1468 2461 1654 2514 uellocuf
1673 2463 1713 2499 in
1734 2464 1859 2500 attica
1878 2461 1944 2500 ubi

305 2537 378 2575 mel
404 2536 585 2587 optimum
611 2533 806 2586 naseitur-
839 2531 904 2570 uel
929 2532 1086 2585 ciuitas
1105 2532 1335 2584 he'fpam'ae.
1369 2530 1558 2585 depasta.
1591 2530 1634 2568 id
1659 2527 1690 2568 ὅ
1708 2530 1942 2584 depascere.

308 2605 459 2658 salicti.
478 2602 643 2653 uir-qula·
659 2614 784 2652 {senus
808 2613 851 2638 eo
872 2600 925 2653 qd
937 2600 1037 2653 salit
1054 2603 1143 2638 cito.
1166 2606 1201 2638 et
1219 2598 1694 2653 sitrfsil.l1iblez‘fapibrts.
1714 2599 1768 2637 id.
1789 2596 1818 2637 ἐ
1834 2595 1943 2649 apta*

308 2672 337 2711 ὅ
353 2674 426 2711 hoc
442 2673 527 2710 loeo
548 2671 693 2723 ape’bus
710 2669 854 2708 Iziblez’s
875 2668 1016 2722 salicti
1039 2668 1169 2719 florem
1192 2668 1424 2722 depascere.
1456 2669 1590 2719 Saepe
1607 2667 1687 2706 leui
1714 2668 1943 2713 (correctum

310 2742 439 2796 lenis)
462 2746 581 2793 etrlq3
603 2740 666 2778 hic
683 2745 877 2791 prouocat
899 2737 1087 2790 rusticum
1103 2737 1158 2775 ad
1178 2737 1349 2776 delicias
1376 2737 1488 2790 quas
1500 2742 1620 2775 amat.
1652 2736 1828 2775 Susurro
1850 2737 1943 2773 ani-

309 2811 387 2849 mal
409 2810 461 2863 qd
478 2810 527 2848 de
547 2807 700 2861 apibus
714 2807 911 2861 nascitur.
935 2803 1084 2844 ndtria
1104 2806 1197 2859 funt
1213 2819 1360 2856 {fenera
1375 2803 1604 2857 s'ondatoru'
1616 2804 1710 2854 (sic)
1729 2803 1944 2855 frondator

313 2883 378 2932 qui
403 2878 574 2930 arbores
589 2882 807 2928 amputant.
837 2878 909 2913 etc.
971 2874 1101 2912 Priora
1129 2886 1201 2912 non
1235 2875 1330 2912 satis
1361 2874 1546 2924 expedio,
1580 2873 1648 2912 sed
1681 2874 1838 2923 apparet
1870 2884 1942 2910 ex-

311 2946 547 2995 plicationem
587 2957 676 2983 esse
715 2956 853 2982 versus
892 2944 958 2981 54.
1000 2942 1170 2992 Eclngae
1201 2942 1230 2980 Ι.
1292 2942 1498 2981 Praeterea
1537 2953 1587 2980 ex
1626 2940 1698 2979 hoc
1737 2941 1820 2991 ipso
1860 2940 1944 2979 loco

314 3018 470 3064 apparet
509 3026 597 3053 esse
637 3013 813 3054 Servium
854 3012 889 3050 in
930 3012 1062 3051 codice
1101 3012 1331 3061 Augustano
1371 3010 1615 3050 vehementer
1655 3008 1943 3061 interpolatum3
