2006 3365
508 162 641 204 VITA
672 161 906 204 CATONIS
938 164 1006 204 ET
1035 162 1279 206 SCRIPTA.
1611 170 1707 213 261

83 290 176 317 anno
216 277 438 328 propiorem.
507 278 632 333 Quare
672 278 786 317 Diras
823 290 921 318 anno
962 278 1119 320 Catonis
1151 281 1332 320 vicesimo
1364 281 1503 321 octavo
1534 281 1708 331 assigno,

81 350 145 386 aut
174 346 332 396 septimo
365 349 402 385 et
442 347 636 385 vicesimo.

166 414 353 464 Superest
385 418 423 453 ut
454 415 673 465 videmnus,
707 416 889 468 quomodo
921 418 960 455 et
989 428 1060 468 qua
1090 417 1292 456 occasione
1322 417 1542 468 patrimonio
1573 418 1711 456 exutus

81 483 203 522 fuerit.
264 482 395 535 Atque
426 482 498 522 hoc
530 483 616 523 illud
651 488 729 534 est,
761 485 795 523 in
827 497 898 536 quo
930 483 1066 535 aliquid
1087 485 1174 522 novi
1199 485 1441 524 observatum
1468 487 1511 524 iri
1536 486 1710 525 diximus.

80 551 229 604 Quippe
273 552 530 597 concedimus,
574 553 752 592 militibus
790 553 1026 601 assignaturi}
1067 564 1155 590 esse
1200 565 1332 600 agrum
1379 552 1555 604 Catonis,
1587 555 1710 593 statim

79 622 312 669 assignatum
345 633 433 659 esse
465 633 668 670 negamus,
703 624 739 660 et
770 621 867 659 aliud
901 622 1035 658 factum
1066 633 1160 670 agro
1186 619 1344 659 Catonis
1376 623 1609 672 coniicimus,
1640 635 1709 661 an-

79 692 225 740 tequam
271 690 534 737 assignaretur
578 689 768 728 militibus.
835 689 928 727 Eius
974 689 1210 726 coniecturae
1254 689 1419 727 rationes
1458 689 1527 728 has
1573 690 1709 730 haheo.

78 757 201 796 Primo
234 757 405 796 Suetonii
438 758 575 806 verba,
615 770 709 810 quae
740 757 801 809 qui
831 758 1006 795 rimetur:
1051 756 1134 808 quid
1166 758 1285 794 autem
1318 757 1514 795 rimandum
1547 760 1635 803 erit,
1677 761 1708 798 si

79 827 189 864 testis
220 825 505 877 locupletissimi
537 829 647 878 atque
678 825 776 864 unici
815 825 933 863 verba
974 837 1046 863 non
1087 836 1174 862 esse
1219 825 1383 863 rimanda
1422 821 1559 864 dicas?
1595 827 1711 876 igitur

78 893 172 932 liaeo
202 896 262 947 qui
295 896 468 943 rimetur,
502 893 588 932 nillil
621 896 746 933 inesse
778 893 823 932 de
854 893 1034 932 militibus
1059 892 1249 931 fatebitur.
1310 893 1379 932 Ait
1400 894 1628 943 Suetonius,
1660 907 1708 933 ex

77 962 372 1012 Indignatione,
414 963 578 1002 licentia
608 962 771 1002 Sullani
799 964 986 1015 temporis
1017 967 1172 1001 cautum
1199 965 1449 1014 patrimonio.
1510 963 1564 1002 At
1594 962 1709 1012 longe

76 1035 212 1082 patens
244 1032 410 1071 licentia
442 1030 665 1070 vocabulum
697 1032 777 1079 est,
809 1043 880 1082 quo
911 1031 1050 1079 omnia,
1084 1041 1176 1081 quae
1207 1041 1252 1068 eo
1284 1032 1454 1080 tempore
1485 1031 1708 1081 imperiose,

77 1099 299 1144 crudeliter,
334 1100 473 1138 iniuste
504 1102 604 1138 facta
635 1101 746 1148 sunt,
781 1099 1030 1137 continentur.
1090 1099 1145 1136 Ea
1175 1103 1296 1137 autem
1328 1099 1514 1137 innumera
1541 1101 1708 1147 fuerunt,

78 1172 116 1207 ut
148 1168 211 1206 illa
241 1169 439 1217 assignata
472 1168 664 1206 veteranis
695 1167 835 1218 praeda
865 1179 954 1217 pars
985 1170 1145 1216 tantum,
1188 1179 1310 1219 neque
1341 1179 1386 1206 ea
1416 1169 1592 1218 maxima,
1624 1169 1705 1207 infl-

77 1237 176 1276 nitae
207 1237 396 1276 licentiae
426 1237 546 1275 videri
579 1236 730 1274 debeat.
792 1234 971 1275 Conferat
1010 1236 1041 1274 si
1081 1236 1165 1287 quis
1197 1237 1392 1285 imaginem
1423 1236 1594 1276 licentiae
1626 1238 1707 1275 unl-

77 1318 214 1344 versae
245 1305 386 1344 habere
421 1306 544 1355 cupit,
587 1304 719 1355 Lepidi
760 1304 962 1342 orationem
1002 1304 1036 1342 in
1077 1304 1235 1344 Sallust.
1268 1305 1367 1344 [list.
1400 1305 1547 1354 Fragm.
1580 1305 1643 1344 lib.
1677 1305 1707 1345 Ι.

75 1376 110 1413 in
149 1387 220 1425 qua
261 1374 358 1411 inter
398 1373 510 1411 multa
551 1373 806 1412 accusationis
852 1374 976 1423 capita
1012 1374 1166 1412 intimum
1208 1373 1325 1413 locum
1367 1377 1471 1414 tenet
1517 1375 1708 1414 veteranis

77 1445 176 1481 saeta
207 1442 381 1491 largitio,
417 1442 620 1494 Sullaeque
652 1454 723 1480 non
756 1446 826 1481 tam
852 1442 949 1490 boc,
981 1442 1076 1494 quod
1099 1455 1176 1480 eam
1203 1443 1337 1482 fecerit
1359 1443 1570 1492 veteranis,
1602 1456 1706 1495 quam

76 1512 173 1563 quod
207 1513 312 1549 trinus
344 1524 491 1562 parcam
523 1512 655 1550 feeerit
685 1523 729 1549 ac
759 1511 922 1559 futilem,
957 1512 1049 1549 vitio
1084 1512 1265 1562 vertitur3
1298 1514 1336 1550 et
1367 1510 1490 1551 Cicer.
1517 1512 1706 1550 Paradox.

77 1594 131 1617 vr.
153 1582 191 1617 2.
221 1579 281 1617 ubi
306 1579 377 1617 ita:
420 1582 487 1632 qui
516 1579 628 1617 illam
657 1579 819 1619 Sullani
847 1582 1034 1631 temporis
1065 1594 1230 1619 messem
1260 1581 1503 1619 recordetur.
1559 1580 1706 1619 Addam

75 1647 148 1686 alia
188 1647 397 1696 vocabula,
450 1660 601 1699 quorum
645 1659 763 1699 aeque
807 1646 883 1685 lata
922 1650 1121 1698 potestas:
1164 1649 1237 1687 etsi
1276 1648 1490 1701 plerumque
1530 1648 1576 1687 de
1613 1661 1706 1700 pro-

76 1717 345 1767 scriptionilms
387 1716 547 1754 maxime
586 1728 795 1754 sermonem
841 1728 953 1765 esse,
1002 1717 1098 1768 quod
1138 1729 1229 1756 sane
1267 1718 1338 1757 fuit
1367 1718 1494 1756 malum
1528 1719 1709 1769 temporis

75 1785 184 1823 istius
224 1786 515 1833 atrocissimum,
556 1784 791 1833 intelligitur.
862 1784 968 1824 Orat.
999 1797 1066 1836 pro
1106 1786 1213 1824 domo
1264 1802 1370 1836 xvn,
1412 1790 1477 1826 43.
1512 1788 1707 1827 Proscri-

72 1856 224 1906 ptiom‘s
256 1856 508 1893 miserrimum
539 1868 671 1893 nomen
703 1854 828 1902 illud,
860 1861 897 1893 el
928 1856 1052 1893 omnis
1084 1855 1286 1895 acerbitas
1311 1856 1474 1895 Sullani
1503 1859 1705 1910 temporis.

76 1922 165 1960 ibid.
195 1938 307 1971 xxx,
338 1926 402 1960 79.
432 1923 506 1961 ma
533 1923 695 1963 Sullani
725 1924 911 1975 temporis
935 1936 1060 1962 arma.
1094 1925 1140 1962 cf.
1177 1924 1266 1962 ibid.
1292 1940 1421 1972 xxm,
1443 1928 1511 1964 83.
1540 1933 1708 1977 propter

77 1993 323 2044 iniquitatem
355 1991 467 2029 illius
501 1994 670 2030 Cinnani
701 1995 900 2044 lemporis.
965 1991 1113 2030 Rursus
1145 1993 1267 2041 Epist.
1299 1993 1345 2031 ad
1374 1993 1496 2032 Famil.
1526 1993 1705 2032 Xlll.1v.

76 2060 238 2100 Sullam·
267 2062 454 2111 temporis
488 2060 756 2099 acerbitatem.
802 2059 910 2098 Xlll.
942 2072 980 2099 v.
1023 2060 1185 2099 Sullani
1214 2064 1402 2113 temporis
1435 2064 1707 2102 iniustissima

77 2130 322 2167 calamitate.
384 2128 488 2166 Alibi
522 2128 616 2178 apud
651 2128 891 2176 Ciceronem,
932 2127 1171 2177 Sallustium,
1213 2129 1380 2179 Florum,
1424 2131 1599 2170 Sullana
1630 2132 1705 2171 (lo-

76 2200 250 2237 minatio.
312 2197 406 2235 llinc
439 2198 594 2245 lactum,
636 2200 674 2236 ut
715 2198 823 2236 etiam
863 2197 1071 2236 Sullanum
1102 2203 1254 2251 tempus
1286 2199 1430 2238 dicatur
1461 2199 1704 2250 simpliciter,

78 2280 149 2319 quo
181 2266 298 2303 omnis
330 2266 538 2303 atrocitatis
571 2265 840 2317 licentiaeque,
872 2278 967 2317 quae
998 2269 1071 2304 tum
1102 2267 1378 2317 grassabatur,
1410 2269 1703 2308 recordationem

78 2333 385 2385 complectuntur.
454 2333 504 2373 Ut
543 2332 677 2373 Cicero
717 2334 750 2372 in
790 2333 901 2373 Verr.
943 2334 1009 2372 lib.
1041 2335 1071 2374 l.
1122 2350 1217 2384 xvi,
1263 2338 1330 2375 43.
1367 2342 1562 2388 postquam
1603 2338 1705 2377 illud

77 2410 228 2455 tempas
261 2403 519 2442 Sullanarum
547 2405 883 2456 proscriptionum
913 2417 964 2443 ac
993 2407 1224 2456 rapinarum
1260 2407 1580 2456 commemoravit,
1616 2419 1702 2457 per-

77 2474 163 2521 git:
207 2471 461 2528 Quamobrem
503 2472 577 2511 hoc
617 2474 718 2511 omni
754 2478 925 2525 tempore
962 2473 1129 2513 Sullano
1167 2487 1217 2513 ea:
1246 2476 1507 2514 accusatione
1536 2478 1701 2515 circam-

79 2543 257 2592 scripto,
293 2542 365 2577 etc.
399 2542 437 2578 et
467 2552 534 2591 pro
575 2539 618 2578 S.
650 2540 793 2579 Roscio
826 2541 954 2580 Anier.
1009 2556 1105 2591 xm,
1151 2544 1218 2581 58.
1261 2545 1442 2582 neminem
1480 2558 1595 2593 esse,
1636 2547 1706 2598 (sai

78 2610 234 2649 verbum
263 2610 404 2661 facere
432 2609 505 2648 Izoc
544 2615 714 2661 tempore
754 2611 932 2649 auderet.
1003 2610 1108 2649 Haec
1146 2611 1227 2649 dum
1270 2611 1359 2661 lego
1400 2615 1509 2665 atque
1547 2613 1700 2661 relego,

79 2679 243 2718 adducor
275 2680 374 2727 sere,
408 2679 446 2715 ut
476 2689 601 2727 parum
633 2679 783 2728 proprie
813 2683 925 2731 atque
956 2682 1129 2718 accurate
1161 2679 1345 2732 loquutum
1379 2694 1465 2719 esse
1486 2682 1702 2720 Suetonium

81 2748 218 2795 dicam,
252 2747 283 2784 si
317 2745 504 2783 voluisset
534 2746 754 2795 assignatos
787 2748 977 2786 veteranis
1008 2760 1124 2797 agros
1156 2749 1386 2797 significare.
1448 2750 1516 2788 Est
1548 2750 1642 2787 enim
1668 2751 1702 2788 in

82 2829 126 2855 ea
157 2829 196 2855 re
227 2816 390 2855 licentia
422 2813 639 2852 vocabulum
672 2815 776 2853 nimis
808 2816 892 2853 sive
922 2820 1026 2855 arcta
1049 2818 1135 2856 sive
1164 2816 1237 2856 lata
1264 2820 1475 2868 potestate,
1507 2830 1578 2856 non
1610 2819 1705 2856 satis

82 2897 227 2934 grave:
270 2884 356 2923 exui
389 2883 631 2933 patrimonio,
671 2886 709 2922 ut
740 2883 826 2922 illud
861 2886 1052 2923 veteranis
1084 2886 1214 2936 detur,
1250 2899 1294 2924 ea
1324 2887 1392 2924 iam
1423 2898 1495 2924 non
1527 2888 1621 2925 soret
1651 2887 1703 2925 a-

84 2957 234 3002 centia,
279 2952 345 2991 sed
386 2951 613 2999 acerbitas,
654 2952 867 2992 calamitas
904 2954 1067 2993 Sullani
1103 2957 1305 3007 temporis.
1420 2954 1566 2993 Deinde
1597 2966 1703 3006 quum

85 3020 287 3061 Suetonius
316 3033 361 3062 eo
394 3022 545 3062 exutum
576 3031 665 3060 esse
695 3018 874 3061 Catonem
902 3023 1072 3074 facilius
1103 3023 1264 3073 scribat,
1303 3022 1398 3075 quod
1428 3023 1608 3077 pupillus
1638 3037 1704 3064 re-
