2006 3365
481 176 549 215 DE
581 176 798 216 VIRGILH
829 176 926 215 11113.
952 173 1241 215 {UVENMAS
1268 173 1404 214 LUDI.
1679 177 1779 221 223

144 292 273 332 Servii
304 290 444 340 locum,
477 293 713 343 quantumvis
745 295 954 341 recentem,
987 293 1110 330 tamen
1136 303 1209 329 non
1237 293 1308 330 tam
1332 301 1420 329 esse
1441 289 1650 337 recentem,
1675 300 1780 340 quam

143 361 316 400 videatur
354 360 486 399 alicui:
534 361 567 398 si
606 361 753 413 quidem
794 360 858 399 ille
898 361 934 398 in
973 358 1081 398 libris
1122 358 1218 397 haud
1250 357 1541 398 contemnendae
1575 357 1781 396 vetustatis

143 429 305 479 legitur,
344 431 386 468 ut
416 431 450 468 in
498 431 753 479 Augustano,
795 431 833 468 et
863 430 899 467 in
931 427 1128 475 Leidensi,
1172 427 1253 479 qui,
1300 426 1396 478 quod
1436 425 1561 465 obiter
1590 425 1779 473 observo,

145 497 240 537 hanc
270 498 496 548 adscriptam
529 502 650 536 notam
681 497 817 536 habet:
850 498 1033 537 Servium
1063 496 1164 534 hunc
1194 494 1362 533 contulit
1392 495 1486 534 Nic.
1514 495 1712 534 Heinsius
1743 498 1782 533 et

145 569 299 606 notavit
328 567 447 606 licera
479 566 528 605 L.
590 571 629 605 ut
659 567 775 615 igitur
808 565 879 603 hoc
910 568 1073 613 taccam,
1114 563 1262 601 aliunde
1293 563 1420 601 doceri
1451 566 1579 614 potest
1609 564 1683 602 ista
1713 574 1782 601 sua

145 635 328 674 Donatum
371 635 764 686 Pseudoscrviumque
806 646 876 672 non
916 633 1067 683 primum
1108 632 1337 679 tradidisse,
1376 634 1414 670 et
1459 632 1617 670 finxisse
1647 632 1778 682 ipsos,

145 704 212 742 sed
245 703 394 742 tradere
424 703 471 741 ab
502 703 586 741 aliis
617 705 800 752 accepta,
835 704 873 741 et
904 713 1048 739 rumore
1079 702 1174 739 satis
1205 700 1357 752 antiquo
1390 699 1616 738 confirmata.
1691 699 1781 738 Ma-

146 777 228 811 ture
258 773 406 811 exstitit
436 771 699 823 opusculorum
733 769 1025 818 Virgilianorum
1058 768 1233 807 collectio
1265 768 1466 819 quaedam,
1500 779 1545 805 ea
1577 769 1655 805 t'cre
1687 780 1780 806 con-

146 842 292 889 tinens,
325 853 419 893 quae
450 840 503 879 illi
535 840 700 879 tribuunt
730 837 911 886 Virgilio.
973 836 1152 877 Codicum
1184 836 1503 886 Virgilianorum,
1545 836 1606 888 qui
1637 836 1782 888 quidem

145 908 327 958 opuscula
357 909 441 947 sive
472 909 632 947 carmina
663 907 803 945 minora
837 906 991 956 Virgilii
1024 906 1236 953 continent,
1280 905 1555 956 antiquissimi,
1595 906 1634 943 et
1663 916 1783 956 quan-

146 983 217 1015 tum
250 977 359 1016 nobis
391 980 568 1026 constat,
610 975 761 1027 optimi,
803 987 875 1013 non
906 974 969 1013 alii
1001 975 1095 1024 alia,
1128 974 1196 1013 sed
1227 974 1356 1012 eadem
1387 985 1538 1022 omnes,
1571 976 1609 1013 et
1640 973 1784 1025 quidem

146 1046 207 1084 illa
238 1047 338 1096 sere,
383 1058 477 1097 quae
509 1049 708 1084 recensent
742 1045 912 1082 Donatus
945 1043 1204 1095 Serviusque,
1251 1043 1460 1091 continent,
1507 1054 1642 1094 eaque,
1686 1043 1784 1094 quod

144 1115 411 1164 gravissimum
444 1117 522 1159 cst,
568 1113 744 1152 connnuni
787 1113 894 1152 titulo
934 1111 1227 1163 comprehensa,
1267 1112 1327 1164 qui
1369 1110 1429 1149 hic
1461 1114 1542 1150 est:
1590 1119 1784 1154 V1RG1L11

146 1193 403 1227 lUVENALis
435 1193 545 1226 mim
580 1190 819 1225 mssssLLUS.
884 1181 923 1219 ld
957 1182 1107 1231 primum
1140 1181 1185 1218 de
1222 1192 1290 1219 suo
1322 1179 1419 1218 libro
1451 1180 1587 1218 Petrus
1619 1179 1785 1219 Bembus

147 1252 291 1297 docuit,
325 1254 364 1290 ut
395 1254 574 1300 reseram,
608 1264 715 1303 quum
746 1250 791 1288 ad
824 1249 1113 1288 describendum
1146 1262 1226 1288 eum
1257 1248 1386 1288 librum
1418 1261 1647 1299 pervenero.
1706 1249 1786 1287 At-

147 1333 218 1372 que
255 1321 348 1358 idem
381 1320 510 1359 titulus
552 1321 587 1358 in
630 1319 859 1363 petaviano,
907 1317 1108 1368 Thuaneo,
1143 1318 1396 1367 Augustano,
1431 1318 1467 1355 in
1508 1318 1680 1356 Parisino
1713 1316 1784 1356 lv.

148 1402 219 1427 uno
259 1389 456 1438 Mediceo,
505 1393 543 1428 et
583 1388 620 1426 in
664 1388 757 1427 libro
801 1387 1014 1437 Scaligeri,
1063 1390 1102 1426 ut
1146 1387 1352 1426 monebitur
1382 1399 1404 1425 a
1434 1387 1557 1425 mein
1587 1385 1784 1425 Thuaneo.

148 1457 304 1511 Quando
336 1458 486 1508 primum
518 1458 694 1496 inventus
725 1457 775 1496 sit
805 1455 957 1504 titulus,
1000 1458 1038 1494 et
1082 1456 1228 1508 quando
1260 1456 1402 1495 institui
1432 1459 1592 1506 coepta,
1631 1456 1689 1494 cui
1721 1455 1786 1494 ille

148 1527 412 1577 praeponitur,
447 1525 624 1565 collectio
656 1526 727 1573 sit,
759 1525 833 1564 etsi
865 1536 970 1563 nemo
1003 1536 1070 1575 pro
1096 1528 1200 1563 certo
1232 1524 1356 1572 dicat,
1391 1526 1511 1563 tamen
1543 1523 1614 1563 hoc
1646 1526 1785 1562 certum

146 1598 226 1639 est,
267 1595 440 1642 codices,
483 1596 517 1633 in
559 1594 696 1647 quibus
736 1606 831 1632 nunc
872 1605 915 1631 ea
958 1592 1140 1641 habetur,
1189 1592 1248 1644 qui
1290 1591 1436 1644 quidem
1466 1592 1540 1643 ipsi
1573 1593 1668 1631 satis
1699 1594 1786 1631 sunt

144 1664 305 1715 antiqui,
340 1676 390 1702 ex
420 1664 505 1702 aliis
537 1663 749 1713 descriptos
779 1661 1080 1714 antiquioribus,
1113 1664 1151 1700 et
1180 1659 1251 1699 hos
1282 1673 1413 1699 rursus
1445 1673 1493 1700 ex
1526 1660 1609 1700 aliis
1641 1662 1783 1700 fuisse:

144 1734 185 1770 ut
215 1733 309 1771 satis
341 1736 505 1771 remotae
550 1732 783 1784 antiquitati,
832 1734 870 1769 et
907 1742 1002 1782 quae
1042 1729 1151 1769 facile
1188 1733 1344 1782 aequet,
1392 1729 1454 1769 vel
1488 1731 1597 1769 etiam
1629 1731 1786 1781 superet

147 1801 299 1840 istorum
338 1801 476 1840 Donati
518 1804 556 1840 et
596 1800 722 1839 Servii
767 1802 950 1848 aetatem,
998 1799 1180 1838 vindicari
1221 1802 1258 1838 et
1289 1798 1462 1838 collectio
1495 1798 1557 1837 illa
1588 1802 1625 1838 et
1656 1799 1785 1838 titulus

146 1868 211 1908 illc
242 1869 405 1920 possint.
467 1870 640 1919 Egregie
672 1869 743 1907 huc
774 1870 864 1908 facit
895 1869 1124 1919 epigramma
1156 1881 1207 1906 ex
1238 1866 1401 1907 Schedis
1430 1868 1564 1907 Vossii
1597 1868 1732 1907 editum
1763 1880 1786 1906 a

147 1938 355 1976 Burmanno
397 1937 514 1977 Antli.
550 1938 632 1977 Lat.
666 1938 729 1977 lib.
762 1937 811 1976 ll.
846 1952 1031 1975 eLxxxu.

438 2007 538 2046 Vale
568 2007 792 2058 Syracosio
826 2009 892 2060 qul
923 2007 1100 2054 â€¹lule-lor,
1134 2005 1397 2059 Hesiodoque

518 2076 683 2123 Maior,
725 2075 944 2114 Homeraeo
976 2087 1051 2112 non
1081 2076 1206 2113 minor
1237 2087 1303 2113 ore
1333 2075 1442 2126 fluit:

435 2144 555 2183 Illius
586 2145 686 2183 leaeo
719 2158 871 2198 quoqne
902 2151 994 2182 sunl
1026 2145 1154 2183 divini
1184 2145 1374 2184 elementa
1402 2151 1570 2198 poetae,

517 2213 569 2251 El
603 2213 711 2251 rudit
743 2216 781 2251 in
812 2214 926 2251 vario
958 2216 1132 2252 carmine
1163 2214 1360 2266 Calliope.

147 2279 254 2334 Quod
287 2281 353 2319 iam
386 2281 561 2331 Heynius
593 2282 636 2319 ad
677 2281 813 2320 Donati
856 2281 981 2321 Vitam
1018 2282 1132 2330 Virg.
1174 2298 1243 2320 vu.
1291 2285 1358 2322 28.
1398 2282 1577 2333 scriptum
1622 2282 1657 2320 in
1702 2280 1783 2320 col-

147 2349 344 2388 lectionem
382 2350 569 2402 quamdam
612 2353 818 2400 poematum
860 2349 1178 2399 Virgilianorum,
1221 2351 1282 2390 vel
1315 2352 1519 2402 praefixum
1551 2351 1670 2389 suisse
1702 2349 1783 2388 col-

146 2418 299 2458 lectioni
332 2418 508 2457 eiusmodi
543 2419 648 2457 vidit.
711 2419 912 2472 Quaeritur
945 2423 1059 2457 utrum
1092 2419 1201 2468 liuic,
1235 2420 1281 2458 de
1304 2433 1376 2473 qua
1400 2432 1469 2459 nos
1496 2431 1591 2458 nunc
1613 2419 1781 2469 agimus,

146 2500 193 2527 an
223 2488 445 2539 antiquiori,
476 2488 593 2526 minus
625 2487 791 2539 amplae3
823 2500 868 2526 an
902 2490 997 2527 forte
1029 2488 1122 2526 solis
1156 2489 1377 2529 Catalectis.
1439 2488 1547 2528 rudit
1578 2500 1690 2526 versu
1724 2487 1784 2525 ul-

148 2558 233 2596 timo
266 2561 328 2596 aut
360 2567 490 2594 vocem
522 2556 769 2602 inconditam,
819 2561 962 2596 cantum
1000 2557 1158 2596 nondum
1190 2559 1284 2596 satis
1315 2556 1529 2605 excultum,
1566 2556 1784 2606 significare

146 2626 342 2677 putabam,
379 2628 442 2664 aut
485 2625 628 2663 omnino
661 2627 817 2664 cantum.
877 2625 1074 2677 Proprium
1106 2625 1179 2666 lioc
1217 2629 1278 2666 est
1308 2627 1531 2677 scriptorum
1563 2626 1680 2664 minus
1712 2624 1785 2662 bo-

147 2707 296 2745 norum,
336 2693 603 2742 recentiorum,
637 2696 681 2732 *ut
712 2694 829 2745 inepti
860 2693 971 2745 fiant,
1004 2695 1086 2734 dum
1119 2695 1310 2747 exquisita
1340 2698 1379 2735 et
1415 2695 1533 2733 minus
1566 2695 1702 2733 usitata
1733 2693 1785 2733 ibi

147 2766 320 2815 captant,
359 2763 420 2802 uhi
459 2774 532 2814 quo
570 2761 798 2813 simpliciora
838 2763 956 2802 verha
986 2766 1097 2814 sunt,
1136 2777 1181 2804 eo
1222 2767 1308 2804 sunt
1338 2764 1498 2815 aptiora.
1559 2763 1676 2802 Nemo
1713 2760 1785 2800 hac

147 2833 183 2871 in
221 2845 260 2871 re
291 2833 529 2884 impotentior
559 2830 714 2880 Nonno,
742 2832 802 2884 qui
834 2831 974 2885 ubique
1004 2833 1086 2871 sine
1117 2831 1263 2872 delectu
1295 2834 1506 2885 frequentat
1537 2832 1629 2870 ista:
1662 2825 1781 2877 Î¹â€™á¼€Ï‡Îµ,

147 2898 390 2951 Î¼Ï…Îºá½µÏƒÎ±Ï„Î¿,
426 2896 697 2950 Î²ÏÏ…Ï‡á½µÏƒÎ±Ï„Î¿,
735 2896 936 2949 Î±â€™Î½á½µÏÏ…Î³Îµ,
967 2897 1244 2951 á¼‘ÏÎµÏ…Î³Î¿Î¼á½³Î½Î·,
1276 2898 1431 2949 Î²Î¿á½¹Ï‰Î½.
1493 2901 1587 2940 Sine
1609 2898 1782 2950 delectu,

148 2971 318 3023 inquam:
352 2971 484 3010 serrem
514 2970 628 3018 enim,
661 2969 693 3007 si
724 2967 820 3008 hanc
844 2968 1020 3022 loquendi
1046 2969 1313 3010 vehementiam
1345 2970 1519 3009 monstris
1550 2971 1688 3008 tantum
1713 2970 1783 3007 tri-

147 3041 305 3091 bueret,
338 3043 377 3081 ut
408 3042 468 3080 est
498 3037 733 3090 Typhoeus,
766 3037 888 3090 iisque
919 3039 981 3091 qui
1014 3039 1213 3078 affectibus
1245 3050 1362 3090 usque
1392 3037 1439 3076 ad
1470 3037 1648 3076 insaniam
1679 3050 1781 3077 com-
