2006 3365
444 197 514 238 DE
546 195 770 237 VIRGILII
801 195 897 236 LIB.
929 193 1223 237 IUVENALIS
1254 194 1390 235 LUDI.
1646 199 1749 242 227

101 312 155 352 Is.
185 311 380 351 Vossius:
414 313 463 353 de
492 313 659 352 libidine
687 314 749 363 et)
782 320 908 361 v1N0‚
948 322 1016 356 DE
1050 315 1200 351 interno
1243 311 1404 359 labore,
1446 319 1506 353 DE
1541 318 1748 359 SIREN1S‚

98 385 137 420 et
167 393 263 433 quae
294 384 380 420 sunt
411 381 485 420 alia
517 382 723 431 eiusmodi,
764 381 980 432 plerumque
1020 384 1124 418 recte
1166 380 1245 418 suis
1287 378 1467 431 ineptulis
1501 378 1744 426 auctoribus,

95 450 285 497 Asmeno,
319 449 459 499 Vitali,
487 448 682 499 Vomano,
708 458 809 491 EVF.
843 449 877 487 id
912 451 973 487 est
1004 447 1250 498 Euphorbio,
1283 451 1320 487 et
1351 450 1411 500 qui
1444 452 1530 486 sunt
1560 447 1645 497 alii,
1677 459 1740 485 as-

93 518 238 567 signat.
299 517 545 569 Plerumque,
578 519 750 569 inquam:
790 529 946 568 namque
978 520 1038 555 est
1068 517 1180 554 etiam
1213 516 1274 554 ubi
1307 516 1485 555 ridiculas
1518 515 1666 556 fabulas
1697 516 1742 554 de

95 585 259 637 Virgilio
300 586 505 625 Tbuancus
544 586 733 638 sequitur,
777 589 816 624 ut
865 585 900 622 in
942 584 1210 635 epigrammate
1248 584 1334 622 sive
1375 586 1655 634 epigrammatis
1696 585 1742 623 de

92 654 221 694 Morte
252 655 371 693 trium.
434 655 666 693 petavianus
698 666 845 706 quoque
878 665 970 691 vera
1028 655 1216 690 auctorum
1249 653 1392 690 nomina
1433 665 1574 703 ponere
1615 653 1736 703 solet,

92 723 118 761 i.
151 736 185 761 e.
224 723 537 762 scholasticorum
579 726 617 761 et
654 722 992 772 grammatistarum
1031 720 1210 759 nomina:
1243 721 1315 759 etsi
1347 720 1420 759 alia
1452 733 1735 774 nonnunquam,

90 804 197 844 quam
238 791 466 840 Thuaneus,
511 792 616 842 ponit
653 792 688 829 in
728 790 787 829 his
826 790 1070 837 carminibus,
1114 801 1210 841 quae
1250 790 1283 828 ei
1323 793 1410 828 sunt
1442 802 1522 828 cum
1553 789 1737 829 Thuaneo

90 861 306 899 communia.
369 860 620 900 conferantur
650 859 734 908 alii,
769 859 829 911 qui
863 859 899 896 in
931 857 1133 907 Catalogis
1165 857 1483 897 Bibliothecarum
1513 859 1734 897 describun-

89 932 171 978 tur,
205 941 239 967 e.
272 941 312 981 g.
347 928 545 968 Mediceus
577 928 676 967 Plut.
708 926 894 967 XXXIlI.
929 941 1048 965 xxxx.

172 997 282 1036 Nunc
313 997 621 1049 percensebimus
653 997 824 1036 breviter
863 997 1023 1035 carmina
1063 1008 1158 1048 quae
1194 997 1563 1035 commemoravimus
1594 998 1740 1041 omnia,

88 1070 128 1105 ut
157 1070 341 1116 appareat
372 1069 544 1118 quantum
577 1066 612 1104 in
645 1066 691 1105 iis
723 1065 977 1115 Virgilianum
1008 1065 1111 1103 insit.

174 1135 350 1173 Culicem
389 1135 528 1185 primo,
571 1138 610 1174 ut
646 1146 743 1173 nunc
781 1137 862 1183 est,
902 1134 932 1172 si
965 1132 1131 1172 maculae
1173 1133 1374 1172 abstersae
1406 1134 1639 1174 librariorum
1672 1137 1732 1174 su-

88 1203 205 1251 erint,
241 1202 396 1253 Virgilii
429 1216 525 1254 opus
557 1205 642 1242 sive
674 1202 891 1254 opusculum
920 1202 1087 1241 iuvenile
1119 1214 1208 1241 esse
1239 1206 1377 1241 certum
1407 1207 1480 1242 est.
1540 1203 1600 1242 De
1633 1217 1732 1244 com-

86 1274 209 1310 mento
241 1272 384 1322 Ileynii
423 1273 509 1324 quid
540 1272 602 1310 alii
635 1273 821 1319 sentiant,
870 1284 942 1309 non
975 1271 1172 1322 comperi:
1213 1283 1288 1321 ego
1321 1284 1501 1324 nunquam
1533 1273 1728 1323 intellexi,

86 1341 267 1392 quomodo
307 1353 402 1393 quae
442 1341 553 1380 multa
591 1353 637 1379 ac
677 1341 873 1379 verissime
913 1340 1159 1391 reprehendit
1199 1341 1234 1378 in
1268 1338 1424 1389 Culice,
1464 1340 1537 1379 hoc
1578 1343 1731 1381 el'ticere

85 1409 181 1460 apud
216 1409 402 1459 Heynium
434 1410 646 1460 potuerint,
691 1412 729 1448 ut
760 1409 1029 1458 vehementer,
1071 1412 1108 1448 et
1139 1409 1250 1460 plane
1291 1409 1546 1448 incredibilem
1580 1412 1614 1449 in
1651 1425 1730 1450 mo-

85 1478 167 1516 dum
211 1477 473 1528 interpolatum
515 1480 692 1517 censeret
722 1476 903 1517 Culicem.
967 1477 1059 1516 Nam
1099 1490 1195 1530 quae
1233 1478 1298 1516 ille
1335 1482 1460 1517 monet
1491 1481 1729 1529 rectissime,

85 1546 268 1584 infelicem
309 1559 400 1585 esse
438 1559 612 1585 summam
643 1549 794 1598 operis,
830 1550 975 1598 poetam
1006 1546 1197 1597 plurimum
1236 1546 1377 1585 laboris
1409 1559 1453 1585 ac
1485 1549 1663 1598 temporis
1695 1550 1729 1587 in

84 1627 248 1665 parerga
287 1618 398 1667 atque
439 1620 654 1654 ornamenta
691 1616 929 1667 impendere,
978 1620 1016 1655 et
1061 1616 1097 1654 in
1138 1615 1235 1654 locis
1276 1616 1439 1666 poeticis
1479 1618 1732 1656 conaminibus

83 1685 230 1722 versari
263 1687 469 1734 perpetu03
504 1684 664 1733 deinde,
699 1684 795 1736 quod
830 1684 898 1722 iam
930 1685 1052 1723 sensit
1072 1685 1288 1735 Episcopus
1307 1683 1546 1732 Aleriensis,
1581 1686 1727 1725 dicendi

81 1764 236 1801 genuS,
284 1753 383 1791 iusto
425 1753 553 1791 durius
592 1752 655 1792 hic
686 1753 784 1798 illic,
822 1765 950 1804 parum
982 1752 1158 1804 politum,
1192 1756 1230 1792 et
1260 1752 1369 1804 quasi
1402 1753 1592 1792 inhabile:
1635 1768 1730 1807 quae

83 1824 206 1859 tamen
240 1821 361 1858 omnia
393 1833 464 1859 non
497 1823 637 1861 tantum
669 1820 823 1869 valent,
868 1827 907 1860 ut
938 1822 1066 1860 malum
1097 1827 1248 1872 poetam
1280 1822 1414 1861 dicas:
1461 1823 1546 1874 quid
1581 1825 1727 1862 tandem

84 1885 274 1939 probant?
317 1891 457 1927 cuinam
490 1893 681 1940 poetarum
713 1891 846 1942 generi
877 1891 1032 1941 propria
1071 1893 1158 1930 sunt
1194 1887 1346 1929 omnia?
1406 1891 1587 1930 Nimirum
1634 1906 1730 1943 poe-

83 1962 145 1996 tae
191 1959 363 2006 novitio,
406 1960 546 1996 iuveni.
623 1959 708 1998 Non
747 1962 914 2009 tempero
954 1958 1038 1997 mihi
1081 1961 1168 2011 quin
1201 1961 1307 2008 eius,
1350 1961 1409 2012 qui
1442 1961 1582 2010 primus
1614 1961 1732 2000 edidit.

85 2025 311 2075 Virgilium,
362 2026 513 2065 loannis
565 2027 744 2066 Andreae
789 2028 972 2078 Episcopi
1011 2027 1250 2076 Aleriensis,
1300 2040 1484 2079 apponam
1533 2030 1727 2078 iudicium,

82 2106 156 2145 quo
189 2094 278 2131 nibil
311 2107 367 2133 me
400 2108 552 2146 usquam
584 2097 714 2134 verius
745 2096 926 2146 scriptum
967 2096 1100 2145 legere
1132 2097 1179 2135 de
1212 2095 1345 2136 Culice
1377 2097 1534 2136 memini.
1596 2100 1728 2152 Equi-

84 2164 167 2202 dem
185 2163 361 2202 Culicem
376 2163 634 2203 Maronieum
666 2168 833 2216 inflenue
861 2166 999 2217 fateor
1029 2167 1101 2203 vix
1117 2179 1175 2205 me
1195 2166 1424 2218 adplenum
1449 2167 1726 2217 intellexisse,

82 2234 233 2270 iterata
273 2234 389 2271 eliam
421 2240 546 2285 atque
575 2235 695 2272 etiam
726 2234 917 2273 lectione:
950 2248 1078 2288 neque
1109 2234 1154 2273 ob
1192 2236 1235 2274 id
1258 2235 1391 2284 modo,
1419 2237 1525 2290 quod
1556 2239 1728 2275 inemen-

82 2301 217 2339 datum
247 2301 368 2340 habui
398 2301 623 2354 exemplar:
659 2316 762 2356 quae
793 2317 858 2342 res
888 2303 1096 2356 plurimum
1127 2303 1292 2343 obstare
1314 2304 1577 2344 intellectioni
1602 2306 1727 2345 solet:

83 2372 253 2423 quinimo
286 2370 331 2408 ob
364 2370 406 2408 id
438 2384 615 2425 quoque,
660 2374 842 2426 quoniam
888 2372 976 2411 dum
1015 2373 1059 2411 id
1086 2379 1284 2424 panyeret
1322 2386 1501 2422 carmen,
1543 2377 1726 2414 novicius

81 2439 214 2477 adbuc
242 2446 387 2491 poeta,
421 2440 574 2479 natalis
608 2441 687 2479 soli
715 2441 933 2492 plusquam
963 2442 1146 2481 Castalii
1175 2443 1303 2494 fontis
1333 2444 1599 2495 praeferens,
1633 2452 1724 2483 tan-

80 2513 145 2545 tus
179 2508 423 2560 postmodum
455 2509 620 2559 futurus
651 2511 775 2548 totius
818 2509 1040 2550 latinitatis
1072 2512 1274 2559 excultor,
1319 2524 1369 2551 ac
1398 2525 1523 2565 prope
1553 2527 1723 2553 summus

82 2577 351 2615 doctrinarum
383 2576 533 2616 arbiter
571 2576 717 2626 Vates,
751 2592 823 2618 nee
855 2579 953 2632 quid
983 2587 1121 2630 afferet
1158 2583 1267 2619 satis
1305 2581 1608 2634 perspiciebat,
1653 2596 1724 2621 nec

82 2646 269 2697 quomodo
318 2646 568 2699 eloqueretur
615 2646 812 2697 facillime
852 2648 1103 2701 reperiebat:
1151 2652 1361 2703 maqisque
1402 2651 1545 2701 inclyti
1579 2658 1723 2703 poetae

81 2713 266 2766 adeptum
294 2720 439 2767 postea
471 2728 629 2764 nomen,
673 2729 786 2768 quam
814 2719 1007 2768 proprius
1040 2718 1147 2757 ullus
1181 2721 1306 2766 nitor,
1339 2725 1376 2757 et
1408 2721 1492 2771 ipsi
1522 2720 1657 2758 Culiei
1686 2727 1722 2758 et

83 2780 375 2833 Opusculorum
415 2783 640 2831 nonnullis,
681 2787 801 2837 quasi
840 2786 939 2824 nibil
976 2799 1027 2824 ear
1066 2787 1315 2838 amplissimo
1357 2787 1427 2826 illo
1459 2790 1614 2839 inqenio
1646 2802 1721 2827 non

81 2850 305 2890 absolutum
345 2851 563 2903 prodierit,
602 2854 759 2903 peperit
798 2853 953 2907 alioqui
990 2856 1184 2907 neqlectis
1226 2859 1514 2896 aeternitatem.
1576 2856 1719 2896 Omitto

78 2919 270 2970 [lenonem
300 2920 443 2959 nullibi
484 2923 522 2958 in
553 2932 596 2958 eo
625 2926 747 2971 poeta
777 2923 903 2961 minus
935 2923 1174 2974 eleqantem‚
1216 2925 1377 2963 dicendi
1406 2926 1535 2977 filum,
1577 2932 1718 2965 artem—

82 3001 157 3038 que
187 2989 385 3028 desidero.
419 2991 556 3028 eminet
595 3002 695 3028 sane
724 2995 922 3043 tamquam
959 2996 1159 3044 stupentis
1199 2993 1352 3039 adhue,
1396 3007 1466 3032 nee
1504 2998 1611 3033 satis
1643 3008 1716 3033 nu-

78 3060 222 3096 merosi
252 3061 399 3110 inqenii
429 3058 619 3098 dictionis
649 3058 789 3109 facies
830 3060 1023 3111 quaedam
1057 3061 1295 3110 salebrosa,
1334 3068 1371 3101 et
1403 3070 1548 3101 eoaela
1575 3065 1718 3116 profe-

1353 3122 1444 3165 15ἴὲἷ
