2006 3365
492 145 547 186 IN
578 146 797 188 VALERII
830 146 1066 188 CATONIS
1097 146 1276 187 DIRAS.
1638 148 1702 192 61

271 261 354 301 Sed
385 261 686 316 qetaliscumque
714 277 784 312 es,
821 269 1005 302 resonent
1034 263 1125 302 mihi
1155 260 1322 312 Cynthia
1352 261 1505 301 silvae.

73 328 146 367 hoc
176 331 258 379 est,
290 332 468 368 resonent
498 329 584 367 mihi
616 330 762 369 silvae:
805 331 990 383 Cynthia.
1041 338 1224 370 resonent
1260 330 1497 380 neutraliter,
1538 331 1576 369 ut
1608 329 1704 381 apud

73 396 266 437 Catonem.
328 397 466 435 Eodem
499 398 605 436 modo
639 398 848 447 Virgilius:

443 473 485 504 uc
516 467 630 506 littus
662 467 787 517 llyla,
819 466 942 516 llyla,
975 480 1080 506 omne
1112 474 1285 505 sonaret.

74 534 133 572 Ex
165 533 293 572 eodem
324 546 468 583 genere
499 538 578 585 est,
611 536 707 587 quod
740 535 836 585 apud
869 534 1102 584 Propertium
1134 534 1197 572 illo
1230 536 1313 584 ipso
1346 536 1523 574 carmine:

271 603 334 641 Ah
367 605 522 656 quoties
553 610 713 642 teneras
744 609 933 641 resonant
962 615 1046 640 mea
1077 602 1200 641 verba
1231 602 1305 641 sub
1338 604 1519 654 umbras,

355 671 553 711 scribitur
582 678 619 710 et
649 673 799 710 vestris
833 669 998 720 Cynthia
1028 671 1258 709 corticibus.

73 739 169 792 quod
202 743 282 778 est:
316 743 353 779 et
384 740 417 777 in
451 738 654 778 corticibus
685 739 824 776 vestris
852 738 1048 776 scribitur:
1083 739 1268 791 Cynthia.
1301 738 1335 776 id
1362 741 1422 778 est
1444 751 1573 778 nomen
1596 739 1705 791 Cyn-

73 808 185 847 thiae.
232 808 312 847 Etsi
345 808 395 846 ihi
429 808 599 859 Cynthia
630 818 699 844 non
732 808 793 844 est
825 806 1049 856 vocativus,
1081 811 1120 845 ut
1151 807 1185 844 in
1218 807 1380 846 caeteris
1412 808 1616 859 exemplis,
1638 809 1705 848 sed

73 878 342 916 nominativus.
432 874 683 915 Callimachus
713 873 751 912 h.
784 874 915 925 Apoll.
948 877 1014 913 21.

357 940 502 979 ὁππότ’
535 938 576 992 [ἡ
610 941 782 992 noctifer,
819 939 861 992 lt}
895 942 1068 992 παιῆον,
1105 938 1284 993 οἰκούσῃ.

73 1018 110 1054 et
142 1017 207 1054 93.
243 1009 283 1063 ἰὴ
317 1009 358 1062 ἰὴ
391 1010 545 1061 παιῆον
578 1007 804 1058 ἀκούομεν.
870 1012 953 1050 Fuit
978 1024 1084 1064 quum
1115 1011 1242 1051 eadem
1269 1013 1414 1052 ratione
1445 1012 1707 1064 explicabatur,

73 1084 167 1135 quod
202 1083 252 1121 ibi
278 1095 315 1120 v.
345 1085 412 1120 20.
444 1081 607 1129 legitur:
643 1076 741 1116 ov‘d'}
768 1076 896 1124 Θέτις
925 1077 1108 1130 Ἀχιλῆα
1133 1077 1353 1129 κινύρεται
1389 1079 1529 1118 ailam
1553 1079 1708 1133 μήτηρ,

72 1164 194 1204 neque
225 1163 339 1202 super
370 1149 521 1189 Achille
551 1149 687 1189 Thetis
726 1152 840 1188 mater
879 1149 1119 1189 lamentatur:
1163 1145 1317 1188 αἶλιιά.
1379 1150 1486 1189 Nunc
1523 1151 1630 1197 mihi,
1669 1155 1708 1191 ut

72 1220 178 1265 aliis,
213 1217 353 1256 αι”λιιά
385 1220 481 1270 apud
515 1219 611 1257 hunc
641 1223 812 1270 poetam,
844 1221 881 1257 et
911 1217 1013 1268 apud
1042 1217 1239 1256 Moschum
1271 1217 1340 1256 Ill.
1376 1233 1410 1266 1,
1450 1221 1511 1256 14.
1545 1231 1706 1258 accusa-

74 1292 176 1330 tivus
207 1290 358 1328 videtur
389 1288 608 1339 simpliciter
639 1300 752 1336 esse,
793 1288 1017 1326 adiectivum
1055 1299 1123 1337 pro
1154 1287 1359 1334 adverbio,
1399 1287 1528 1338 flebile
1565 1287 1706 1326 lamen-

73 1360 156 1399 tari.
217 1358 307 1397 Scio
339 1357 451 1395 multa
483 1356 553 1395 huc
583 1369 701 1407 posse
741 1360 892 1407 praeter
922 1368 986 1405 ea,
1027 1368 1123 1408 quae
1154 1356 1333 1406 apposui,
1374 1357 1506 1394 referri
1536 1357 1627 1395 alia:
1669 1362 1708 1398 ut

74 1440 169 1480 quae
211 1426 405 1466 Bentleius
447 1426 585 1464 iudicat
622 1427 665 1463 ad
699 1426 939 1464 lloratianum
971 1425 1014 1464 Io
1046 1426 1219 1464 Bacche.
1308 1424 1431 1463 Nobis
1470 1437 1564 1464 nunc
1603 1439 1706 1464 unum

74 1497 265 1535 addidisse
295 1496 476 1539 sufficiet,
511 1492 691 1533 Catonem
724 1496 786 1533 inl‘.
821 1508 858 1532 v.
889 1498 956 1533 88.
1000 1506 1050 1532 ex
1080 1497 1211 1531 nostra
1241 1494 1490 1532 restitutione.
1551 1493 1708 1545 Solent,

73 1578 179 1617 quum
211 1563 402 1615 explicant
434 1563 543 1611 talia,
576 1563 809 1602 Granmiatiei
843 1562 1020 1601 adhibere
1052 1558 1096 1597 τὸ
1129 1561 1343 1600 articulum:
1387 1565 1425 1600 ut
1456 1562 1632 1612 Scaliger
1663 1564 1709 1602 ad

73 1634 247 1684 Propert.
280 1632 310 1670 I.
344 1646 470 1679 xvm,
502 1634 569 1670 31.
630 1631 767 1670 Verum
800 1631 832 1670 id
866 1632 1052 1670 nonnullis
1083 1632 1200 1681 locis,
1240 1632 1302 1670 ubi
1336 1632 1489 1670 verbum
1523 1636 1579 1671 est
1611 1634 1706 1672 acti-

72 1716 181 1752 vum,
224 1704 261 1741 ut
293 1696 474 1750 ἀκούσῃ,
519 1696 752 1749 ἀκούομεν,
793 1704 831 1740 et
861 1700 1049 1740 scribitur
1078 1700 1163 1739 loco
1198 1701 1385 1751 Propertii
1420 1701 1558 1752 altero,
1599 1701 1709 1752 licet;

71 1783 143 1809 non
175 1770 262 1809 licet
293 1771 328 1808 in
360 1769 537 1821 reliquis,
571 1770 631 1808 ubi
664 1770 817 1808 verbum
850 1774 1016 1808 neutrum
1049 1772 1109 1808 est
1140 1781 1218 1808 cum
1251 1771 1445 1808 vocativo.

155 1840 294 1878 Dil'lido
332 1842 452 1878 tamen
494 1839 728 1891 quantumvis
779 1839 1004 1887 ingeniosae
1046 1837 1291 1889 explicationi
1332 1838 1469 1884 Tullii,
1517 1852 1623 1891 quum
1663 1839 1710 1879 de

73 1911 262 1957 carmine,
294 1908 389 1960 quod
423 1908 494 1945 sibi
527 1921 597 1945 non
630 1907 786 1958 amplius
818 1919 907 1945 esse
938 1911 1192 1945 resonaturum
1221 1906 1317 1947 Cato
1350 1907 1461 1955 dicit,
1495 1921 1632 1960 quaero
1665 1921 1711 1947 ac

75 1981 222 2028 reputo.
283 1977 473 2030 Quodnam
506 1978 600 2014 enim
632 1975 704 2014 hoc
734 1989 888 2015 carnaea
921 1988 1010 2015 esse
1040 1973 1279 2026 putabimus?
1322 1978 1452 2015 Diras
1465 1973 1484 2015 ’Ξ
1521 1977 1603 2015 Non
1636 1990 1709 2028 po-

75 2049 163 2085 test.
223 2047 353 2085 Dirae
384 2046 490 2084 triste
521 2049 558 2084 et
590 2044 828 2083 exsecrabile
869 2056 1037 2083 carmen:
1079 2044 1150 2083 hoc
1182 2058 1296 2094 vero,
1339 2046 1424 2084 Nec
1458 2046 1548 2084 milti
1586 2060 1712 2100 saepe

75 2128 193 2154 meum
228 2114 428 2153 resonabit
463 2114 508 2153 B.
542 2127 718 2163 carmen,
761 2114 955 2152 nianil'esto
998 2126 1077 2152 cum
1110 2114 1294 2152 desiderio
1327 2114 1378 2151 rei
1412 2119 1546 2162 gratae
1578 2116 1711 2153 iucun-

78 2184 220 2235 daeque
250 2183 293 2221 ad
325 2183 531 2221 memoriam
564 2182 699 2220 dictum
730 2186 801 2220 est.
848 2181 968 2231 Igitur
1000 2182 1045 2220 de
1076 2182 1160 2221 aliis
1194 2183 1340 2232 cogitat
1372 2184 1616 2231 carminibus,
1648 2196 1710 2221 ru·-

78 2253 207 2301 stit-is,
239 2251 370 2297 laetis,
413 2264 506 2303 quae
538 2251 621 2289 olim
656 2252 691 2289 in
723 2250 841 2299 silva,
882 2249 945 2288 vel
985 2251 1081 2301 apud
1114 2250 1268 2296 silvam,
1311 2251 1533 2303 tranquillus
1567 2253 1708 2302 praedii

80 2321 136 2359 sui
168 2331 393 2370 possessor,
425 2318 572 2358 solebat
603 2332 751 2358 canere.
812 2319 909 2357 l‘linc
940 2322 1019 2368 est,
1057 2319 1154 2371 quod
1194 2333 1319 2371 saepe
1349 2320 1463 2359 dicit:
1504 2333 1575 2372 quo
1606 2320 1712 2371 plura

81 2389 339 2437 significantur
370 2389 550 2437 earmina,
584 2400 653 2426 non
688 2400 793 2426 unum
824 2400 940 2438 saepe
973 2389 1183 2438 repetitum.
1230 2388 1303 2427 Iam
1328 2387 1421 2427 haec
1446 2390 1604 2427 carmina
1628 2389 1713 2441 quis

83 2457 214 2497 credat
244 2456 362 2494 ‹mmia
392 2456 561 2496 Battare
591 2452 796 2495 sonuisse?
847 2458 963 2496 Diris
995 2456 1066 2495 hoc
1098 2458 1307 2508 proprium,
1352 2458 1446 2510 quod
1482 2458 1617 2510 ubique
1648 2470 1714 2496 re·-

84 2527 197 2565 currit
230 2526 441 2564 Battarus.
501 2524 541 2563 ln
573 2525 762 2575 prioribus
794 2526 1014 2563 carminibus
1046 2525 1119 2564 illis
1151 2530 1189 2565 ut
1220 2526 1375 2577 aliquam
1411 2526 1473 2565 hic
1503 2527 1579 2565 illic
1610 2539 1712 2565 men-

84 2597 217 2635 tionem
250 2595 369 2632 fuisse
402 2593 563 2632 Batlceri
592 2594 737 2632 minime
768 2606 891 2643 nego,
927 2606 997 2632 non
1029 2597 1102 2633 tam
1134 2594 1265 2633 crebra
1297 2597 1386 2642 suit,
1418 2599 1457 2634 ut
1486 2596 1532 2634 ab
1566 2608 1610 2633 (¹0
1643 2608 1713 2633 no-

85 2677 165 2703 men
197 2662 346 2703 trahere
385 2662 544 2700 earmina
574 2663 774 2713 potuerint.
837 2662 960 2715 Quare
992 2663 1164 2703 Battara
1195 2663 1230 2701 h.
1263 2663 1287 2702 l.
1327 2665 1528 2715 accipimus
1566 2663 1713 2712 signifi-

87 2734 233 2772 catione
266 2730 434 2770 voeativi
468 2732 641 2769 communi
673 2731 756 2781 illa,
791 2744 890 2784 quae
921 2732 1066 2770 obtinet
1095 2745 1134 2770 v.
1172 2735 1207 2769 l.
1242 2735 1305 2770 14.
1340 2736 1404 2771 5⁴.
1437 2731 1539 2770 alibi.
1600 2730 1714 2769 Allo-

87 2803 208 2853 quitur
231 2805 350 2839 autem
372 2798 466 2839 Cato
490 2798 678 2837 Battarum
701 2798 772 2838 hoc
798 2800 881 2839 loco
911 2804 1134 2851 propterea,
1167 2801 1252 2852 quia
1278 2801 1472 2839 carminum
1505 2799 1713 2839 recordanti

89 2870 173 2909 olim
205 2872 452 2915 cantatorum,
484 2868 641 2906 recurrit
671 2869 842 2907 memoria
873 2870 974 2918 eius,
1006 2869 1050 2907 ad
1084 2870 1188 2908 cuius
1216 2869 1372 2908 fistulam
1400 2880 1533 2907 canere
1558 2866 1623 2906 illa
1650 2880 1714 2907 so-

90 2937 206 2977 lebat.
268 2938 388 2986 lgitur
428 2936 499 2974 hoc
537 2935 646 2983 dicit,
686 2936 856 2981 silicet,
899 2937 996 2988 quod
1037 2938 1184 2988 poetica
1226 2937 1416 2977 brevitate
1453 2939 1563 2987 poeta
1600 2935 1714 2987 dixit,

91 3006 281 3045 declarare
320 3017 364 3044 ac
404 3004 558 3043 dilatare
599 3003 791 3042 verborum
831 3005 1079 3055 ambagibus:
1122 3017 1240 3057 neque
1277 3005 1433 3056 amplius
1469 3005 1576 3057 mihi,
1618 3006 1715 3059 quod
