2006 3365
499 137 555 177 IN
588 136 807 177 VALERII
845 134 1081 177 CATONIS
1111 134 1381 175 ECLOGAM.
1658 134 1756 179 199

229 253 309 293 Ubi
366 253 509 308 aquila
564 252 803 291 Catameitum
857 257 1041 304 raperet,
1103 257 1174 290 aut
1225 250 1292 290 ubi
1352 249 1482 289 Venus
1537 248 1753 287 Adoneum.

121 334 194 375 quo
224 322 331 360 modo
362 322 513 360 Adonin
543 324 581 360 et
620 320 838 361 Catamitum
869 321 993 370 iungit
1023 321 1131 358 etiam
1163 320 1357 359 Ausonius
1388 315 1566 369 Epitaph.
1600 331 1752 355 xxxm.

120 391 243 430 Varro
280 391 523 429 'I'estamento
574 402 634 440 ap.
676 389 835 428 Nonium
882 402 920 439 p.
964 392 1062 437 158,
1112 391 1175 427 15.
1213 400 1263 426 ex
1301 400 1380 425 mea
1418 385 1672 439 qualicumque
1711 397 1756 424 e-

122 459 375 508 mendatione,
407 471 513 511 quam
544 458 737 507 abiit-iam,
770 458 802 495 si
833 457 905 495 alia
935 459 1091 495 inventa
1120 457 1236 495 fuerit
1274 455 1417 505 lenior,
1455 454 1552 494 haud
1588 454 1753 494 invitus:

749 530 810 566 sie
843 527 1005 578 puellus

527 596 696 636 Veneris
727 602 887 647 repente
916 594 1074 632 Adonis

524 665 685 704 Cecidit
715 669 900 703 cruentus
932 662 1035 701 olim.

119 731 281 772 deletum
312 745 333 771 a
361 745 416 771 me
440 733 529 781 ille,
561 734 657 785 quod
691 732 811 780 vulgo
843 733 931 781 post
954 732 1017 769 sic
1040 730 1216 768 insertum
1242 729 1404 779 legitur3
1437 730 1509 767 tum
1534 728 1653 777 vulgo
1677 741 1757 767 va-

121 803 196 850 do,
230 801 325 840 unde
356 802 430 840 viri
460 803 560 840 docti
591 803 762 840 fecerunt
792 799 887 838 alius
916 800 1030 851 fata,
1061 797 1123 836 alii
1144 798 1285 847 Adon,
1318 798 1380 837 vel
1413 798 1531 836 Ado:
1565 798 1613 835 cs.
1640 797 1752 835 Mun-

120 871 223 910 cker.
256 871 290 908 in
316 869 491 919 Fulgent.
523 868 690 920 Mythol.
722 867 792 907 III.
825 883 912 905 v111.
946 868 1080 907 wadon
1112 867 1194 905 cod.
1227 867 1338 905 Nonii
1371 865 1566 906 Guelferb.
1626 866 1676 904 Et
1707 865 1758 903 il-

121 940 181 979 lud
214 939 360 992 quidem
393 939 505 987 Ado,
543 938 604 976 vel
637 938 776 986 Adon,
811 938 883 976 etsi
915 939 1004 987 post
1033 936 1129 975 alios
1161 935 1365 974 Santenius
1397 934 1598 973 Animadv.
1641 935 1677 972 in
1709 934 1756 973 H.

119 1008 276 1048 Balbum
317 1007 389 1047 col.
438 1010 558 1046 1819.
600 1019 698 1045 aevo
739 1007 927 1057 propriam
958 1006 1093 1044 seriori
1125 1017 1204 1044 eam
1234 1005 1386 1042 sormam
1419 1003 1531 1052 dicit,
1574 1004 1757 1042 Varronis

119 1080 245 1116 aetate
277 1079 314 1116 et
342 1077 538 1125 Varrone,
570 1088 642 1114 non
674 1078 764 1126 puto
796 1075 990 1124 indignum
1023 1086 1132 1122 esse,
1166 1074 1385 1124 praesertim
1416 1085 1522 1124 quum
1554 1073 1605 1111 ita
1634 1072 1759 1111 dicant

120 1146 271 1186 Graeci.
334 1145 494 1185 Nossis:
536 1143 594 1195 τῷ
637 1141 710 1180 καί
747 1140 852 1192 τήνα
894 1139 1024 1179 καλὸν
1052 1135 1227 1180 '‘Aooem
1269 1141 1398 1190 χρίει.
1459 1141 1617 1180 Scilicet
1647 1140 1759 1180 multa

119 1217 208 1253 sunt
249 1214 386 1253 usitata
430 1213 557 1252 latinis
598 1213 850 1264 scriptoribus
889 1211 1186 1260 recentioribus,
1228 1223 1299 1250 nec
1339 1214 1461 1250 tamen
1493 1210 1551 1249 his
1583 1211 1757 1261 propria,

120 1283 187 1321 sed
228 1296 277 1322 ex
318 1286 510 1321 vetustate
541 1286 733 1332 assumpta
763 1280 968 1319 remotiori.
1028 1280 1111 1319 Fuit
1149 1281 1257 1319 etiam
1294 1276 1484 1329 αὐλητοῦ
1521 1292 1651 1317 nomen
1680 1271 1757 1316 '‘A-

123 1350 209 1387 δων
240 1352 336 1403 apud
364 1351 600 1400 Alcmanem,
632 1350 776 1389 Athen.
808 1349 917 1388 XIV.
951 1351 1046 1387 621.
1075 1350 1120 1387 Β.
1146 1348 1340 1388 ὶνθΙυΙῑεικ
1366 1349 1515 1397 Fragm.
1539 1348 1756 1387 LXXXVI.

120 1421 188 1460 Me
229 1424 375 1468 tamen,
418 1424 457 1459 ut
495 1421 654 1460 Adonis
698 1420 949 1470 praeferrem,
991 1421 1258 1469 permoverunt
1296 1418 1434 1456 numeri
1474 1418 1756 1463 Anacreontei‚

121 1501 217 1542 quae
241 1502 316 1538 ego
344 1489 428 1527 mihi
457 1488 742 1540 deprehendere
768 1488 876 1525 visus
902 1499 980 1525 sum
1007 1488 1040 1525 in
1060 1487 1242 1525 Varronis
1268 1486 1371 1536 loco,
1405 1487 1586 1535 vestigia.
1648 1485 1756 1539 Quod

116 1559 212 1597 enim
244 1557 282 1596 hi
314 1559 452 1596 numeri
486 1559 607 1606 magis
639 1556 934 1605 recentioribus,
968 1557 1006 1594 ut
1037 1555 1240 1603 Petronio,
1283 1554 1490 1594 Claudiano
1525 1567 1636 1593 earm.
1667 1555 1756 1595 XII.

116 1630 154 1666 et
185 1627 315 1674 Floro,
341 1627 630 1678 l-ladrianoque,
665 1624 823 1664 Anthol.
846 1624 929 1663 Lat.
952 1623 1018 1661 lib.
1036 1622 1084 1661 ΙΙ.
1107 1637 1231 1661 xcv11.
1251 1638 1392 1661 xcvm.
1441 1623 1604 1662 Luxorio
1630 1625 1756 1675 epig-r.

114 1696 184 1735 XI.
227 1701 299 1735 tum
342 1694 570 1746 Symmacho
614 1694 737 1745 Epist.
777 1693 806 1732 I.
847 1708 934 1731 v111.
1003 1691 1160 1731 Sidonio
1191 1692 1361 1744 Apollin.
1402 1693 1525 1744 Epist.
1558 1693 1626 1731 IX.
1668 1709 1758 1732 xm.

113 1764 274 1804 Boethio
319 1763 363 1804 C.
417 1763 486 1802 Ph.
532 1763 596 1802 lib.
647 1763 714 1801 111.
759 1767 797 1801 et
837 1763 1028 1811 Prospero
1076 1773 1136 1812 ap.
1176 1762 1411 1811 Heusinger.
1465 1762 1502 1801 in
1541 1762 1595 1802 Fl.
1636 1762 1758 1802 Malui

114 1833 306 1873 Theodori
346 1832 441 1884 Cap.
483 1832 541 1881 V,
576 1835 640 1871 10.
683 1832 811 1870 usitati
844 1834 953 1873 sunt,
988 1843 1093 1882 quam
1124 1831 1345 1881 veteribus,
1378 1831 1476 1870 nulla
1508 1844 1644 1870 caussa
1675 1836 1756 1881 est,

116 1915 180 1941 cur
211 1902 440 1952 Varronem,
486 1914 593 1954 quem
639 1904 695 1940 tot
734 1900 819 1938 aliis
859 1901 986 1938 metris
1025 1900 1164 1938 lusisse.
1196 1904 1367 1948 constat,
1400 1900 1471 1939 hoc
1501 1904 1617 1939 metro
1654 1914 1755 1939 usum

119 1984 207 2009 esse
250 1983 444 2020 negemus.
514 1970 618 2009 Alibi
660 1970 754 2008 idem
795 1969 840 2007 de
873 1981 918 2008 eo
950 1971 1066 2007 metro
1098 1973 1256 2017 egerat,
1299 1970 1454 2021 eiusque
1486 1973 1650 2007 naturam
1683 1982 1755 2007 ex-

115 2039 318 2090 plicuerat:
360 2039 580 2078 Terentian.
622 2037 677 2076 M.
718 2053 756 2076 v.
795 2040 920 2076 2882.
961 2050 1018 2089 sq.
1091 2037 1276 2076 Tenerum
1323 2042 1441 2076 autem
1485 2039 1603 2077 fuisse
1643 2039 1755 2078 Ado-

116 2109 175 2146 nin
208 2107 376 2159 plerique
416 2108 655 2157 significant:
696 2109 735 2145 ut
771 2106 894 2155 magis
934 2105 1065 2144 Venus
1102 2106 1253 2146 Adonin
1292 2105 1489 2152 hahuerit,
1531 2120 1637 2159 quam
1670 2108 1755 2159 ipse

117 2178 317 2216 Venerem.
379 2176 485 2229 Quod
519 2178 626 2215 etiam
659 2177 758 2214 inest
789 2176 824 2213 in
858 2175 979 2214 Plauti
1011 2175 1269 2228 Varronisque
1301 2175 1407 2214 locis.
1469 2175 1576 2214 Unde
1608 2177 1753 2225 lictum,

117 2258 189 2285 non
231 2245 347 2283 solum
384 2246 525 2285 Veneri
566 2244 738 2283 dilectum
778 2244 929 2283 Adonin
970 2245 1112 2290 fuisse,
1162 2245 1228 2283 sed
1268 2246 1376 2283 etiam
1415 2245 1488 2284 diis
1526 2246 1633 2284 viris.
1703 2245 1754 2285 Ut

116 2315 314 2364 Dionyso,
354 2314 581 2353 testantibus
623 2313 781 2352 Platone
813 2311 966 2352 Comico
1006 2325 1066 2364 ap.
1100 2313 1239 2352 Athen.
1278 2313 1327 2352 X.
1369 2316 1463 2353 456.
1497 2314 1548 2353 A.
1580 2317 1618 2354 et
1649 2314 1752 2354 Pha-

116 2382 225 2421 nocle
264 2395 323 2433 ap.
357 2381 546 2421 Plutarch.
588 2382 770 2433 Sympos.
812 2381 881 2420 IV.
914 2397 952 2420 v.
984 2396 1021 2433 p.
1055 2384 1149 2421 671.
1193 2380 1237 2421 C.
1302 2382 1494 2433 Apollini,
1536 2383 1751 2422 Ptolemaeo

116 2451 240 2502 Ileph.
283 2454 403 2500 teste,
449 2453 482 2489 in
520 2451 618 2490 Bibl.
651 2450 776 2489 Photii
817 2451 875 2490 ed.
918 2451 1082 2490 Bekker.
1128 2455 1227 2501 151,
1270 2456 1307 2491 5.
1369 2452 1474 2506 Quos
1510 2452 1616 2491 locos
1657 2465 1751 2491 con-

115 2522 243 2569 gessit
283 2521 393 2559 docta
432 2519 478 2559 G.
522 2519 677 2559 ssacheti
718 2520 764 2558 de
804 2519 990 2559 Meziriac
1038 2521 1234 2570 diligentia
1271 2522 1316 2560 ad
1359 2522 1473 2561 Ovid.
1514 2522 1639 2572 Epist.
1681 2521 1749 2560 IV.

119 2591 184 2629 97.
246 2589 379 2637 Addo,
423 2588 598 2626 Herculis
639 2584 853 2637 e'pcofflevov
893 2590 1014 2628 fuisse
1053 2590 1226 2636 Adonin,
1278 2603 1327 2629 ex
1366 2590 1582 2630 Ptolemaeo
1624 2590 1748 2641 Heph.

120 2659 220 2707 147,
256 2662 318 2697 10.
353 2658 471 2696 Βυῌῑ.
532 2657 676 2708 Nempe
709 2655 968 2707 ἀνδρόγυνον
1008 2660 1126 2698 fuisse
1156 2659 1322 2697 nonnulli
1354 2660 1566 2699 tradebant.
1627 2658 1749 2699 Criti-

118 2739 196 2766 cum
229 2729 336 2766 etiam
368 2739 441 2765 non
473 2726 601 2764 malum
628 2739 671 2765 se
702 2727 877 2777 praebuit
911 2728 1112 2767 Meziriac.
1145 2728 1228 2767 loco
1261 2728 1340 2766 illo.
1401 2728 1494 2766 Nam
1526 2729 1561 2766 in
1593 2727 1747 2766 Phano-

119 2796 187 2835 clis
218 2798 452 2846 fragmento,
486 2795 547 2833 ubi
578 2791 747 2843 Κύπριν
772 2798 917 2846 magnis
949 2798 1064 2843 viris,
1096 2796 1297 2845 Scaligero
1324 2797 1522 2838 Animadv.
1555 2798 1590 2835 in
1607 2797 1748 2836 Euseb.

118 2878 156 2917 p.
181 2869 246 2905 42.
273 2878 307 2904 a.
336 2865 586 2904 Valckenario
619 2865 654 2902 in
680 2864 843 2903 Theocr.
870 2867 1055 2904 Adoniaz.
1087 2879 1124 2916 p.
1151 2870 1245 2906 378.
1270 2868 1314 2905 Β.
1338 2871 1375 2906 et
1400 2867 1646 2912 RuhnkeniO,
1680 2866 1750 2904 im-

118 2936 266 2985 posuit,
300 2933 363 2973 ille
393 2937 498 2973 recte
531 2928 710 2979 Κύπρον
739 2933 887 2982 laudat,
920 2937 960 2974 ut
981 2934 1180 2985 Xylander
1211 2935 1244 2973 in
1268 2935 1458 2975 Plutarch.
1519 2935 1567 2973 Et
1591 2933 1748 2985 Eupho-

120 3003 234 3053 rioni,
261 3003 408 3053 Fragm.
435 3017 586 3041 xxmx.
612 3004 699 3041 ante
722 3002 902 3042 eruditum
925 3003 1337 3043 nostr11¹11Meineki11111
1362 3002 1538 3042 medelam
1557 3004 1748 3054 repperit,
