2006 3365
482 173 537 212 IN
569 173 787 213 VALERH
821 172 1057 214 CATONIS
1088 173 1268 214 DIRAS.
1601 178 1699 222 109

55 290 102 329 ab
134 301 202 337 eo,
235 288 330 340 quod
364 287 527 327 Ovidius
559 290 713 338 scribit,
758 290 945 328 videntur.
1007 289 1166 329 Scilicet
1197 294 1257 329 est
1287 289 1396 328 etiam
1427 287 1513 327 illud
1547 300 1695 338 verum,

55 358 102 396 de
142 370 214 410 qno
255 358 305 396 ibi
344 357 597 407 Burmannus,
639 361 676 397 et
716 370 845 396 rursus
884 357 929 396 ad
972 358 1103 397 Valer.
1145 358 1199 396 Fl.
1234 357 1342 397 VIII.
1377 359 1470 395 452.
1508 356 1696 407 disputat,

55 427 224 465 emittere
256 425 421 470 flumina,
456 428 493 463 et
524 437 645 474 mare,
693 426 852 464 nebulas
883 426 1081 478 quasdam,
1114 430 1150 464 et
1185 438 1332 474 auram,
1367 438 1462 478 quae
1492 438 1513 465 e
1543 426 1697 475 longin—

54 507 128 547 que
157 493 388 545 deprehendi
420 495 565 543 possit:
612 506 737 532 verum
770 507 814 532 ea
852 495 1052 532 connnunis
1092 494 1239 531 marium
1272 494 1544 547 fluminumque,
1587 496 1696 534 etiam

55 562 131 601 leni
163 562 270 613 lapsu
303 563 620 612 procurrentium,
661 563 875 612 proprietas
905 565 985 609 est,
1029 561 1182 599 diversa
1214 561 1261 599 ab
1294 575 1362 603 eo.
1405 564 1501 614 quod
1533 564 1694 603 Peneum

55 631 238 679 Ovidius,
282 631 379 669 Cato
419 630 558 668 imbres
590 642 679 668 suos
718 632 842 667 facere
880 629 1086 677 significat.
1221 630 1505 682 Praecipitare
1540 633 1694 671 verbum

55 700 243 750 proprium
275 699 321 736 de
353 697 634 736 vehementiore
666 709 860 748 aquarum,
894 697 1022 735 imbris
1054 698 1213 736 maxime
1249 698 1294 736 de
1327 698 1434 737 coelo
1465 699 1693 745 decidentis.

54 768 176 819 lapsu.
238 767 447 815 Pacuvius,
492 779 570 804 nam
604 766 804 804 Pacuvium
837 778 925 804 esse
956 766 1044 804 alibi
1076 767 1304 815 monstravi,
1346 767 1442 817 apud
1476 765 1695 807 Ciceronem

55 837 101 876 de
133 836 239 876 Orat.
274 835 342 874 III.
379 850 528 888 xxxrx.

214 905 379 945 Grande
410 906 530 942 un'sla
562 902 674 941 imbri
705 903 892 954 larffifiuo
925 903 1060 942 subita
1088 905 1369 957 praecipitans
1402 905 1526 943 eadit.

54 973 232 1013 Valerius
263 972 472 1015 Aedituus,
506 977 543 1010 ut
575 972 609 1009 in
645 972 917 1010 vetustioribus
950 973 1173 1020 consistam,
1205 973 1301 1023 apud
1335 972 1495 1012 Gellium
1512 973 1695 1011 XIX-u.

55 1041 171 1083 Antll.
204 1041 286 1080 Lat.
320 1041 387 1079 III.
422 1056 570 1078 CCKLH.

394 1111 476 1149 Aut
507 1110 629 1149 imber
659 1110 768 1148 eaelo
801 1109 1003 1149 candidus
1033 1111 1333 1163 praecipitans.

53 1179 191 1220 Cicero
232 1180 360 1218 Somn.
399 1178 504 1229 Scip.
546 1191 578 1216 c.
622 1192 659 1216 v.
701 1181 806 1217 sicut
846 1178 910 1217 ubi
940 1178 1065 1217 Nilus
1103 1179 1158 1217 ad
1197 1179 1292 1225 illa,
1336 1193 1439 1233 quae
1475 1179 1696 1232 Catadupa

54 1251 326 1295 nominantur,
360 1248 584 1298 praecipitat
616 1260 665 1286 ex
691 1247 883 1286 altissimis
914 1247 1115 1285 montibus.
1165 1245 1225 1287 Cf.
1252 1247 1366 1297 Virg.
1393 1248 1491 1287 Aen.
1511 1249 1581 1288 IX.
1602 1253 1695 1288 670.

55 1317 204 1356 Lucret.
237 1315 305 1354 Vl.
340 1319 434 1355 291.
468 1315 497 1353 I.
532 1319 626 1354 251.
661 1319 698 1354 2.
739 1328 811 1367 quo
852 1320 971 1354 tamen
1003 1315 1086 1354 loco
1124 1318 1423 1369 praecipitavit
1455 1321 1514 1356 est
1545 1318 1696 1367 signifi-

55 1387 201 1424 catione
232 1386 371 1424 activa.
433 1383 577 1433 Locos,
610 1385 671 1423 ubi
703 1390 868 1423 neutrum
901 1388 981 1431 est,
1014 1397 1149 1434 magno
1181 1397 1332 1423 numero
1365 1387 1563 1435 congessit
1594 1385 1640 1426 G.
1664 1386 1695 1425 Ι.

55 1455 221 1494 Vossius
252 1454 297 1491 de
328 1452 442 1491 Anal.
476 1453 543 1491 Ill.
579 1469 634 1491 ιιι.
668 1466 705 1503 p.
745 1458 805 1491 13.
866 1453 997 1504 Neque
1028 1457 1148 1492 tamen
1180 1466 1299 1492 rarum
1332 1458 1392 1493 est
1423 1454 1591 1493 alterum.
1648 1455 1696 1495 Et

56 1523 244 1574 reperitur
272 1524 597 1575 praecipitatur,
640 1522 700 1560 ubi
743 1522 877 1573 aliquis
915 1524 1117 1572 exspectet
1144 1524 1418 1575 praecipitat,
1459 1523 1557 1573 apud
1591 1523 1695 1562 Var-

55 1604 201 1630 ronem:
253 1591 330 1631 Ubi
368 1593 483 1629 rivus
525 1591 792 1641 praecipitatur
832 1592 872 1628 in
911 1602 1085 1638 nemore,
1129 1590 1313 1630 deorsum
1352 1593 1534 1643 rapitur,
1575 1600 1698 1646 atque

52 1661 245 1712 offensus
286 1660 424 1714 atiquo
466 1673 492 1698 a
529 1659 696 1710 scopulo
736 1658 948 1711 lapidoso,
991 1659 1208 1698 albicatur.
1269 1660 1416 1699 Nonius
1448 1674 1485 1711 p.
1520 1664 1594 1708 75,
1629 1664 1695 1699 22.

53 1729 130 1767 Sed
164 1730 329 1767 fortasse
366 1728 418 1766 ibi
456 1729 654 1767 discrimen
694 1729 803 1772 facit,
851 1728 947 1779 quod
985 1730 1262 1781 praecipitari
1298 1730 1518 1781 simpliciter
1555 1743 1696 1782 prope-

54 1798 157 1836 randi
189 1798 375 1836 notionem
407 1797 535 1835 babet.
597 1796 738 1834 Similis
771 1798 880 1835 etiam
912 1795 1047 1836 Catoni
1079 1797 1185 1836 locus
1217 1801 1278 1838 est
1299 1797 1462 1839 Lucretii
1479 1799 1510 1838 Ι.
1531 1803 1624 1839 282.
1639 1813 1694 1838 ss.

342 1866 395 1905 Ut
427 1879 540 1920 quom
568 1866 700 1905 mollis
734 1877 869 1919 aquae
896 1867 1031 1917 fertur
1061 1874 1212 1906 natura
1243 1875 1405 1920 repente

342 1935 517 1974 Flumine
547 1934 798 1981 abundanti,
835 1934 940 1988 quod
970 1935 1103 1985 larqis
1136 1935 1316 1974 imbribus
1348 1943 1469 1988 (τηρεε

336 2004 534 2043 Montibus
566 2015 616 2042 ex
647 2003 734 2042 altis
764 2017 932 2054 lnaynus
965 2003 1164 2043 decursus
1197 2006 1338 2058 aquai.

55 2083 183 2109 verum
214 2070 287 2110 hoc
325 2072 471 2119 differt,
515 2072 613 2124 quod
644 2071 840 2111 Lucretius
880 2071 926 2110 de
965 2071 1108 2111 flumine
1147 2073 1382 2111 torrentibus
1423 2077 1557 2123 aucto,
1600 2074 1697 2114 Cato

57 2152 126 2178 non
161 2140 205 2178 de
236 2140 401 2190 flumine,
440 2142 507 2180 sed
541 2143 678 2180 tantum
711 2141 757 2179 de
787 2140 1017 2180 torrentibus
1055 2142 1159 2191 agit:
1202 2153 1282 2180 nam
1314 2142 1361 2181 de
1392 2141 1603 2182 fluminibus
1635 2144 1697 2182 di-

57 2214 152 2248 ctum
185 2213 245 2248 est
275 2211 542 2249 exsecratione
575 2222 670 2262 quae
700 2210 908 2260 praecedit.

144 2277 408 2331 Praecipitae
436 2278 585 2318 Thuan.
618 2279 677 2317 Ex
710 2278 901 2317 Vossiano
921 2278 951 2317 I.
978 2278 1144 2317 Vossius
1175 2280 1347 2319 enotavit
1377 2278 1470 2319 boc:
1501 2282 1696 2333 fumante.

55 2346 237 2399 hymbres
268 2348 571 2399 antiquissimae,
604 2347 691 2386 inde
722 2359 743 2385 a
773 2346 975 2398 Romanis,
1008 2347 1225 2400 pleraeque.
1256 2349 1413 2400 ymbres
1445 2349 1551 2388 Mon.
1584 2349 1614 2388 1.
1646 2349 1695 2389 11.

56 2415 168 2455 Vrat.
200 2415 229 2454 1.
262 2415 361 2455 Ven.
393 2416 532 2456 Achat.
565 2417 632 2456 sed
665 2415 809 2456 imbres
841 2417 875 2454 in
908 2416 1078 2466 August.
1111 2416 1258 2456 Thuan.
1292 2420 1330 2456 et
1361 2419 1522 2457 caeteris
1553 2419 1697 2458 Parisi-

56 2485 138 2531 nis,
170 2487 243 2523 tum
275 2485 311 2523 in
342 2484 439 2524 Μυῒ.
471 2485 569 2524 Ven.
601 2486 702 2525 lens.
729 2485 838 2538 Virg.
873 2485 986 2533 Aldi‚
1018 2485 1184 2524 Aldinis.
1217 2486 1300 2525 Fuit
1331 2498 1438 2538 quum
1471 2486 1542 2526 boc
1568 2500 1697 2526 verum

59 2556 98 2593 et
126 2555 312 2607 antiquum
345 2553 545 2593 videbatur
582 2555 787 2603 nonnullis,
829 2555 983 2608 ymber:
1030 2559 1070 2594 ut
1105 2555 1148 2594 L.
1182 2553 1356 2595 Carrioni
1398 2555 1442 2594 ad
1477 2555 1608 2595 Valer.
1640 2556 1695 2595 Fl.

57 2622 88 2662 I.
120 2626 188 2663 82.
240 2622 281 2661 In
313 2621 463 2661 Vicent.
495 2623 684 2662 admodum
718 2625 881 2663 vitiose:
911 2625 1108 2676 sumentes
1138 2627 1282 2664 montis
1313 2625 1510 2677 bymbres.
1556 2626 1696 2665 Eodem

58 2692 154 2732 vitio
186 2691 312 2731 eadem
345 2689 428 2731 Cul.
465 2694 556 2730 165.
586 2695 729 2732 montis
760 2693 891 2733 orbes.
925 2706 991 2745 pro
1021 2694 1217 2734 montibus
1249 2693 1379 2734 orbes.

203 2830 253 2869 V·
289 2831 352 2867 Π.
415 2838 473 2871 ET
499 2838 620 2872 LATE
645 2840 867 2875 TENEANT
892 2842 1090 2876 meruso
1117 2841 1324 2876 Gnatum
1354 2842 1552 2876 CAMPos.
1608 2831 1696 2882 dif-

59 2899 158 2951 fuso
198 2901 237 2937 et
283 2899 318 2937 in
359 2897 506 2937 Thuan.
549 2899 782 2951 caeterisque
829 2903 983 2953 scriptis
1029 2903 1142 2951 meis,
1184 2905 1337 2953 praeter
1376 2902 1603 2941 Vossianum
1646 2899 1694 2938 ΙΙ.

62 2968 254 3017 omnibus,
287 2968 358 3006 nisi
389 2966 485 3019 quod
518 2967 552 3004 in
586 2966 689 3004 Mon.
722 2968 770 3006 11.
804 2970 994 3022 diffusa,
1037 2973 1075 3010 et
1105 2971 1140 3009 in
1173 2971 1339 3010 Romana
1371 2972 1546 3020 utraque,
1585 2968 1693 3007 codd.

65 3035 154 3074 Bas.
187 3036 294 3076 Vrat.
328 3036 376 3075 II.
411 3035 509 3075 Ven.
543 3034 682 3075 Achat.
715 3036 812 3077 Mut.
846 3038 1021 3088 Aldinis,
1053 3042 1089 3078 et
1122 3038 1407 3078 recentioribus.
1508 3036 1696 3088 diffusos
