2006 3365
230 141 333 185 392
844 131 1225 173 nlSSERTATlo·
1241 132 1312 172 lV.

550 304 874 360 Veneta
924 302 1204 360 Rubez·
1254 311 1462 362 1475.
1510 305 1611 378 fol.

316 446 439 486 Huius
470 445 666 496 notitiam,
699 447 738 486 et
767 445 865 498 quod
898 445 960 484 diu
991 444 1136 484 habere
1167 457 1328 495 mecum,
1361 445 1475 498 inque
1513 447 1592 485 otio
1624 458 1781 484 versare
1813 446 1890 485 uti-

230 515 409 553 lissimum
441 513 575 552 librum
608 513 782 562 licuerit,
823 514 873 552 H.
901 513 1206 563 wyttenbachio
1239 514 1384 563 debeo,
1427 527 1499 566 quo
1539 514 1774 553 concedente
1809 525 1890 552 eum

231 582 317 620 mihi
349 593 400 619 ex
430 579 666 620 bibliotheca
711 581 866 634 publiea
904 582 1156 629 Trevirensi,
1204 583 1261 620 cui
1301 583 1511 633 acquisitus
1543 586 1603 621 est
1635 594 1731 620 anno
1770 584 1890 621 1823.

230 650 416 688 industria
447 661 492 689 ac
523 648 724 699 diligentia
767 650 1087 701 Wyttenbacliii,
1128 651 1336 689 transmisit
1379 650 1492 688 Vitus
1533 650 1712 689 Loersius
1744 653 1890 688 noster.

230 719 356 757 Prima
387 718 504 757 editio
537 730 587 757 ex
618 719 783 768 nostris,
826 732 921 771 quae
953 719 1128 757 Servium
1164 718 1292 757 hahet.
1363 719 1599 757 Exciderunt
1639 719 1675 756 in
1714 717 1891 768 exemplo

230 786 459 825 Trevirensi
490 787 607 837 prima
639 786 754 835 solia,
797 787 954 839 quibus,
999 790 1036 826 ut
1067 800 1115 825 ex
1148 787 1277 825 addita
1317 787 1353 824 in
1388 787 1461 825 line
1493 787 1621 837 operis
1652 785 1802 824 Tabula
1834 786 1892 824 in-

230 853 439 904 telligitur,
471 853 524 893 P.
563 854 608 894 V.
642 855 838 900 Maronis
872 859 983 904 uita,
1031 856 1148 904 longa
1190 856 1251 894 illa
1292 855 1389 893 baud
1423 855 1560 904 dubie,
1601 868 1697 907 qnae
1742 855 1892 893 Donato

231 922 428 969 tribuitur,
472 924 511 961 et
550 923 732 962 Bucolica
765 937 882 976 usque
914 925 959 963 ad
992 937 1144 963 versum
1180 929 1246 963 36.
1281 924 1454 973 Eclogae
1486 924 1553 962 111.
1588 924 1891 962 continebantur.

232 990 348 1029 Vitae
379 991 588 1030 subiectam
621 993 732 1030 etiam
764 994 883 1030 fuisse
917 994 1045 1032 Servii
1068 993 1346 1031 Praefationem
1380 994 1415 1031 in
1448 992 1631 1031 Bucolica
1661 992 1890 1042 putaverim,

230 1061 270 1097 ut
301 1061 362 1098 est
393 1059 566 1097 subiecta
605 1060 642 1098 in
684 1060 852 1099 editione
898 1060 1125 1108 Vicentina3
1167 1061 1236 1099 sed
1282 1061 1366 1111 ipsa
1408 1061 1499 1099 Vita
1539 1073 1622 1098 num
1662 1062 1734 1099 tam
1775 1058 1894 1108 longa

228 1128 369 1177 fuerit,
401 1130 442 1166 ut
472 1127 594 1176 vulgo
628 1127 854 1173 exhibetur,
897 1129 1076 1167 incertum
1109 1133 1182 1167 est.
1245 1129 1296 1168 Ut
1327 1141 1425 1167 nunc
1455 1141 1500 1167 se
1532 1127 1648 1167 babet
1680 1127 1893 1178 exemplum

229 1194 491 1242 Trevirense,
523 1195 651 1234 folium
684 1197 839 1247 primum
882 1197 1013 1247 incipit
1047 1197 1220 1246 Eelogae
1245 1196 1314 1235 lll.
1358 1210 1475 1235 versu
1508 1200 1576 1236 37.
1611 1197 1790 1248 Fagye'na
1813 1210 1893 1236 cae-

229 1263 355 1302 latum
393 1264 523 1303 diuini
564 1278 668 1317 opus
715 1264 1025 1304 alcimedontis:
1075 1267 1113 1304 ct
1144 1266 1276 1303 verbis
1308 1264 1441 1304 Servii
1473 1264 1561 1304 bis:
1614 1266 1759 1305 Diuiui
1789 1277 1892 1317 opus

228 1331 549 1372 Alcimedontis:
583 1333 678 1372 laus
710 1333 761 1372 ab
794 1334 985 1385 artifice:
1018 1334 1196 1373 Cicero:
1240 1333 1446 1386 Polycleti
1478 1336 1552 1372 etc.
1615 1334 1745 1373 Servii
1787 1346 1893 1372 com-

229 1401 434 1439 mentarius
473 1402 508 1439 in
553 1402 810 1453 marginibus,
852 1404 891 1440 et
929 1402 1098 1454 quidem,
1148 1405 1187 1442 ut
1225 1402 1310 1441 olim
1352 1415 1433 1441 mos
1474 1403 1563 1451 fuit,
1599 1414 1671 1440 non
1704 1400 1823 1440 solum
1855 1402 1893 1440 in

230 1470 402 1517 margine
433 1470 634 1520 inferiore,
675 1471 742 1508 sed
776 1471 887 1509 etiam
920 1471 956 1508 in
989 1472 1213 1521 superiore,
1247 1474 1285 1510 et
1317 1472 1523 1510 exteriore.
1586 1470 1685 1509 Sunt
1715 1472 1824 1510 etiam
1856 1471 1894 1509 in

230 1536 422 1586 Eclogis,
455 1537 685 1588 Georgicis,
733 1540 850 1589 primo
882 1538 981 1577 libro
1016 1539 1232 1588 Aeneidos,
1267 1543 1304 1578 et
1337 1538 1491 1577 secundi
1525 1539 1631 1577 initio
1663 1539 1825 1588 glossae
1855 1541 1895 1578 et

232 1603 377 1643 scholia
409 1618 431 1644 a
462 1619 568 1644 manu
601 1608 733 1657 partim
766 1607 863 1645 inter
890 1620 1027 1646 versus
1054 1608 1223 1657 inserta,
1249 1608 1382 1658 partim
1415 1609 1450 1646 in
1482 1609 1653 1656 margine
1685 1608 1893 1658 adscripta,

231 1672 298 1710 sed
332 1673 470 1711 nullius
501 1675 627 1724 pretii.
691 1674 832 1712 Finitur
863 1676 1060 1714 Aeneidos
1091 1675 1190 1714 liber
1221 1675 1310 1713 XII.
1344 1677 1378 1713 in
1412 1676 1503 1714 folio
1536 1678 1665 1727 recto3
1699 1689 1794 1728 quae
1826 1688 1893 1714 se·-

233 1741 357 1791 quitur
388 1743 555 1791 pagina,
589 1755 710 1781 vacua
745 1743 878 1782 relicta
911 1746 1002 1783 est:
1036 1745 1166 1795 incipit
1201 1757 1300 1783 novo
1333 1744 1424 1783 solio
1456 1744 1555 1782 liber
1586 1743 1893 1795 Magna-Negti,

231 1810 315 1847 sine
346 1811 506 1848 nomine.
569 1810 727 1861 Mapliei
768 1811 901 1849 librum
934 1813 1060 1850 statim
1093 1813 1288 1863 excipiunt
1320 1813 1429 1851 varia
1461 1814 1623 1851 earmina
1655 1813 1823 1862 niinora,
1856 1814 1896 1852 et

232 1876 428 1927 Opuscula
462 1878 635 1927 Virgilii.
697 1879 834 1918 Ultimo
868 1880 952 1918 loco
985 1880 1200 1930 Moretum,
1242 1882 1300 1919 cui
1332 1882 1505 1919 subiecta
1538 1880 1716 1930 leguntur
1749 1881 1865 1919 haec:

548 1946 680 1986 Omnia
713 1948 807 1986 Haec
840 1948 1074 1988 Volumina:
1115 1949 1206 2001 Quae
1239 1949 1434 1998 Virgilius
1466 1949 1578 1988 Maro

546 2015 670 2054 Vates
713 2016 1043 2056 Eminentissimus
1093 2016 1319 2068 Composuit
1358 2019 1445 2058 Vna
1487 2016 1578 2056 Cum

548 2083 675 2123 Seruii
708 2084 894 2123 Honorati
927 2084 1166 2124 Grammatici
1201 2084 1492 2125 Commentariis
1516 2085 1579 2125 Ac

547 2152 729 2191 Eiusdem
757 2153 887 2191 Poetae
914 2152 1005 2192 Vita
1026 2154 1127 2192 Mira
1152 2154 1317 2207 Quadam
1340 2157 1438 2194 Arte
1456 2154 1579 2193 AcDi

548 2220 710 2269 ligentia
740 2220 933 2272 Impressa
965 2222 1065 2261 Sunt
1096 2223 1273 2262 Venetiis
1305 2223 1380 2262 Per
1402 2223 1580 2262 Iacobum

545 2287 719 2327 Rubeum
769 2289 934 2328 Natione
987 2290 1185 2329 Gallicum.
1258 2292 1373 2330 Anno
1425 2292 1576 2330 Domini

666 2356 736 2396 .M.
758 2356 910 2397 CCCC.
933 2358 1096 2398 LXXV.
1129 2359 1262 2398 Mense
1285 2360 1460 2398 Ianuarii.

547 2424 665 2463 Petro
708 2425 919 2475 Mozanigo
963 2426 1115 2477 Inclyto
1167 2427 1273 2466 Duce
1316 2429 1574 2467 Venetiarum.

316 2492 567 2532 Utilissimum
605 2492 737 2531 librum
780 2494 880 2542 dixi,
923 2507 994 2533 non
1028 2496 1125 2547 quod
1160 2497 1308 2534 multum
1340 2509 1408 2535 sua
1440 2498 1674 2548 praestantia
1705 2498 1892 2546 excellat,

234 2562 301 2600 sed
335 2562 432 2614 quod
465 2561 572 2600 aliam
605 2562 805 2600 editionem
837 2563 1084 2614 antiquiorem
1123 2566 1219 2603 satis
1260 2565 1421 2604 fideliter
1451 2568 1700 2616 expressisse
1731 2567 1893 2606 Ruheus

231 2630 412 2679 videtur,
444 2633 482 2669 et
514 2630 611 2682 quod
645 2631 720 2668 dux
756 2632 862 2682 quasi
894 2634 1006 2685 atque
1036 2634 1314 2682 antesignanus
1341 2634 1532 2673 multarum
1564 2634 1716 2674 aliarum
1750 2636 1891 2675 editio-

230 2710 315 2735 num
346 2699 471 2737 factus
504 2700 577 2737 est.
638 2698 742 2738 Nihil
777 2699 811 2737 in
829 2698 978 2738 Veneta
1009 2700 1136 2739 Rubei
1170 2704 1355 2741 externae
1386 2704 1555 2753 speciei,
1589 2716 1660 2755 quo
1692 2716 1735 2742 se
1765 2702 1891 2742 vehe-

229 2768 375 2805 menter
406 2767 659 2816 commendet,
700 2780 822 2819 neque
860 2769 983 2807 virtus
1016 2769 1161 2807 interna
1194 2772 1356 2809 cernitur
1398 2772 1601 2817 eiusmodi,
1642 2774 1682 2810 ut
1728 2772 1890 2820 gravius

231 2835 427 2887 quicquam
459 2836 669 2874 mutavisse
692 2835 865 2875 Rubeum
898 2836 1016 2874 dicas.
1077 2838 1182 2876 Vitia
1214 2851 1306 2877 sane
1339 2851 1438 2877 nova
1469 2839 1606 2888 habet,
1640 2851 1735 2891 quae
1766 2851 1890 2891 neque

233 2901 270 2939 in
302 2902 506 2954 Romanis,
538 2915 661 2956 neque
693 2904 730 2942 in
762 2903 826 2943 illa
857 2906 915 2943 tot
945 2904 1030 2942 aliis
1062 2905 1169 2944 vitiis
1201 2907 1392 2959 inquinata
1418 2907 1568 2946 Veneta
1601 2906 1739 2946 Acbat.
1772 2919 1890 2958 repe-

233 2969 391 3009 riuntur.
435 2972 605 3012 aduersi
645 2973 726 3012 Dir.
763 2977 828 3012 68.
863 2972 924 3011 ubi
957 2972 1045 3012 illae
1077 2974 1225 3025 priores
1258 2978 1361 3015 recte
1392 2976 1600 3015 aduersis.
1661 2975 1815 3015 (liutius
1850 2989 1887 3014 v.
