2006 3365
254 172 279 213 1
290 171 354 214 18
810 164 1340 206 ANIMADVERSIONES

253 284 337 321 nius
368 282 393 320 l.
421 281 446 319 l.
487 282 648 321 Veteres
681 283 780 319 enim
809 291 950 318 omnem
981 280 1239 329 magistratum
1261 282 1326 320 cui
1349 289 1511 333 pareret
1529 285 1751 331 exercitus,
1768 296 1893 335 prae-

254 358 373 390 torem
404 350 726 403 appellaverunt.
787 347 969 387 Similiter
1001 348 1148 386 Marius
1178 348 1400 388 Victorinus
1430 350 1525 400 apud
1553 350 1781 390 Gronovium
1812 350 1836 389 l.
1866 350 1891 388 l.

256 418 305 457 Ut
335 418 382 456 ah
415 417 485 455 hae
516 420 623 467 parte
651 422 839 468 praetor,
874 429 919 455 ea
949 417 1253 465 significatione,
1285 417 1514 468 respondeat
1544 422 1674 457 nostro
1706 417 1893 457 vocabulo

254 485 437 532 General,
470 483 663 524 Feldherr.
725 484 798 523 lam
831 484 920 523 vide
952 497 1058 537 quam
1090 483 1163 524 hoc
1194 498 1320 536 parum
1351 488 1474 535 aptum
1505 490 1634 536 esset,
1665 488 1697 525 si
1729 486 1894 525 devotos

253 567 373 603 agros
404 565 495 592 suos
527 552 624 592 Cato
662 553 806 592 diceret
848 553 988 592 crimini
1030 566 1119 592 esse
1159 554 1230 593 den
1270 552 1504 600 Generalen,
1547 555 1616 593 den
1648 554 1893 593 Feldlrerren.

252 622 459 661 Dicendum
500 625 602 667 erat,
652 622 721 660 den
764 621 1067 671 Machthahern,
1114 622 1184 660 den
1225 621 1418 669 Grossen,
1460 626 1672 673 potentum,
1716 623 1776 661 vel
1820 623 1894 661 tale

253 692 456 744 quippiam.
527 690 598 744 Qui
630 692 724 729 enim
757 691 875 729 variis
903 690 1133 741 temporibus
1162 690 1438 729 conturbavere
1461 691 1744 741 rempublicam,
1775 693 1894 730 istas-

252 772 324 811 que
355 759 509 798 odiosas
541 772 716 809 agrorum
748 760 956 798 divisiones
991 760 1069 798 lieri
1097 760 1264 804 iussere,
1298 759 1333 796 id
1359 771 1429 797 non
1456 771 1506 797 ex
1532 771 1679 798 munere
1703 761 1894 809 lecerunt,

252 827 320 867 sed
353 828 508 878 imperio
541 828 688 867 militari
722 841 800 866 eam
833 828 868 865 iu
901 840 976 866 rem
1014 828 1121 866 abusi
1154 832 1253 866 sunt.
1316 827 1444 877 Itaque
1474 826 1571 865 hane
1602 827 1894 878 explicationem

252 895 353 935 nulla
384 909 434 935 ex
464 900 574 947 parte
605 898 761 935 tuearis.
803 897 912 935 Haud
943 896 1055 935 dubie
1087 896 1248 947 simplex
1280 895 1342 934 ille
1375 896 1470 936 Cato
1499 903 1709 949 praetores
1741 897 1895 947 proprie

252 966 371 1015 dixit,
403 966 543 1004 usitata
575 965 874 1014 significatione,
909 968 1021 1017 atque
1054 966 1105 1004 ita
1130 967 1170 1003 ut
1191 965 1470 1014 intelligeretur
1492 965 1539 1003 ab
1561 965 1746 1003 omnihus.
1789 964 1895 1016 Quos

253 1046 346 1073 vero
375 1031 614 1087 praetores?
646 1037 709 1072 aut
740 1046 847 1085 quem
877 1030 1129 1085 praetorem?
1160 1033 1223 1073 Ad
1257 1047 1334 1072 eam
1368 1047 1440 1072 rem
1473 1033 1565 1071 duas
1597 1034 1757 1071 inveniri
1780 1045 1895 1084 posse

252 1103 525 1154 responsiones
547 1103 680 1140 video:
711 1114 813 1139 unam
837 1115 887 1140 ex
910 1101 1061 1151 vulgari
1087 1103 1285 1153 opinione,
1312 1103 1464 1141 alteram
1484 1116 1532 1140 ex
1557 1115 1635 1140 mea
1660 1101 1784 1153 paullo
1806 1106 1896 1152 post

252 1170 509 1222 proponenda.
571 1170 716 1220 Nempe
747 1171 798 1217 si,
839 1182 933 1222 quae
971 1170 1147 1219 vulgaris
1186 1172 1337 1221 opinio,
1379 1172 1443 1223 agi
1485 1171 1557 1210 hoc
1596 1171 1680 1209 loco
1722 1170 1768 1208 de
1800 1182 1894 1221 agro

251 1238 430 1277 militibus
462 1239 661 1287 assignato
693 1241 863 1287 statuas,
893 1246 1105 1291 praetores
1138 1252 1226 1278 esse
1253 1239 1391 1278 debent
1424 1241 1668 1288 magistratus
1695 1240 1755 1291 qui
1788 1240 1895 1288 agris

253 1307 470 1346 dividendis
502 1310 714 1358 praeerant.
776 1307 850 1345 lam
882 1320 975 1346 vero
1006 1306 1043 1345 hi
1075 1309 1346 1356 magistratus,
1387 1309 1483 1360 quod
1516 1321 1586 1346 non
1619 1309 1761 1346 diserte
1793 1320 1894 1347 com-

254 1378 431 1415 memorat
462 1375 630 1424 diligens
662 1377 877 1428 caeteroqui
910 1377 956 1414 de
989 1376 1147 1415 coloniis
1179 1377 1365 1427 scriptor,
1399 1376 1604 1426 Sigonius,
1636 1378 1699 1415 aut
1728 1375 1895 1426 plerum—

255 1458 346 1498 que,
387 1448 450 1484 aut
481 1445 652 1496 quoniam
694 1444 740 1483 de
779 1443 850 1483 hoc
889 1445 1084 1494 ambigere
1116 1458 1194 1495 me,
1238 1457 1358 1496 neque
1396 1446 1514 1496 ipsum
1555 1444 1716 1483 collecta
1755 1444 1896 1483 habere

254 1515 374 1553 omnia
407 1515 550 1564 fatcor,
584 1518 705 1552 tamen
738 1526 993 1565 nonnunquam
1024 1517 1217 1564 potestate
1249 1515 1353 1553 fuere
1385 1514 1588 1565 praetoria.
1647 1513 1714 1552 Sic
1744 1514 1894 1552 decem-

255 1584 326 1622 viri
359 1584 421 1621 isti
454 1582 639 1622 Rulliani:
679 1581 761 1621 Cic.
794 1583 840 1620 de
873 1582 961 1631 lege
1000 1595 1084 1632 agr.
1117 1582 1167 1621 ll.
1202 1598 1289 1621 xm.
1352 1585 1394 1622 ln
1425 1583 1560 1635 quibus
1591 1584 1623 1621 si
1656 1583 1728 1621 hoc
1758 1582 1894 1634 aliquid

253 1652 421 1690 inusitati
452 1651 612 1698 fuisset,
656 1649 916 1689 vehementius
949 1651 1203 1700 indignantem
1237 1650 1456 1691 Ciceronem
1494 1651 1726 1690 videremus.
1789 1651 1897 1690 Nunc

255 1720 342 1758 illud
376 1719 615 1769 indignatur,
648 1719 743 1771 quod
778 1722 1004 1769 potestatem
1037 1719 1112 1758 illis
1144 1720 1207 1759 det
1238 1721 1373 1760 Rullus
1404 1721 1524 1760 verbo
1552 1721 1822 1773 praetoriam,
1857 1731 1897 1758 re

258 1802 348 1828 vera
379 1791 542 1840 reyiam.
602 1787 733 1826 Paullo
766 1792 854 1838 post
885 1789 949 1827 lex
979 1790 1133 1838 agraria
1164 1789 1258 1827 Iulia
1290 1789 1549 1839 Vigintiviros
1580 1801 1676 1838 agro
1707 1789 1896 1827 metiundo

256 1857 456 1896 dividendo
497 1857 609 1895 iussit
645 1863 852 1908 potestate
889 1860 1103 1909 praetoria
1141 1870 1252 1896 esse:
1300 1860 1347 1896 cl'.
1380 1858 1528 1907 Fragm.
1563 1857 1666 1907 legis
1697 1858 1732 1895 in
1765 1857 1897 1896 Goesii

257 1927 491 1965 Auctoribus
523 1925 571 1964 R.
606 1925 656 1963 A.
690 1939 726 1975 p.
760 1929 855 1964 351.
888 1926 1047 1964 Sueton.
1081 1926 1249 1977 August.
1284 1942 1336 1965 ιν.
1401 1926 1508 1979 Quod
1541 1929 1573 1964 si
1606 1927 1689 1978 quis
1720 1926 1896 1975 obiiciat,

256 1995 302 2033 de
332 1995 439 2043 agris
471 1994 572 2044 plebi
605 1994 818 2032 dividendis
853 1998 1010 2046 utroque
1034 1994 1139 2044 loco,
1171 2007 1242 2033 non
1269 1995 1315 2034 de
1342 1994 1562 2034 militaribus
1590 1994 1778 2044 coloniis,
1810 2006 1896 2032 ser-

256 2075 398 2102 monem
430 2076 539 2105 esse.
583 2067 619 2101 et
651 2062 791 2101 Sullam
832 2065 999 2101 fortasse
1031 2076 1138 2115 qrium
1169 2076 1286 2113 agros
1318 2066 1509 2102 veteranis
1541 2063 1747 2111 divideret,
1788 2062 1896 2101 alium

255 2133 397 2171 modum
429 2137 623 2185 sequutum
657 2146 777 2172 esse:
811 2146 886 2182 ego
919 2133 964 2171 de
995 2133 1122 2173 modo.
1165 2144 1235 2184 quo
1269 2132 1374 2170 Sulla
1411 2145 1502 2169 usus
1543 2132 1611 2180 sit,
1650 2130 1740 2169 nihil
1772 2129 1896 2169 habeo

257 2207 503 2252 compertum,
537 2204 602 2241 sed
636 2206 755 2242 tamen
788 2216 889 2249 ‹¹11m,
923 2201 984 2239 vel
1017 2214 1104 2249 eos,
1137 2214 1230 2252 quos
1261 2200 1346 2238 huic
1377 2201 1533 2248 negotio
1561 2201 1746 2250 praefecit
1768 2199 1894 2244 Sulla,

257 2282 321 2308 cur
352 2273 542 2321 potestate
573 2272 694 2309 minus
733 2284 838 2322 (lnam
878 2272 1091 2323 praetoria
1131 2271 1250 2308 fuisse
1280 2273 1470 2320 putemus,
1513 2268 1612 2306 nulla
1650 2281 1791 2307 caussa
1822 2274 1894 2306 est.

257 2339 325 2377 Sic
364 2339 468 2378 iussu
508 2339 687 2379 Caesaris
729 2340 775 2392 Q.
809 2338 999 2377 Valerium
1039 2338 1175 2377 Oream
1215 2340 1362 2376 missum
1405 2338 1576 2387 reperio,
1618 2337 1782 2387 legatum
1820 2350 1895 2390 pro

253 2414 469 2461 praetore:
499 2407 581 2448 Cic.
614 2408 736 2459 Epist.
771 2409 868 2447 Fam.
900 2408 1010 2446 Xlll.
1046 2423 1098 2445 1v.
1132 2410 1169 2446 et
1200 2422 1238 2444 v.
1280 2407 1409 2446 Minus
1442 2409 1590 2444 constat
1622 2406 1669 2445 de
1700 2404 1825 2445 Cluvii
1858 2409 1895 2445 ‹›t

258 2476 305 2515 de
335 2476 469 2516 Rutilii
502 2478 658 2526 negotio
698 2489 742 2516 ac
774 2479 986 2527 potestate,
1029 2476 1119 2514 ibid.
1154 2475 1274 2526 Epist.
1309 2490 1377 2512 v11.
1410 2491 1496 2513 v111.
1556 2475 1750 2524 Agrorum
1791 2475 1894 2512 divi-

256 2546 353 2584 sioni
386 2547 439 2595 ei,
481 2558 578 2598 quae
609 2546 810 2595 Virgilium
842 2546 990 2593 attigit,
1035 2549 1232 2595 praeerat,
1275 2545 1334 2594 qui
1377 2547 1490 2582 totam
1531 2544 1695 2592 regebat
1732 2544 1894 2593 provin-

258 2615 373 2664 ciam,
406 2614 566 2653 Asinius
600 2614 742 2653 Pollio:
786 2615 817 2653 si
851 2615 944 2652 fides
977 2614 1104 2652 Servii
1136 2613 1350 2664 Donatique
1381 2613 1500 2660 loeis,
1542 2613 1588 2651 de
1618 2612 1751 2663 quibus
1782 2611 1893 2661 Hey-

258 2684 340 2722 nius
371 2683 407 2721 in
440 2682 530 2721 Vita
561 2682 715 2731 Virgilii
746 2683 790 2721 ad
823 2695 953 2720 annum
990 2683 1082 2719 723.
1115 2683 1293 2732 disputat.
1339 2681 1388 2720 Ut
1418 2683 1611 2732 aptissime
1644 2678 1738 2719 Cato
1767 2693 1892 2731 prae-

257 2759 377 2791 torem
408 2763 610 2799 accusare,
643 2752 729 2788 sive
758 2758 994 2802 praetores,
1040 2750 1223 2788 videatur.
1342 2752 1601 2790 Verumtamen
1633 2761 1712 2787 mea
1743 2748 1790 2786 ab
1822 2747 1893 2787 hac

258 2821 412 2859 diversa
442 2820 567 2870 opinio
600 2822 671 2856 est.
733 2819 1005 2857 Demonstravi
1037 2821 1071 2856 in
1104 2819 1194 2858 Vita
1225 2818 1406 2867 Catonis,
1442 2818 1502 2857 vel
1534 2818 1701 2869 quoniam
1733 2817 1891 2856 demon-

258 2891 394 2928 stravi
425 2900 497 2927 non
528 2888 649 2926 audeo
682 2888 831 2935 dicere,
864 2899 970 2939 quum
1001 2900 1064 2926 res
1096 2888 1130 2925 in
1164 2889 1377 2927 coniectura
1406 2888 1531 2939 posita
1551 2887 1622 2934 sit,
1655 2887 1892 2937 quantumvis

258 2957 469 3007 probabili,
515 2957 771 2995 demonstrare
801 2955 925 2994 studui
957 2967 977 2993 e
1009 2955 1214 3002 Suetonio,
1256 2955 1317 2995 bis
1349 2955 1544 3007 spoliatum
1576 2954 1777 3002 Catonem,
1819 2953 1891 2992 boe

258 3028 342 3073 est,
374 3038 504 3073 agrum
538 3026 652 3076 primo
684 3024 933 3063 abiudicatum
966 3024 1102 3064 Catoni
1134 3025 1283 3064 actione
1314 3023 1496 3071 iudiciali,
1537 3034 1657 3061 coram
1689 3025 1889 3073 praetore,
