2006 3365
247 153 348 198 340
848 142 1209 185 DISSERTATIO
1232 143 1302 184 IV.

251 265 465 305 Basileensi
494 263 669 308 maxime,
701 259 1009 298 decantabimus:
1043 270 1169 309 parum
1201 258 1422 297 credendum
1451 271 1540 299 esse
1562 260 1723 299 virorum
1749 259 1882 298 docto-

249 347 325 372 rum
357 330 631 372 collationibus.
689 329 734 367 E.
765 340 808 377 g.
842 328 876 366 in
919 326 1049 368 Culice
1093 340 1134 365 v.
1166 329 1261 366 209.
1303 340 1407 379 quem
1449 326 1568 367 locum
1606 328 1651 367 ad
1689 328 1773 367 Du.
1815 328 1882 366 78.

248 402 431 449 tractavi,
462 398 715 446 petavianus,
737 397 998 435 Friesemanno
1026 398 1153 434 teste:
1186 396 1250 435 En
1283 396 1400 450 quid,
1434 398 1518 446 ait,
1550 399 1728 437 meritus.
1775 395 1882 448 Quod

247 481 402 520 prorsus
434 465 679 512 incredibile,
723 478 830 517 quum
871 465 1149 513 Augustanus,
1189 465 1249 516 qui
1292 477 1342 503 ex
1386 465 1512 503 eadem
1553 478 1632 505 cum
1675 465 1884 504 petaviano

248 537 385 575 sainilia
417 538 498 584 cst,
531 533 618 572 nihil
651 533 728 573 tale
760 532 911 572 habeat.
973 533 1038 572 En
1071 533 1188 587 qnid,
1228 535 1310 582 ait,
1351 537 1513 574 meritus
1553 547 1623 573 nou
1660 532 1884 582 Petaviani,

249 617 368 656 neque
400 603 495 642 alius
527 603 717 653 scriptura
749 602 909 651 codicis,
952 602 1044 651 sed,
1086 603 1182 654 quod
1216 615 1265 640 ex
1299 602 1450 653 [leynio
1483 604 1750 653 cognoscitur,
1794 613 1884 640 con-

249 674 390 711 iectura
422 674 482 711 est
512 671 561 710 N.
593 671 768 710 Heinsii:
812 683 917 722 quam
949 671 1231 709 Friesemanuus
1271 684 1379 724 quum
1411 672 1538 710 eodem
1570 671 1654 710 loco
1685 684 1707 710 a
1739 669 1886 710 Schra-

249 741 337 779 dcro
369 744 605 789 annotatam,
638 740 673 778 in
706 752 777 792 quo
805 740 899 778 idem
925 738 1159 778 collationem
1185 740 1383 779 Pctaviani
1405 744 1604 790 posuerat,
1628 740 1885 791 repperisset,

248 809 341 848 male
373 809 418 848 ad
457 810 701 848 Petavianum
742 807 881 847 retulit.
952 808 1035 846 Nos
1076 809 1137 846 ubi
1178 809 1376 847 Petaviani
1416 809 1452 846 in
1493 806 1624 847 Culicc
1665 809 1886 847 mentionem

248 879 424 926 fecimus,
458 879 612 918 fecimus
644 890 693 917 ex
724 879 899 916 accurata
930 876 993 915 illa
1023 875 1075 914 ls.
1108 877 1242 916 Vossii
1274 875 1488 915 collatione.

530 1066 915 1121 Thnanens
959 1069 1083 1121 sive
1119 1065 1519 1122 Parisinus
1560 1065 1608 1121 Ι.

335 1222 447 1261 Liber
478 1220 669 1272 perbonus
701 1231 745 1258 ac
774 1222 969 1265 vetustus,
1004 1231 1101 1257 nunc
1126 1219 1161 1256 in
1186 1218 1424 1258 Bibliotheca
1448 1220 1575 1268 Regia
1596 1231 1746 1258 numero
1766 1222 1890 1268 8069,

252 1292 296 1329 de
329 1303 400 1343 quo
433 1291 468 1328 in
500 1288 689 1338 Catalogo
723 1289 854 1327 edito:
911 1288 984 1326 No.
1017 1291 1141 1326 8069.
1188 1287 1327 1327 Cocles:
1357 1288 1696 1328 Membrannceus
1726 1291 1890 1342 primum

250 1360 390 1400 Inoobi
420 1360 597 1410 Anynsti
631 1359 816 1406 Tlmnni,
847 1365 992 1411 postea
1025 1357 1292 1397 Colberlinus.
1353 1357 1549 1396 Additur:
1582 1358 1628 1397 Is
1659 1359 1786 1397 cocles:
1815 1372 1890 1397 un-

253 1432 399 1469 decimo
431 1428 595 1467 saeculo
628 1428 787 1466 ridetur
824 1433 1033 1465 exaratus.
1102 1425 1246 1464 Laudat
1284 1425 1476 1464 Lassenus
1519 1425 1743 1475 elegantiam
1782 1426 1891 1476 libri,

253 1500 312 1551 qui
345 1502 404 1537 est
436 1500 550 1536 torma
579 1497 755 1543 maxima,
788 1497 1083 1547 scripturamque
1111 1494 1346 1533 luculentam.
1408 1494 1512 1547 Quae
1540 1507 1584 1533 eo
1609 1496 1890 1544 contineantur,

253 1570 307 1606 sic
340 1569 465 1605 refert.
527 1566 764 1604 Pracccdere
795 1568 1038 1613 grammatica
1070 1564 1270 1615 quaedam,
1304 1564 1461 1601 maxime
1492 1563 1538 1602 de
1570 1564 1703 1613 figuris
1726 1563 1890 1603 rhetori-

254 1638 327 1683 cis,
361 1648 440 1673 cum
481 1634 668 1685 exemplis
708 1646 755 1671 ex
798 1633 976 1682 Virgilio.
1048 1633 1165 1683 Sequi
1205 1631 1383 1670 Bucolica
1424 1644 1503 1670 cum
1542 1632 1666 1671 multis
1709 1632 1890 1682 scholiis,

255 1706 466 1753 Georgica,
502 1703 721 1741 Aeneidem.
782 1702 876 1740 Tum
908 1701 1027 1740 hacc:
1060 1702 1290 1741 Sententiae
1331 1701 1412 1739 VII
1436 1701 1770 1754 philosophorum.
1824 1702 1893 1742 De

255 1774 462 1812 nobilitate
493 1785 542 1810 ac
574 1771 637 1809 die
667 1778 837 1822 tempore
868 1773 999 1809 nativi
1031 1770 1138 1820 (sic)
1181 1770 1504 1824 lonyitndineqne
1541 1777 1750 1822 temporum
1781 1774 1893 1810 vitae

256 1844 303 1882 P.
332 1842 494 1893 Uir-yma·
515 1840 707 1879 stim-onis
735 1839 944 1891 Disez‘pnli
964 1839 1107 1891 Epidii
1129 1837 1318 1878 Orntoris
1353 1841 1505 1892 incipit.
1574 1839 1725 1878 Versus
1753 1838 1893 1878 Ovidii

255 1912 269 1953 ('
282 1911 470 1960 Virgilius
502 1921 637 1957 magno
675 1911 846 1960 quantum
879 1909 971 1954 etc.)
1035 1906 1204 1952 Deinde,
1238 1908 1446 1956 praemissa
1479 1919 1522 1945 ea
1548 1908 1815 1958 inscriptione,
1847 1908 1894 1946 de

255 1994 323 2031 qua
355 1978 479 2030 paullo
511 1980 600 2028 post
632 1977 805 2015 dicetur:
840 1977 967 2015 Culex
992 1976 1130 2015 Publii
1160 1975 1319 2027 Virgsilii
1340 1976 1534 2015 stlaronis
1559 1977 1721 2029 Incipit.
1782 1978 1894 2016 Dirce

256 2050 445 2088 Almonis
479 2047 696 2099 Incipiunt.
766 2045 880 2098 Copia
926 2047 1114 2084 dictionis
1156 2044 1319 2096 Incipit.
1403 2045 1564 2096 ifiaeffllii
1608 2045 1809 2085 Versicnli
1846 2045 1896 2085 de

253 2125 316 2157 est
345 2124 383 2156 et
409 2130 483 2155 non
509 2122 585 2155 est.
654 2115 814 2165 Virgilii
842 2115 1035 2153 versiculi
1055 2115 1102 2153 de
1125 2116 1374 2153 institutione
1395 2116 1474 2153 ciri
1502 2114 1603 2153 boni.
1663 2115 1731 2153 De
1749 2114 1894 2154 Ros-is.

253 2188 511 2225 Anemoretmn
541 2184 681 2223 Publii
721 2184 878 2235 Viryiln·
912 2184 1021 2222 Inar.
1056 2183 1219 2234 Incipit.
1281 2183 1497 2235 Sequuntur
1536 2184 1762 2235 Epitaphia
1795 2183 1895 2222 Uir-

255 2256 343 2307 yilis
372 2257 480 2303 tria,
521 2254 679 2305 denique
722 2253 893 2290 Traiani
940 2252 1200 2304 Imperatoris
1242 2252 1290 2290 de
1330 2252 1430 2289 hello
1468 2255 1626 2303 partico
1664 2265 1825 2290 versus.
1857 2254 1897 2290 et

256 2324 319 2362 alii
354 2336 488 2361 versus
513 2321 704 2360 eiusmodi.
766 2321 916 2359 Titulos
942 2321 1135 2358 carminum
1157 2320 1191 2356 iu
1213 2318 1284 2357 hac
1311 2319 1567 2370 descriptione
1583 2320 1722 2370 passim
1742 2319 1896 2371 supple-

258 2394 318 2441 vi,
351 2393 597 2442 integrosque
628 2387 807 2436 exhibui,
839 2401 887 2426 ex
919 2388 970 2427 ls.
990 2388 1144 2426 vossio.
1204 2387 1296 2426 Nam
1319 2387 1390 2425 hac
1412 2400 1559 2439 quoque
1579 2389 1612 2426 iu
1632 2400 1671 2427 re
1699 2388 1896 2428 utilissimo

258 2460 429 2499 subsidio
461 2460 529 2497 fuit
560 2457 649 2495 illud
681 2457 873 2495 Leidcuse
905 2456 1096 2506 exemplar
1128 2456 1303 2494 editionis
1336 2457 1473 2506 primae
1499 2457 1645 2505 Scalig.
1680 2458 1715 2495 in
1748 2470 1819 2509 quo
1843 2457 1895 2496 Is.

258 2529 425 2567 'Vossius
456 2540 528 2565 non
561 2526 678 2565 solum
710 2526 934 2575 petaviani,
966 2525 1032 2563 sed
1065 2526 1171 2563 ctiam
1206 2523 1313 2562 huius
1341 2525 1512 2564 Tliuanei
1545 2525 1746 2575 diligenter
1776 2525 1896 2565 colla-

260 2599 395 2636 tionem
427 2595 614 2634 instituit:
655 2598 693 2633 et
723 2594 819 2632 hunc
851 2594 1019 2645 quidem,
1050 2592 1288 2637 Thuaneum,
1322 2597 1408 2632 ante
1441 2594 1685 2632 Petavianum
1718 2593 1896 2643 contulit,

261 2667 364 2705 etin
397 2664 503 2716 plura
533 2664 713 2711 carmina,
754 2675 859 2714 quam
902 2662 1158 2700 petavianum.
1220 2661 1360 2700 Verum
1403 2661 1496 2700 haec
1538 2662 1659 2700 onmia
1696 2662 1897 2700 divinanda

260 2734 342 2772 mihi
376 2734 540 2780 suerunt,
574 2745 679 2784 quum
707 2731 873 2771 Vossius
893 2743 974 2768 eum
1007 2730 1173 2768 codicem
1206 2742 1275 2768 non
1309 2730 1501 2782 appellare
1532 2733 1674 2769 nomine
1705 2742 1795 2778 suo,
1827 2730 1896 2769 sed

261 2802 360 2851 sigla
400 2802 467 2851 V.,
501 2801 703 2849 designare
735 2799 881 2844 soleat,
916 2798 977 2837 vel
1017 2799 1109 2838 VJ).
1149 2797 1224 2836 hoc
1254 2801 1331 2843 est.
1380 2799 1529 2847 Vetus,
1583 2799 1704 2839 Vetus
1737 2798 1896 2849 Codeoe3

261 2871 322 2908 vel
354 2872 462 2909 etiam
494 2869 580 2907 sic:
613 2868 711 2908 MS.
744 2866 867 2906 Semel
900 2867 1087 2919 aliquanto
1112 2867 1292 2906 disertius
1318 2867 1490 2917 legitur:
1534 2868 1629 2909 V.C.
1647 2868 1691 2906 T.
1710 2871 1748 2906 et
1778 2867 1896 2906 semel

263 2940 488 2989 perspicue:
526 2937 571 2977 V.
584 2937 629 2977 C.
650 2938 888 2977 Tkuanaens.
950 2935 1149 2989 Quaeritur
1190 2937 1298 2975 etiam
1340 2936 1377 2975 in
1408 2935 1480 2975 hoc
1510 2936 1625 2985 libro,
1657 2939 1794 2987 quanto
1825 2947 1898 2974 nu-

263 3018 362 3044 mero
381 3006 667 3057 epigr-annnam,
695 3008 732 3046 et
758 3017 876 3058 quae,
901 3005 1100 3045 contineat.
1162 3005 1395 3045 Enumerabo
1422 3005 1541 3044 omnia
1553 3031 1568 3053 ,
1599 3004 1636 3043 in
1657 3015 1752 3056 quae
1777 3002 1897 3043 colla-
