2006 3365
528 166 581 206 IN
612 166 836 206 VALERH
869 165 1104 208 CATONIS
1135 167 1315 208 DlRAS.
1677 170 1743 213 69

105 283 231 322 silva.
276 281 440 332 Propter
470 292 661 319 caesuram
693 284 781 333 post
810 282 940 333 pedem
967 282 1128 334 quintum
1153 283 1201 321 cf.
1226 282 1291 321 ins.
1311 281 1392 321 Ecl.
1416 284 1481 319 25.
1503 284 1570 319 29.
1644 279 1740 318 Lau-

104 351 168 390 dat
199 349 296 388 lmnc
327 361 476 387 versum
511 354 577 388 36.
610 353 648 389 et
680 363 827 389 versum
861 353 926 388 46.
988 350 1248 390 Broukhusius
1288 352 1322 389 in
1354 350 1526 401 Propert.
1559 347 1609 387 ΙΙ.
1652 363 1741 395 xm,

106 422 172 457 46.
205 431 243 469 p.
282 420 371 455 165.
403 430 437 456 a.
498 418 636 456 Vermn
676 419 787 457 aliter
826 417 922 458 Cato
962 418 1020 456 his
1059 418 1154 457 loeis
1192 431 1278 457 voc.
1320 422 1421 458 cinis
1459 418 1593 466 utitur,
1634 416 1743 455 aliter

103 486 279 525 Tibullus
304 485 332 524 l.
358 501 399 534 x,
423 489 485 524 12.
543 486 638 526 Cato
671 487 764 525 enim
797 486 969 537 proprie,
1002 499 1110 538 quum
1143 485 1187 523 de
1219 487 1467 524 comburenda
1498 485 1596 523 silva
1627 484 1740 524 dicat.

189 555 302 594 (ιίἱυιί
322 554 429 593 Μοη.
450 555 478 593 l.
501 554 550 593 ll.
564 555 673 594 Vrat.
694 555 722 593 l.
756 555 958 592 Praeterea
982 553 1070 591 nihil
1092 555 1239 591 variant
1257 553 1355 591 libri.
1387 554 1453 605 siet
1472 553 1568 593 Mut.
1589 554 1740 592 vitiose.

104 623 286 677 Iuppiter
318 623 601 672 Augustanus3
644 623 795 676 Iupiter
836 622 955 660 Paris.
990 621 1059 661 lv.
1096 620 1200 659 Mon.
1234 621 1283 659 ll.
1329 621 1517 660 Romanae
1546 634 1624 660 cum
1658 622 1741 660 cod.

102 692 192 731 Bas.
209 691 316 729 Vrat.
331 691 378 729 ll.
401 695 438 730 et
455 691 550 730 Mat.
594 690 633 729 ln
653 691 771 730 Voss.
792 690 841 728 ll.
864 689 1002 728 desunt
1027 702 1163 728 versus
1191 693 1268 727 tres
1295 692 1360 727 35.
1385 693 1451 727 36.
1477 693 1542 728 3ῖ.
1566 691 1632 729 sed
1654 690 1742 729 reli-

104 760 183 812 quit
203 759 380 798 librarius
402 761 560 810 spatium
582 759 689 797 trium
710 771 895 796 versuum.
917 758 1093 810 Denique
1111 758 1349 796 coniecturae
1367 756 1437 796 hae
1456 760 1554 796 sunt.
1575 759 1740 810 Igsnilms

102 829 207 868 aelli.
228 828 483 880 slagyrabunl.
518 829 696 880 luppiter
717 828 828 879 ipse,
848 827 1031 880 Iuppiter
1049 825 1226 864 incaluit:
1252 824 1474 864 Boxhornii.
1495 827 1682 876 incaluit,
1708 828 1742 866 id

103 900 181 940 est,
204 896 339 935 fulmen
364 899 485 948 parat.
508 896 579 935 tibi
597 896 640 933 ad
666 896 855 934 Battarum
879 895 1028 933 fluvium
1052 894 1242 933 referebat
1262 893 1517 933 Boxhornius.
1574 895 1742 934 lleinsii:

104 965 273 1017 Iynibns
304 966 407 1005 aeth.
437 964 672 1016 flayrahis,
706 966 744 1002 ut
774 964 818 1002 ad
852 964 1042 1003 Battarum
1074 963 1301 1002 extendatur
1331 963 1452 1001 oratio
1484 966 1547 1002 ant
1575 964 1744 1016 flaqra-

103 1035 197 1074 bum
228 1046 306 1072 cum
341 1032 494 1071 Aldina.
536 1032 597 1071 vel
631 1032 795 1084 anihns
828 1032 1013 1071 Aetnaeis
1043 1032 1278 1084 flrtyranlo,
1313 1030 1373 1069 vel
1403 1032 1601 1084 flayrato.
1635 1037 1672 1071 et
1704 1046 1741 1071 v.

103 1105 170 1142 36.
202 1102 391 1154 labefiat,
425 1100 486 1139 vel
519 1101 695 1155 tepefiat.
754 1100 926 1151 Tollius⁷
966 1103 1120 1151 recepta
1160 1100 1377 1138 coniectura
1418 1100 1627 1151 Scaligeri,
1667 1102 1742 1140 ita:

102 1192 155 1199 ·-—
187 1173 357 1210 iterum:
391 1170 534 1209 domini
562 1170 702 1222 felicis
735 1170 894 1208 almmm
927 1169 1233 1223 IVequichuam,
1266 1183 1303 1207 n.
1333 1172 1469 1222 potins
1502 1171 1540 1209 cl.
1573 1170 1743 1216 libellis,

102 1239 135 1278 Ι.
167 1253 229 1279 ae.
260 1239 482 1292 flayrabis.
545 1239 717 1292 Iupiter,
759 1242 848 1291 ipse
880 1238 1033 1291 Iupiter
1062 1239 1166 1277 hane
1195 1237 1329 1276 adllet:
1372 1241 1475 1277 einis
1506 1238 1576 1277 hac
1606 1239 1680 1278 tibi
1708 1240 1741 1290 f.

100 1321 137 1348 o.
169 1307 241 1346 lioc
271 1320 407 1346 sensu:
442 1311 602 1355 itermn,
636 1307 671 1345 id
705 1311 787 1355 est,
820 1310 1032 1357 repetamus
1064 1306 1136 1345 hoc
1168 1319 1337 1355 carmen,
1371 1320 1441 1346 non
1467 1308 1606 1347 sufficit
1636 1308 1738 1352 mihi,

102 1380 139 1416 te
170 1377 312 1414 succidi
345 1376 480 1415 dextra
519 1375 667 1424 militis,
710 1378 861 1426 oportet
900 1376 984 1425 ipse
1023 1379 1058 1414 te
1090 1375 1229 1426 Iupiter
1269 1375 1417 1414 fulmine
1457 1389 1526 1415 suo
1564 1376 1676 1415 adilet
1707 1380 1744 1416 et

101 1444 297 1483 accendat.
360 1443 420 1482 vel
453 1444 576 1496 adsta
609 1444 756 1494 potius,
788 1456 834 1481 ne
866 1444 998 1496 adflat
1030 1446 1067 1483 et
1097 1451 1251 1497 oportet
1282 1457 1429 1483 versum
1462 1445 1644 1483 leoninum
1675 1458 1742 1483 au-

103 1513 209 1551 ribus
242 1513 405 1561 ingerat.
458 1513 565 1551 Haec
595 1511 743 1551 Tollius
774 1512 869 1562 apud
894 1513 1158 1551 Burmannum:
1192 1513 1227 1550 in
1259 1513 1394 1565 quibus
1425 1513 1512 1551 illud
1544 1527 1619 1552 non
1650 1515 1743 1565 suf-

100 1581 186 1633 fieit
215 1582 327 1629 mihi,
368 1593 524 1631 prorsus
564 1581 788 1618 adversatur
825 1581 934 1619 menti
975 1585 1126 1631 poetae.
1246 1581 1324 1620 sibi
1362 1582 1635 1631 coniecturam,
1676 1595 1743 1633 pro

101 1650 195 1698 tibi,
228 1648 407 1697 Silligius
434 1651 704 1688 commemorat.
736 1661 781 1686 an
811 1645 1045 1688 Eichstadn?
1076 1649 1168 1688 Nam
1200 1650 1246 1688 de.
1278 1649 1497 1701 parenthesi
1529 1650 1615 1689 illud
1649 1651 1745 1690 vidit

101 1719 270 1771 quidem,
304 1721 343 1757 ut
374 1730 423 1757 ex
455 1716 634 1757 Putschio
667 1718 863 1769 intelligo,
896 1718 965 1757 sed
997 1730 1069 1757 non
1101 1718 1298 1770 amplexus
1334 1722 1394 1758 est
1424 1718 1679 1758 Eichstadius.

184 1856 233 1894 V.
267 1858 332 1894 37.
394 1860 596 1896 'rHRECis
622 1862 721 1896 TUM
752 1862 934 1896 BOREAE
961 1863 1164 1897 SPIRENT
1189 1863 1402 1897 lMMANlA
1425 1862 1587 1897 VIRES.
1639 1857 1743 1897 Con-

99 1927 201 1965 sistit
232 1927 267 1964 in
300 1925 614 1977 contemplatione
654 1927 914 1977 tempestatis,
954 1939 1022 1977 per
1064 1939 1168 1978 quam
1210 1927 1338 1977 perire
1377 1925 1476 1965 silva
1508 1926 1667 1976 debeat,
1706 1929 1744 1965 et

100 1994 173 2033 alia
201 1995 310 2033 ail'ert
342 2008 391 2033 ex
423 1998 554 2033 natura
587 2007 729 2044 rerum,
761 2007 856 2047 quae
888 1999 960 2033 tum
993 1995 1072 2034 vult
1104 1995 1290 2034 accidere.
1336 1995 1467 2047 Itaque
1500 1999 1636 2033 ventos
1669 2008 1742 2033 vo-

101 2067 161 2102 cat
184 2064 216 2101 in
240 2064 457 2102 societatem
484 2063 666 2101 incendii.
700 2063 881 2115 intelligit
907 2067 1026 2103 autem
1052 2067 1209 2113 ventos,
1235 2076 1304 2101 non
1333 2065 1393 2116 qui
1418 2063 1646 2114 praecedunt
1668 2062 1741 2101 sul-

99 2132 195 2169 mina
228 2131 353 2177 lovis,
387 2131 453 2170 sed
487 2134 676 2178 furentes,
710 2132 790 2170 dum
822 2132 928 2170 ardet
955 2131 1067 2170 silva.
1129 2132 1221 2170 Nam
1259 2132 1438 2171 versibus
1471 2135 1535 2170 40.
1571 2135 1636 2170 41.
1670 2144 1742 2170 non

100 2201 251 2251 prinmm
276 2201 444 2239 incidens
466 2200 622 2242 fulmen,
646 2201 861 2253 initiumque
889 2201 1073 2251 incendii,
1099 2201 1166 2238 sed
1196 2201 1313 2251 ipsum
1339 2201 1406 2239 iam
1431 2200 1602 2249 gliscens
1627 2200 1742 2249 longe

102 2269 252 2321 lateque
283 2270 428 2307 iteratis
461 2269 675 2308 fulminibus
707 2269 912 2307 incendium
943 2269 1066 2307 silvae
1098 2269 1310 2318 significari
1335 2272 1453 2321 patet.
1501 2269 1624 2319 Igitur
1647 2281 1740 2308 ven-

102 2342 163 2377 tos
195 2341 471 2385 conum-morat,
503 2338 654 2388 partim,
688 2338 772 2390 quia
798 2342 941 2387 augent
964 2338 1171 2376 incendium
1201 2339 1328 2387 venti,
1359 2339 1492 2390 partim
1524 2341 1563 2377 ut
1594 2339 1738 2388 ignem,

103 2406 348 2445 disturbatum
380 2407 524 2444 insania
557 2410 749 2445 ventorum
781 2419 890 2453 aera,
925 2405 1123 2456 caliginem
1155 2420 1176 2444 a
1201 2407 1361 2446 nubibus
1385 2419 1501 2458 super
1525 2407 1739 2458 impenden-

103 2475 226 2523 tibus,
260 2475 294 2511 in
328 2486 430 2511 unam
461 2474 733 2513 formidolosam
765 2476 970 2524 coniungat
1001 2475 1221 2524 imaginem.

198 2543 362 2582 Three-Is
396 2543 575 2580 lleinsius
605 2543 649 2581 ad
675 2543 789 2582 Ovid.
810 2544 934 2594 Epist.
951 2543 1059 2583 XIX.
1079 2548 1144 2582 26.
1177 2544 1229 2583 ita
1260 2544 1403 2595 profert
1433 2556 1482 2583 ex
1510 2544 1738 2592 Petaviano,

104 2615 142 2651 ut
173 2614 362 2663 praeferre
397 2610 587 2657 videatur,
620 2615 658 2650 et
689 2611 884 2650 ediderunt
909 2611 1176 2662 Eiclistadius‚
1209 2611 1431 2651 Pntseliius.
1456 2615 1494 2651 et
1524 2625 1592 2651 nos
1625 2624 1737 2663 repo-

103 2681 244 2719 suimus
277 2683 430 2730 propter
469 2691 638 2727 magnum
669 2680 847 2719 librorum
888 2681 1112 2733 scriptorum
1150 2693 1388 2720 consensum.
1448 2682 1610 2720 Formam
1641 2693 1737 2732 poe-

104 2750 211 2789 ticam
243 2749 387 2787 dixeris
420 2760 498 2786 cum
530 2747 690 2787 Ernesto
722 2749 767 2787 ad
799 2747 882 2789 Cic.
914 2749 961 2789 de
993 2750 1208 2789 Provinciis
1239 2749 1437 2790 Consular.
1467 2751 1523 2799 11,
1559 2753 1595 2788 4.
1655 2749 1737 2788 Etsi

102 2817 176 2856 hoc
206 2816 330 2868 paullo
361 2816 572 2855 accuratius
604 2817 910 2857 considerandum
941 2822 1022 2869 est,
1066 2819 1247 2871 siquidem
1279 2819 1412 2871 quibus
1443 2819 1621 2856 Heinsius
1654 2817 1677 2856 l.
1710 2818 1734 2856 l.

103 2885 287 2938 exemplis
330 2886 462 2935 utitur,
501 2887 539 2923 ut
582 2885 754 2925 Threcen
794 2886 881 2926 Art.
921 2901 990 2926 am.
1022 2888 1071 2927 ll.
1114 2892 1208 2927 588.
1250 2891 1287 2927 et
1324 2888 1452 2927 Amor.
1483 2887 1513 2925 l.
1546 2901 1636 2936 των,
1669 2891 1734 2926 21.

109 2955 278 2995 Threcia
310 2955 492 3004 Bacche,
532 2953 565 2990 id
607 2955 743 2992 tantum
782 2955 961 3006 probant,
1002 2958 1037 2995 in
1076 2969 1143 2995 usu
1183 2956 1301 2995 fuisse
1340 2956 1466 3006 poetis
1503 2954 1626 2994 latinis
1667 2955 1734 2995 lias

102 3023 262 3073 formas,
307 3023 477 3073 Threce,
524 3022 738 3073 lerecias,
780 3034 851 3060 non
892 3023 978 3064 item
1017 3025 1197 3076 probant,
1238 3024 1367 3062 iisdem
1408 3023 1579 3062 usitatam
1617 3025 1734 3064 fuisse
