2006 3365
233 116 333 161 204
785 114 1308 155 ANIMADVERSIONES

233 228 414 278 Martem,
452 227 597 267 scilicet
627 228 771 266 invidia
801 229 928 279 pueri,
968 241 1073 281 quem
1114 229 1186 267 sibi
1217 229 1420 280 praelatum
1451 243 1473 269 a
1504 230 1654 269 Venere
1696 230 1866 280 videret,

233 310 360 348 aprum
401 297 620 344 immisisse,
660 297 722 335 vel
765 298 883 347 ipsum
926 299 1083 335 irruisse
1122 299 1156 335 in
1188 299 1337 336 sormam
1370 300 1448 349 apri
1481 311 1726 348 conversum,
1768 311 1868 337 com·

233 367 352 404 munis
383 366 518 405 Nonno
548 366 698 405 XXIX.
735 370 826 404 136.
858 366 1023 405 XXXII.
1058 369 1151 405 220.
1181 366 1270 405 XII.
1303 369 1398 404 209.
1437 380 1494 419 sq.
1528 380 1606 405 cum
1645 367 1728 405 aliis
1761 368 1867 405 sabu-

234 433 271 472 la
302 437 376 472 est.
437 434 529 472 lllud
574 436 761 486 proprium
800 435 959 482 Nonne,
1001 436 1255 484 dignissimum
1292 434 1362 473 hoc
1401 435 1620 483 Inventore,
1666 435 1869 473 Vulcanum

233 499 392 549 τεύχεα
419 499 558 552 θήρης
584 503 802 542 fabricatum
836 517 925 542 esse.
956 504 1141 552 Adonidi,
1173 502 1292 542 XLII.
1324 507 1416 541 321.
1482 503 1530 542 Ut
1555 504 1660 555 quasi
1692 504 1870 555 quaedam

237 571 443 609 conlurati0
463 573 574 611 suerit
605 572 755 610 duorum
784 574 944 611 virorum
972 572 1158 621 VeneriS,
1190 572 1348 611 Vulcani
1382 577 1420 610 et
1443 573 1598 621 Martis,
1632 576 1760 610 contra
1791 575 1871 611 ter-

237 640 348 685 tium,
391 640 554 681 Adonin.
616 640 696 679 Alii
738 654 759 679 a
793 641 914 679 Musis
952 643 1123 679 inieetum
1162 654 1320 679 amorem
1361 642 1573 679 venationis
1606 641 1796 689 Adonidi,
1836 643 1874 680 et

237 709 294 746 sic
323 709 473 747 obvium
497 712 630 747 laetum
652 710 767 748 Marti
794 722 944 760 puerum
971 709 1222 748 dictauit-int:
1283 709 1451 748 Tzetzes
1483 711 1516 747 in
1545 710 1637 759 Lye.
1671 713 1765 748 831.
1804 709 1874 748 Fa-

237 779 394 815 vorinus
436 793 474 815 v.
503 770 703 822 2Ἀδωνις.
764 779 845 817 Nec
882 778 1099 825 defuerunt,
1142 779 1200 829 qui
1233 778 1376 816 Dianae
1413 779 1468 815 ira
1506 778 1602 816 illum
1641 779 1875 817 intersectum

238 845 432 884 dicerent:
466 847 511 884 de
543 860 614 899 quo
646 848 820 886 Muretus
848 847 939 885 Var.
971 846 1077 885 Leet.
1110 847 1160 886 V.
1193 862 1263 884 vn.
1326 847 1373 884 Et
1403 846 1450 884 de
1488 845 1687 896 Apolline,
1720 847 1781 898 qui
1811 846 1875 885 A-

238 913 349 952 donin
381 915 633 964 interfecerit,
665 918 826 954 mutatus
859 916 894 953 in
927 928 1075 965 aprum,
1107 915 1359 964 singularem,
1393 918 1430 953 ut
1461 915 1581 959 solet,
1615 915 1774 954 fabulam
1805 914 1875 953 ha-

238 982 304 1021 het
337 982 576 1022 Ptolemaeus
608 984 733 1035 Ileph.
773 998 833 1035 ap.
868 984 1036 1023 Photium
1070 997 1105 1034 p.
1145 986 1233 1022 147.
1274 997 1309 1023 a.
1342 985 1463 1023 Bekk.
1581 985 1801 1035 Propertius
1841 984 1877 1022 in

240 1053 488 1090 excusatione
519 1053 655 1090 amoris
687 1054 836 1099 lurtivi,
869 1052 918 1090 ll.
953 1067 1088 1090 xxxo.
1122 1057 1188 1090 33.

408 1121 511 1173 Ipsa
549 1120 679 1160 Venus
715 1124 898 1175 quamvis
930 1128 1121 1172 corrupta
1153 1121 1320 1161 libidine
1352 1122 1533 1171 Martis,

471 1190 575 1229 IVum
607 1192 733 1229 minus
766 1194 803 1229 in
836 1190 944 1229 coelo
977 1203 1130 1242 semper
1159 1191 1327 1230 honesta
1356 1187 1466 1243 fait?

412 1258 606 1315 Quamvis
641 1260 787 1298 Ida—
807 1266 1011 1311 passorem
1043 1258 1154 1297 dieat
1185 1273 1370 1308 amasse,

468 1329 603 1381 Atque
634 1330 738 1367 inler
766 1328 941 1381 pecudes
976 1327 1218 1366 accubuisse
1249 1328 1374 1367 (leam.

242 1396 305 1434 ubi
336 1395 408 1434 hoc
438 1400 576 1435 certum
610 1399 689 1446 est,
723 1397 891 1447 componi
916 1396 1076 1434 Martem
1107 1395 1334 1444 adulterum,
1367 1408 1445 1434 eum
1476 1396 1594 1435 altero
1625 1397 1767 1435 mortali
1799 1396 1882 1436 Ve-

242 1465 346 1502 neris
385 1465 568 1504 adultero.
639 1466 687 1504 Et
732 1465 1019 1505 Vah-kenarium
1068 1465 1212 1516 quidem
1254 1465 1303 1503 ihi
1344 1465 1390 1502 de
1433 1464 1604 1503 Anchise
1642 1467 1881 1514 cogitavisse

245 1535 412 1583 constat,
454 1534 549 1585 quod
592 1547 657 1585 per
696 1548 740 1573 se
771 1535 962 1573 admodum
995 1533 1206 1584 probabile.
1267 1533 1440 1584 Legebat
1470 1538 1617 1572 autem:
1687 1534 1880 1592 Quamvis

244 1601 325 1640 Ida
354 1602 463 1640 boum
503 1611 706 1655 pastorem
737 1604 849 1643 dicat
880 1617 919 1641 a.
992 1603 1034 1642 Si
1072 1604 1228 1652 Parin,
1262 1602 1323 1641 vel
1358 1604 1517 1652 Parim,
1552 1604 1648 1656 quod
1682 1605 1718 1642 in
1749 1604 1880 1652 libris,

244 1671 431 1709 fatendum
464 1676 544 1720 est,
583 1686 753 1722 magnam
792 1672 890 1712 hanc
922 1684 1010 1711 esse
1041 1672 1231 1709 audaciam
1263 1672 1452 1722 Propertii
1493 1673 1528 1711 ln
1562 1673 1794 1722 ‹lil'lingemla
1825 1675 1882 1710 sa-

245 1739 345 1778 bula.
407 1740 498 1778 Nam
531 1742 590 1792 qui
611 1741 720 1779 Parin
754 1743 1004 1780 consuevisse
1036 1753 1113 1779 cum
1142 1741 1295 1779 Venere
1327 1741 1488 1786 dlxerit,
1523 1743 1697 1779 neminem
1729 1754 1881 1793 usquam

245 1808 342 1857 vidi,
377 1820 423 1847 ne
447 1821 490 1846 ea
521 1809 669 1860 quidem
694 1813 839 1859 aetate,
873 1822 968 1862 quae
1000 1812 1034 1848 in
1066 1808 1203 1847 sabulis
1234 1810 1424 1847 amatoriis
1456 1809 1547 1848 ludit
1573 1810 1742 1848 liberius.
1805 1811 1882 1848 Lu-

248 1877 415 1925 eianum,
451 1881 488 1916 ut
512 1878 683 1928 exemplo
710 1881 813 1928 utar,
845 1878 955 1927 illud,
988 1878 1019 1916 si
1050 1882 1172 1916 notum
1196 1879 1352 1926 suisset,
1385 1881 1474 1928 puto
1502 1879 1741 1917 indicaturum
1766 1879 1884 1917 fuisse

248 1946 284 1982 in
316 1945 456 1983 Iudicio
498 1946 657 1984 Paridis,
720 1945 822 1985 Nihil
862 1946 936 1985 tale
966 1946 1062 1997 apud
1096 1946 1271 1986 Ovidium
1304 1947 1337 1984 in
1371 1947 1542 1997 Epistola
1575 1947 1773 1994 Oenones,
1815 1960 1884 1985 ne-

249 2026 320 2066 que
352 2015 385 2052 in
411 2014 582 2064 Epistola
613 2015 784 2064 Paridis,
818 2028 913 2067 quae
945 2015 994 2054 A.
1016 2016 1159 2054 Sabino
1193 2016 1377 2053 tribuitur.
1440 2016 1539 2054 Nihil
1574 2018 1608 2054 in
1635 2016 1777 2055 Iudicio
1808 2017 1884 2055 Pa-

249 2083 341 2121 ridis
381 2083 476 2133 apud
511 2083 709 2133 Apuleium
749 2083 814 2122 lib.
846 2084 896 2123 X.
930 2087 1026 2123 extr.
1069 2098 1105 2135 p.
1148 2088 1242 2123 255.
1304 2085 1474 2124 Videbar
1515 2084 1598 2122 mihi
1639 2086 1718 2123 eius
1757 2098 1882 2123 narra-

250 2152 362 2189 tionis
392 2153 558 2199 vestigia
587 2152 885 2203 deprehendisse
917 2153 1011 2203 apud
1046 2153 1314 2203 Lampridium,
1346 2154 1381 2191 in
1415 2154 1505 2193 Vlta
1532 2153 1769 2203 Heliogabali
1802 2166 1884 2205 cap.

251 2235 290 2258 v.
329 2220 395 2258 sed
436 2221 516 2257 dum
556 2221 684 2258 iterum
727 2222 911 2272 inspicio,
954 2221 1051 2259 nulla
1084 2234 1172 2260 esse
1204 2224 1297 2260 satis
1330 2229 1433 2260 certa
1465 2222 1651 2271 intelligo.
1713 2221 1885 2262 Comme-

251 2291 392 2326 morato
419 2288 557 2326 Martis
588 2289 769 2328 adulterio
802 2291 1010 2339 mortalem,
1044 2290 1260 2338 Anchisen,
1294 2291 1462 2339 adiungit
1496 2291 1545 2329 A.
1572 2291 1736 2330 Sabinus
1761 2292 1884 2342 Epist.

252 2356 320 2396 ΙΙΙ.
355 2359 420 2394 63.
453 2369 535 2408 sqq.
566 2360 603 2395 et
634 2358 689 2395 sic
720 2358 792 2395 alio
826 2359 1004 2409 consilio,
1038 2360 1073 2397 in
1106 2360 1184 2398 suis
1216 2359 1554 2408 disputationibus,
1590 2360 1753 2398 Veneris
1783 2373 1885 2398 amo-

253 2438 340 2474 res,
381 2425 565 2475 Martem,
608 2425 827 2476 Anchisen,
869 2428 1045 2477 Adonin,
1084 2426 1267 2466 cumulant
1309 2426 1482 2466 Clemens
1521 2428 1638 2467 Alex.
1670 2428 1884 2473 Arnohius‚

254 2495 444 2533 Firmicus.

341 2563 402 2602 Ad
435 2563 552 2601 eredo
591 2576 716 2614 parum
747 2569 834 2614 apta
866 2569 971 2609 sunt,
1014 2577 1107 2616 quae
1140 2564 1330 2604 Arnoldus
1362 2567 1508 2604 confert
1538 2565 1722 2616 exempla.
1781 2565 1887 2615 Apta

256 2632 378 2670 haee:
425 2631 562 2671 Catulli
608 2643 719 2669 carm.
762 2632 810 2670 ΙΙ.
853 2633 977 2688 Quam
1026 2634 1228 2672 desiderio
1270 2648 1350 2673 meo
1391 2637 1530 2673 m'lenti
1568 2635 1713 2673 Caram
1751 2636 1886 2672 neseio

259 2701 354 2753 qaid
385 2700 490 2740 lubet
520 2702 673 2748 iocari,
707 2702 762 2739 Et
793 2702 1021 2741 solaciolum
1053 2705 1119 2741 sai
1150 2704 1330 2742 doloris:
1375 2702 1520 2751 Credo,
1566 2710 1607 2742 uc
1636 2712 1713 2741 [nm
1741 2705 1886 2752 yravz's

258 2774 496 2824 acquiescat
534 2770 669 2808 ardor.
730 2770 866 2809 Idem:
929 2771 1074 2822 Credo,
1112 2774 1175 2811 sie
1212 2781 1359 2822 mater,
1401 2777 1462 2812 sie
1502 2772 1625 2812 Liber
1661 2772 1886 2811 avunculus

259 2841 372 2887 eius,
406 2842 480 2878 etc.
541 2838 655 2878 Ovid.
688 2840 810 2889 Epist.
842 2839 952 2878 XVI.
986 2845 1051 2879 89.
1109 2842 1273 2893 suerat,
1307 2845 1346 2882 ut
1375 2841 1499 2893 paullo
1530 2842 1641 2879 ante:
1704 2840 1887 2881 Commio

260 2908 404 2948 similis
436 2909 556 2947 suerat
585 2908 816 2948 mortalibus
849 2909 948 2948 illis.

345 2976 453 3017 tVne
482 2977 605 3017 Paris.
641 2977 712 3017 IV.
749 2977 859 3018 Tune
888 2978 987 3018 Mut.
1029 2991 1145 3031 super
1175 2980 1292 3020 credo
1323 2980 1358 3018 in
1389 2979 1510 3018 Paris.
1541 2976 1609 3016 ΙΙΙ.
1643 2990 1761 3029 spero
1794 2979 1887 3018 scri-
