1970 3350
238 230 271 274 4
810 222 1033 266 VALERII
1064 220 1303 264 CATONIS

241 332 361 378 Hinc
398 349 536 378 aurae
573 331 758 385 dulces,
797 328 905 374 111110
942 329 1102 373 suavis
1140 329 1329 388 spiritus
1367 330 1490 389 agri,

240 437 427 482 Mutent
462 434 707 497 pestiferos
744 439 925 488 aestuS,
963 436 1009 476 et
1044 436 1164 476 tetra
1200 446 1398 477 venena.

243 539 407 586 Dulcia
442 553 534 583 non
571 537 738 593 oculis,
775 551 867 581 non
904 535 1092 581 auribus
1129 534 1226 579 ulla
1263 534 1484 579 ferantur.

239 642 321 689 Sic
356 657 540 703 precor:
578 647 623 686 et
659 641 830 685 nostris
867 645 1087 700 superent
1123 638 1238 683 haec
1275 638 1478 682 carmina
1514 639 1650 682 votis.

240 745 486 801 Ludimus,
524 750 569 790 et
604 744 800 789 multum
837 743 1008 787 nostris
1046 748 1231 786 cantata
1267 740 1461 795 libellis,

241 850 426 910 Optima
463 848 710 904 silvarum,
748 847 961 892 formosis
999 845 1143 890 densa
1179 846 1367 900 viretis,

241 952 478 998 Tondebis
515 951 690 997 virides
728 950 936 1005 umbras,
974 965 1060 994 nec
1089 949 1213 994 laeta
1250 950 1472 994 comantis

238 1056 438 1102 lactabis
477 1055 628 1099 mollis
667 1070 816 1099 ramos
855 1053 1124 1098 inflantibus
1163 1054 1309 1103 auris,

239 1160 340 1206 Nec
377 1159 488 1204 mihi
525 1174 664 1219 saepe
701 1172 852 1202 meum
888 1157 1123 1201 resonabit
1161 1155 1353 1201 Battare
1390 1169 1597 1199 carmen:

238 1263 404 1308 Militis
442 1263 581 1322 impia.
617 1276 756 1323 quom
792 1259 1010 1305 succedet
1047 1259 1242 1305 dextera
1278 1260 1424 1308 ferro,

239 1366 580 1427 Formosaeque
618 1364 784 1409 cadent
820 1363 1035 1417 umbrae,
1073 1363 1315 1407 formosior
1352 1362 1445 1406 illis

239 1470 347 1531 Ipsa
384 1469 546 1520 cades,
583 1469 758 1514 veteris
797 1467 967 1511 domini
1004 1466 1158 1511 felicia
1197 1466 1346 1526 ligna,

241 1574 579 1636 Nequicquam.
619 1572 806 1618 Nostris
843 1572 996 1632 potius
1034 1570 1203 1615 devota
1240 1569 1436 1623 libellis,

238 1677 432 1738 Ignibus
470 1676 687 1722 aetheriis
724 1675 955 1736 flagrabit.
1000 1674 1234 1735 Iuppiter:
1272 1674 1369 1734 ipse

239 1782 449 1843 luppiter
485 1780 605 1825 hanc
642 1780 781 1824 aluit:
820 1780 934 1824 cinis
972 1778 1086 1823 haec
1122 1777 1206 1822 tibi
1243 1777 1323 1822 fiat
1360 1784 1553 1837 oportet.

242 1885 440 1930 'l'hrecis
476 1891 573 1930 tum
612 1882 791 1929 Boreae
829 1884 1006 1944 spirent
1042 1882 1259 1925 immania
1295 1882 1448 1931 vires,

241 1989 394 2034 Eurus
432 1995 541 2048 agat
577 1989 772 2032 mixtam
808 1987 943 2032 fulva
979 1985 1180 2045 caligine
1211 1984 1405 2037 nubem,

240 2093 430 2138 Africus
469 2093 704 2136 immineat
740 2090 908 2135 nimbis
946 2089 1265 2134 minitantibus
1304 2088 1522 2141 imbrem,

242 2198 392 2252 Quom
429 2203 509 2240 tua
545 2210 723 2255 cyaneo
762 2193 1067 2254 resplendens
1105 2193 1292 2238 aethere
1330 2192 1453 2236 silva

243 2299 418 2345 Noscet
456 2300 542 2343 iter
579 2298 751 2342 ducens
790 2296 966 2349 Erebo,
1002 2303 1102 2351 tua,
1140 2296 1316 2355 Lydia,
1355 2294 1492 2339 Ditis.

243 2405 439 2450 Vicinae
478 2403 690 2447 {lammae
729 2403 910 2462 rapiant
948 2416 1010 2445 ex
1047 2399 1205 2444 ordine
1243 2400 1393 2445 vites.

244 2508 504 2553 Pascuntur
541 2513 748 2565 segetes,
786 2503 967 2549 diffusis
1005 2503 1190 2563 ignibus
1229 2518 1342 2547 aura

246 2609 554 2662 Transvolet,
592 2608 833 2654 arboribus
871 2609 1122 2668 coniungat
1159 2613 1204 2651 et
1240 2605 1377 2650 ardor
1413 2606 1592 2650 aristas.

248 2715 432 2760 Pertica
469 2730 561 2774 qua
597 2719 778 2757 nostros
816 2719 988 2757 metata
1025 2716 1095 2755 est
1133 2711 1270 2771 impia
1309 2709 1513 2768 agellos,

251 2820 355 2874 Qua
392 2818 535 2862 nostri
572 2816 689 2859 fines
727 2815 860 2870 olim,
900 2816 1015 2859 cinis
1052 2816 1205 2859 omnia
1242 2814 1370 2859 fiant.

252 2922 332 2967 Sic
370 2936 553 2982 precor:
591 2925 637 2964 et
673 2920 842 2963 nostris
880 2924 1100 2980 superent
1136 2918 1252 2963 haec
1288 2918 1493 2962 carmina
1530 2916 1667 2961 votis.

252 3025 435 3073 Undae,
474 3040 592 3086 quae
629 3024 800 3070 vestris
836 3023 1034 3084 pulsatis
1071 3022 1228 3067 littora
1268 3019 1497 3081 lymphis,

254 3128 456 3183 Littora,
494 3144 613 3188 quae
651 3126 799 3171 dulcis
836 3142 973 3172 auras
1011 3124 1266 3170 diffunditis
1304 3124 1454 3183 agris,

1814 1155 1882 1198 30

1817 1674 1883 1718 35

1821 2191 1887 2235 40

1825 2708 1890 2752 45
