2006 3365
272 124 372 170 264
873 119 1238 162 DISSERTATIO
1270 122 1319 161 11.

271 234 524 286 Περιαλγής
553 234 726 286 Toupius
757 233 847 275 Cur.
869 235 1030 275 Noviss.
1064 237 1099 274 in
1127 236 1233 275 Suid.
1265 250 1303 288 p.
1325 240 1420 276 266.
1444 237 1502 276 ed.
1536 236 1640 289 Lips.
1673 237 1908 289 approbante

269 304 468 343 Meinekio
500 303 657 356 Quaest.
694 302 810 343 Scen.
843 303 893 343 11.
925 318 962 356 p.
989 308 1055 343 22.
1116 304 1210 344 lllud
1244 307 1420 344 nemiuem
1452 307 1573 356 sugit,
1607 320 1711 359 quam
1744 306 1908 355 egregie

269 371 503 410 exacerbato
535 372 677 410 recenti
710 373 842 410 iniuria
885 375 1005 412 animo
1045 374 1174 413 titulus
1214 374 1447 425 Indiynatio
1485 377 1701 414 conveniat.
1762 374 1905 428 Quodsi

268 452 379 489 sero,
419 452 559 491 senex,
598 441 633 479 in
672 442 841 480 terminis
880 443 1005 487 vitae,
1048 442 1121 481 hoc
1173 443 1244 481 sibi
1293 443 1528 481 scribendum
1569 444 1821 493 sumpsisset,
1870 446 1908 481 et

266 510 424 560 questus
456 512 585 559 esset,
619 512 657 549 ut
687 513 803 561 puto,
837 512 982 561 lenius,
1015 514 1051 550 et
1084 511 1226 550 titulum
1258 512 1416 550 fecisset
1446 511 1576 560 alium,
1603 510 1905 559 l‘ortassehunc,

265 577 492 635 Querelae:
539 581 580 617 ut
616 578 686 618 suit
728 580 987 635 Querelmwn
1034 581 1130 618 liber
1177 579 1384 628 Caecinae,
1433 581 1599 631 pedestri
1640 579 1702 618 ille
1733 580 1906 618 oratione

263 646 454 697 scriptus,
488 644 568 686 Cic.
591 647 713 699 Epist.
746 649 791 687 ad
825 649 1051 698 Caecinam,
1084 649 1152 688 VI.
1185 665 1239 687 v1.
1302 648 1397 701 Quid
1430 650 1608 700 seriptum
1641 649 1675 686 in
1710 649 1903 700 Indz’yna-

262 717 370 754 tione
399 715 534 765 fuerit,
576 720 666 768 post
704 730 749 757 ea
780 730 874 771 quae
913 718 1039 769 paullo
1079 725 1165 757 ante
1204 731 1253 756 ex
1299 718 1483 756 Suetonio
1522 718 1736 768 disputavi,
1783 717 1905 756 lacilis

262 783 468 835 explicatio
499 787 571 825 est.
631 786 820 826 Narrabat
851 788 1033 836 originem
1065 800 1191 837 suam,
1231 787 1452 833 orbitatem,
1487 786 1571 824 hine
1603 787 1785 838 quomodo
1814 799 1904 837 spo-

260 850 374 891 liatus
413 855 541 903 esset3
587 854 837 894 invehebatur
876 856 911 893 in
954 855 1239 894 calumniatores
1277 868 1389 903 suus,
1436 855 1739 907 iniquitatemque
1780 855 1904 893 iudicii

263 922 539 961 exsecrabatur
578 921 691 961 multa
731 935 809 962 cum
851 923 1102 962 vehementia.
1165 924 1334 975 Denique
1372 925 1406 962 in
1448 927 1639 971 extremo,
1682 926 1721 962 ut
1758 924 1903 962 conieci

261 1002 399 1041 supra,
433 991 495 1029 ubi
526 991 572 1029 de
611 990 796 1040 Battaro,
835 993 994 1030 carmine
1025 993 1126 1031 diras
1159 1006 1254 1042 agro
1286 993 1356 1031 iam
1389 1005 1461 1031 non
1493 1005 1561 1031 suo
1594 992 1783 1031 indicebat
1813 992 1902 1031 bre-

260 1057 383 1098 viter:
416 1058 451 1096 id
484 1059 581 1111 quod
614 1072 664 1098 ex
696 1059 866 1098 Dirarum
900 1072 1012 1098 versu
1047 1066 1084 1099 3.
1118 1061 1323 1110 colligitur.

344 1127 430 1166 Non
461 1128 575 1167 multo
606 1131 696 1178 post
741 1129 875 1168 Diras
919 1130 1031 1178 fecit,
1081 1143 1189 1182 quum
1235 1130 1450 1179 accepisset
1488 1129 1666 1168 militibus
1706 1129 1828 1167 datum
1860 1130 1903 1168 iri

258 1207 404 1245 agrum.
465 1195 690 1249 Quamquam
732 1210 851 1249 neque
897 1200 1064 1247 tempus,
1107 1198 1202 1250 quod
1245 1199 1342 1236 inter
1381 1201 1573 1250 utrumque
1605 1210 1751 1236 carmen
1783 1198 1900 1237 inter-

255 1264 396 1313 fuerit,
442 1264 621 1313 detinire,
665 1277 787 1318 neque
829 1267 1012 1318 quomodo
1054 1268 1190 1305 sactum
1231 1267 1306 1314 sit,
1347 1269 1386 1304 ut
1422 1266 1601 1304 militibus
1640 1267 1904 1315 assignaretur

258 1331 419 1373 Catonis
449 1346 568 1384 ager,
602 1334 860 1373 demonstrare
887 1337 1080 1388 quisquam
1107 1348 1175 1386 pro
1201 1339 1304 1373 certo
1332 1336 1483 1385 poterit.
1546 1334 1663 1373 Unum
1696 1335 1755 1373 hie
1788 1335 1902 1374 obiici

257 1402 396 1451 video,
432 1406 562 1442 contra
595 1415 673 1442 eam
705 1404 949 1451 sententiam,
983 1405 1079 1443 satis
1110 1416 1178 1455 per
1209 1416 1250 1441 se
1281 1403 1512 1454 probabilem
1544 1417 1589 1443 ac
1620 1404 1700 1442 veri
1726 1404 1901 1454 similem,

259 1483 331 1522 qua
361 1483 475 1522 supra
514 1473 548 1510 in
589 1473 753 1520 Gallia,
787 1473 810 1510 i.
845 1485 878 1510 e.
923 1472 1145 1524 Cisalpina,
1190 1485 1319 1522 agrum
1361 1473 1478 1511 luisse.
1524 1471 1681 1512 Catonis
1724 1473 1900 1512 conieci:

259 1539 408 1578 dubium
441 1552 552 1589 esse,
596 1553 641 1579 an
680 1554 855 1590 agrorum
897 1542 994 1580 inter
1024 1545 1228 1581 veteranos
1261 1542 1398 1580 divisio
1432 1554 1496 1590 ea,
1544 1554 1638 1594 quae
1670 1541 1801 1580 Sullae
1832 1542 1900 1580 im-

258 1609 366 1658 perio
399 1610 497 1648 sacta
529 1613 612 1658 est,
647 1609 802 1649 Galliam
829 1612 1033 1650 attinuerit.
1096 1609 1256 1659 Pighius
1283 1611 1426 1661 quidem
1448 1611 1603 1649 affirmat
1622 1613 1755 1649 sactum
1789 1623 1898 1658 esse,

260 1677 296 1715 in
328 1676 542 1716 Annalibus
574 1690 658 1716 ann.
693 1678 925 1718 DCLXXll.
949 1692 1042 1729 pag.
1068 1682 1162 1717 265.
1197 1679 1338 1729 Leyem
1357 1679 1526 1732 denique
1556 1682 1762 1730 agyrarz‘am
1791 1680 1898 1728 tulit,

263 1758 344 1799 qua
377 1746 411 1786 V
408 1747 744 1797 alaterranornm,
766 1748 1052 1787 Fesnlanorum
1083 1751 1122 1787 in
1139 1748 1334 1796 Etruria,
1367 1748 1613 1802 aliorumque
1639 1748 1903 1800 perduellium

261 1828 386 1866 agros
419 1818 460 1854 in
491 1817 657 1864 Gallia,
705 1817 890 1865 Umbria,
937 1817 1083 1864 Latio,
1116 1818 1362 1868 Campania,
1402 1817 1585 1865 Samnio,
1627 1818 1804 1870 altisque
1831 1830 1904 1869 per

259 1883 427 1923 Italiam
467 1885 695 1935 reqionibus
739 1885 994 1937 publicauit,
1038 1891 1159 1939 atque
1196 1885 1415 1935 leytonibus
1449 1888 1538 1924 suis
1572 1886 1729 1925 divisit.
1793 1885 1900 1934 Ego,

261 1951 418 1991 Galliam
457 1954 553 2005 quod
588 1955 743 2002 attinet,
788 1953 861 1992 hoc
894 1956 1030 1992 tantum
1063 1954 1215 1991 invenio
1246 1954 1342 2004 apud
1375 1955 1584 2004 scriptores
1615 1955 1810 2006 antiquos,
1843 1954 1902 1992 diu

260 2021 441 2059 inimicam
475 2022 606 2062 Sullae
638 2024 756 2061 fuisse
776 2021 952 2071 Galliam,
987 2025 1024 2061 et
1055 2034 1163 2070 sere,
1199 2023 1233 2060 id
1267 2028 1349 2066 est,
1383 2026 1471 2072 post
1493 2021 1681 2061 Carbonis
1712 2022 1903 2061 Norbani-

262 2102 334 2141 que
364 2091 460 2140 apud
485 2091 702 2130 Faventiam
734 2090 893 2134 cladem⁷
928 2091 1146 2143 facinusque
1166 2091 1424 2139 Albinovani,
1456 2092 1501 2130 ad
1523 2091 1715 2130 Metellum
1738 2091 1901 2131 Sullam-

262 2171 334 2210 que
373 2160 587 2198 transisse:
644 2161 811 2210 Appian.
859 2161 902 2198 Β.
944 2158 988 2198 C.
1021 2159 1050 2198 I.
1085 2175 1258 2198 Lxxxv1.
1298 2163 1336 2199 et
1374 2176 1472 2198 xcu.
1540 2161 1649 2199 Hanc
1688 2161 1828 2210 igitur,
1867 2162 1905 2199 et

261 2227 421 2265 maxime
454 2228 633 2267 civitates
659 2228 805 2266 Galliae
838 2241 924 2277 eas,
963 2241 1058 2280 quae
1088 2242 1180 2279 prae
1210 2229 1294 2267 aliis
1320 2242 1361 2267 se
1387 2230 1602 2279 pertinaces
1627 2230 1900 2278 ostendissent,

264 2297 395 2335 eodem
427 2297 535 2334 modo
566 2309 588 2335 a
619 2296 726 2336 Sulla
757 2296 907 2335 habitas
949 2310 1057 2343 esse,
1098 2310 1170 2349 quo
1203 2297 1332 2336 habuit
1363 2297 1481 2346 alios,
1522 2299 1758 2348 proscriptos
1791 2311 1899 2347 esse,

262 2377 384 2414 agros
415 2365 654 2416 publicatos,
687 2366 879 2404 admodum
912 2365 1108 2416 probabile
1141 2369 1212 2404 est.
1275 2365 1380 2405 Unde
1421 2366 1532 2404 facile
1572 2366 1755 2405 coniicias
1795 2368 1901 2405 otiam

262 2432 337 2472 hoc
366 2446 575 2485 perpessos
608 2447 716 2483 esse,
759 2438 797 2473 ut
837 2436 872 2472 in
914 2435 1086 2485 praedam
1118 2435 1295 2473 cederent
1342 2436 1544 2473 veteranis.
1614 2434 1798 2486 Sigonius
1844 2435 1902 2474 De

262 2503 413 2555 antiquo
446 2503 524 2541 iure
559 2502 644 2541 Ital.
685 2503 767 2541 Lib.
801 2503 868 2541 ill.
910 2516 992 2554 cap.
1026 2519 1079 2542 1v.
1123 2505 1218 2543 inter
1249 2516 1339 2553 eos,
1383 2505 1443 2556 qui
1485 2516 1552 2554 pro
1585 2505 1741 2542 inimicis
1774 2503 1902 2542 Sullae

263 2573 463 2621 steterint,
504 2574 542 2611 et
579 2585 673 2624 quos
713 2573 797 2610 inde
841 2574 1021 2611 acerrime
1059 2575 1322 2624 persequutum
1362 2585 1451 2611 esse
1490 2572 1629 2611 Sullam
1671 2573 1751 2611 veri
1783 2572 1901 2611 simile

263 2642 335 2687 sit,
368 2653 417 2679 ex
449 2639 570 2679 Gallis
602 2639 808 2691 Cisalpiuis
840 2642 1070 2680 Faventinos
1102 2643 1284 2688 nominat,
1318 2645 1355 2680 et
1386 2642 1661 2680 Ravennates:
1702 2653 1771 2678 non
1805 2641 1901 2679 satis

262 2711 345 2749 scio
378 2722 450 2762 quo
482 2714 650 2748 auctore.
712 2709 813 2748 Sane
844 2710 1073 2749 Faventinos
1100 2710 1287 2748 adversus
1308 2709 1448 2748 Sullam
1481 2711 1637 2748 stetisse
1668 2711 1753 2747 ante
1784 2721 1901 2759 proe-

263 2779 349 2818 lium
381 2780 468 2818 illud
500 2779 596 2830 apud
629 2779 869 2826 Faventiam,
918 2779 964 2817 de
996 2791 1067 2830 quo
1100 2779 1300 2830 Appianus
1333 2781 1365 2818 1.
1406 2794 1487 2817 xm.
1520 2779 1649 2817 Livius
1680 2777 1781 2827 Epit.
1815 2777 1898 2816 Lib.

262 2864 468 2887 Lxxxvm.
518 2847 687 2886 Velleius
725 2846 774 2885 ΙΙ.
810 2862 959 2895 xxvm,
1018 2851 1052 2885 l.
1095 2850 1283 2898 referunt,
1317 2851 1453 2886 certum
1496 2846 1657 2885 videtur.
1724 2845 1772 2885 Et
1802 2847 1900 2897 apud

262 2916 407 2955 Florum
430 2916 496 2955 ΙΙΙ.
526 2932 615 2964 xxi,
652 2917 717 2954 27.
751 2928 819 2966 pro
853 2928 918 2964 ee,
952 2917 1048 2968 quod
1082 2929 1177 2955 nunc
1207 2917 1258 2954 ibi
1291 2917 1450 2963 editum,
1482 2916 1706 2962 Florentia,
1742 2914 1899 2964 Scheg-

262 2985 346 3023 kius
376 2985 421 3024 ad
454 2985 594 3025 Vellei.
628 2983 652 3023 l.
693 2983 718 3022 l.
761 2984 962 3024 Faventia
1003 2984 1081 3035 legi
1124 2985 1268 3025 voluit:
1314 2997 1408 3037 quae
1449 2986 1568 3023 tamen
1610 2982 1718 3022 valde
1758 2982 1900 3023 lubrica
