2006 3365
266 146 368 189 368
871 139 1235 181 DISSERTATIO
1267 141 1336 182 lv.

265 257 338 297 hoc
369 259 501 298 saltem
532 257 616 296 loco
647 257 755 295 aliam
786 257 987 295 editionem
1020 258 1206 295 vetustam
1239 256 1282 294 ad
1316 269 1456 294 manum
1488 258 1608 296 fuisse
1635 257 1802 297 librario.
1835 258 1909 297 Ni-

265 327 315 366 hil
349 331 491 378 exputo
524 325 620 377 quod
656 325 854 376 probabile
885 326 949 363 sit.
1010 324 1072 363 Ad
1115 324 1321 375 Epistolam
1363 324 1543 376 Episcopi
1578 326 1791 365 Aleriensis
1822 332 1911 377 post

266 397 388 434 verba
418 397 458 433 in
487 396 655 447 primam
700 394 863 446 ViJ-yilii
894 395 1219 446 impressionem,
1263 393 1319 431 ad
1358 392 1531 432 Paulum
1562 394 1622 433 ΙΙ.
1679 395 1911 447 Pontificem

266 465 385 503 Mam.
421 462 515 501 baec
547 464 690 502 inserta
720 466 807 501 sunt
839 463 873 500 in
906 463 989 501 cod.
1023 461 1263 510 Basileensi‚
1305 462 1373 500 sed
1406 475 1426 499 a
1458 475 1561 501 manu
1595 462 1841 512 negligenti,
1874 466 1911 502 et

264 545 358 584 quae
391 531 522 569 codice
555 532 637 582 ipso
671 532 858 569 recentior
881 535 962 569 est:
996 533 1108 569 eirca
1134 544 1277 568 (ιηηιιηι
1302 531 1446 569 christi
1472 533 1589 570 1465.
1651 531 1758 584 Quae
1779 533 1911 570 conie-

264 605 369 640 ctura
399 602 459 638 est
491 599 537 638 de
569 612 666 638 anno
699 600 876 638 editionis
908 599 1099 638 Romanae
1131 598 1159 637 1.
1193 599 1345 646 infelix,
1380 603 1418 637 ut
1450 600 1545 638 infra
1576 600 1910 639 demonstrabitur.

349 667 506 709 Codicis
547 668 802 716 Basileensis‚
843 667 905 706 vel
945 669 1069 719 potius
1103 669 1263 706 virorum
1296 668 1488 706 doctorum
1520 669 1554 706 in
1588 682 1632 708 eo
1666 670 1799 708 codice
1831 670 1911 708 sin-

263 738 414 787 gularia
447 739 550 776 suere
590 740 680 776 fata.
751 737 907 776 Primam
949 738 1030 775 eius
1069 738 1286 775 mentionem
1325 738 1360 774 in
1400 737 1573 787 Epistola
1604 739 1652 777 N.
1687 738 1834 777 Heinsii
1867 739 1912 777 ad

265 807 293 845 1.
313 806 358 845 G.
381 806 584 846 Graevium
605 806 653 845 T.
672 806 741 846 IV.
761 806 863 857 Syll.
884 807 1006 844 Burm.
1040 819 1076 856 p.
1103 809 1194 844 148.
1227 806 1400 857 reperio3
1434 807 1482 844 cf.
1509 807 1598 844 ibid.
1617 820 1654 857 p.
1689 807 1783 847 236.
1846 808 1914 846 Est

266 876 360 915 baec
393 876 518 915 statim
550 887 675 926 parum
715 878 890 914 accurata
928 874 1120 926 loquutio,
1164 888 1234 926 qua
1276 875 1387 912 etiam
1432 874 1666 913 Burmannus
1714 875 1833 926 Epist.
1867 875 1912 914 ad

264 945 450 996 Hoppimn
484 959 520 996 p.
554 960 617 982 ιν.
650 945 785 993 utimr,
818 945 945 983 codex·
963 944 1259 983 Cataleclorum
1283 943 1592 993 Vir-(sitianormn
1617 944 1911 984 Basiceensis:

265 1015 348 1067 quis
381 1015 474 1053 enim
507 1015 567 1065 qui
600 1013 671 1051 boc
701 1012 870 1062 legerit,
905 1012 1072 1050 codicem
1104 1013 1226 1051 omnia
1258 1012 1412 1061 Virgilii
1445 1025 1559 1063 opera
1589 1015 1701 1064 atque
1733 1013 1915 1064 opuscula

266 1083 574 1134 complectentem
608 1078 841 1132 exspectat?
900 1082 958 1120 Ex
992 1093 1036 1119 co
1070 1082 1199 1120 codice
1232 1085 1414 1132 excerpta
1444 1082 1489 1119 ad
1523 1079 1628 1120 Cirin
1651 1083 1810 1121 Heinsio
1843 1083 1914 1120 mi-

264 1155 368 1190 serat
398 1151 453 1190 Io.
487 1150 676 1201 Rodolpli.
712 1150 975 1198 Wetstenius‚
1013 1149 1275 1188 Bibliothecae
1302 1150 1419 1187 Basil.
1453 1152 1526 1188 tum
1556 1152 1788 1201 praefectus.
1837 1151 1914 1189 Ea-

265 1222 346 1259 dem
377 1234 426 1258 ex
459 1219 614 1258 schedis
648 1219 708 1258 vel
751 1232 801 1257 ex
846 1218 970 1271 aliquo
1015 1218 1221 1268 exemplari
1264 1219 1437 1266 lleinsii‚
1485 1220 1774 1258 communicante
1813 1219 1915 1258 Bur—

264 1302 418 1337 manno,
454 1288 692 1328 Schraderus
725 1287 886 1326 habuit:
920 1290 968 1327 cs.
1002 1287 1205 1327 Schraderi
1240 1287 1542 1326 Emendationum
1574 1286 1669 1326 liber
1701 1301 1736 1338 p.
1761 1291 1827 1327 31.
1847 1291 1913 1327 54.

266 1362 332 1396 56.
366 1358 470 1397 alibi.
540 1358 690 1396 Rursus
731 1371 780 1395 ex
823 1358 993 1406 margine
1034 1356 1119 1394 libri
1161 1355 1342 1404 alicuius,
1386 1356 1420 1394 in
1462 1369 1568 1407 quem
1611 1368 1657 1394 ea
1702 1358 1916 1396 coniecerat

266 1427 529 1476 Schraderus,
574 1428 703 1466 eadem
744 1428 793 1465 ΙΙ.
835 1427 1152 1473 Friesemannus‚
1191 1424 1258 1462 sed
1301 1425 1368 1462 iam
1414 1437 1486 1462 non
1528 1424 1670 1463 eadem.
1732 1424 1915 1478 Quantum

265 1499 358 1535 enim
391 1496 507 1546 longa
541 1498 624 1542 via,
674 1497 755 1534 dum
788 1509 836 1534 ex
871 1508 941 1534 uua
972 1507 1077 1533 manu
1109 1495 1143 1532 in
1176 1492 1329 1532 alteram
1362 1493 1580 1542 traduntur,
1628 1493 1813 1533 lectiones
1846 1506 1914 1532 co-

266 1566 362 1604 dicis
396 1565 653 1613 Rasum—usis,
687 1565 818 1603 neseio
853 1567 969 1603 utrum
1009 1563 1130 1615 aliqua
1163 1563 1365 1600 Wetstenii
1398 1574 1442 1600 an
1478 1562 1625 1600 Heinsii
1672 1562 1803 1614 culpa,
1847 1564 1913 1602 sed

267 1636 388 1684 magis
421 1638 509 1685 puto
544 1634 770 1676 Schraderi,
804 1637 842 1672 et
872 1634 1028 1670 maxime
1060 1631 1314 1670 Friesemanni
1349 1630 1458 1680 culpa
1490 1642 1534 1668 ac
1566 1630 1913 1680 negligentia‚i·n-

267 1707 427 1742 mutatae
459 1715 502 1741 ac
534 1703 760 1740 deformatae
793 1702 949 1749 suerint,
992 1701 1060 1738 vix
1101 1700 1172 1737 dici
1219 1699 1349 1737 verbis
1393 1702 1456 1737 aut
1488 1700 1589 1738 credi
1621 1699 1740 1738 oculis
1773 1704 1912 1752 potest.

267 1772 352 1811 Non
384 1771 468 1809 dico
502 1772 673 1809 usitatam
706 1770 851 1818 multis,
885 1770 945 1821 qui
978 1768 1097 1807 libros
1131 1770 1351 1816 conserunt,
1399 1767 1695 1819 negligentiam,
1730 1769 1915 1818 vulgares

267 1852 440 1878 errores:
474 1840 524 1877 ita
556 1838 642 1876 illae
675 1839 883 1877 immutatae
916 1842 1025 1885 sunt,
1071 1841 1108 1875 ut
1139 1849 1258 1888 saepe
1290 1837 1335 1874 de
1369 1849 1437 1884 eo,
1471 1836 1568 1888 quod
1603 1838 1637 1875 in
1671 1839 1805 1876 codice
1838 1840 1916 1877 ssa-

268 1909 423 1947 sileeusi
456 1908 634 1958 scriptum
667 1919 754 1945 esse
774 1907 1059 1945 Friesemzmnus
1091 1906 1203 1954 dicit,
1237 1918 1354 1956 saepe
1386 1918 1455 1943 nec
1489 1906 1575 1943 vola
1609 1918 1678 1944 nee
1711 1907 1916 1955 vestigium

266 1979 450 2028 appareat
481 1978 517 2014 in
559 1977 687 2014 codice
735 1975 961 2013 Basili-ensi.
1033 1974 1099 2012 Sic
1145 1975 1241 2025 quod
1276 1974 1514 2013 Scliraderus
1546 1975 1741 2014 Emendat.
1775 1989 1812 2026 p.
1850 1979 1915 2015 56.

267 2046 402 2084 scribit
434 2047 468 2083 in
502 2044 580 2084 Ciri
613 2058 649 2083 v.
685 2048 778 2083 218.
825 2044 988 2082 codicem
1031 2043 1289 2081 Basileensem
1336 2045 1537 2082 nictantia
1578 2043 1717 2082 babere
1749 2046 1782 2083 in
1817 2057 1916 2083 mar-

266 2115 383 2163 gine,
416 2115 561 2153 omnino
595 2113 725 2151 salsum
759 2116 848 2151 est:
894 2112 1129 2151 Basileensis
1162 2113 1197 2149 in
1239 2124 1352 2150 versu
1385 2113 1468 2162 ipso
1500 2116 1688 2152 nutante'a
1720 2113 1834 2152 habet
1866 2115 1917 2152 ita

267 2185 473 2233 scriptum,
509 2186 546 2221 ut
578 2184 685 2221 etiam
716 2184 921 2221 nictancia
955 2181 1087 2230 legere
1120 2181 1269 2232 possis,
1305 2193 1383 2218 nam
1414 2187 1430 2219 t
1462 2186 1499 2219 et
1530 2195 1551 2220 e
1583 2181 1752 2227 litterae,
1773 2182 1916 2220 diserte

268 2255 439 2290 monente
472 2251 738 2295 Broenunelio,
772 2252 806 2289 in
839 2250 908 2289 hac
941 2251 1154 2301 posteriore
1187 2250 1328 2287 codicis
1363 2253 1467 2299 parte
1500 2250 1612 2288 valde
1644 2253 1730 2288 sunt
1751 2251 1846 2288 inter
1872 2263 1915 2288 se

268 2321 432 2364 similes,
478 2324 515 2358 et
554 2321 620 2358 vix
662 2320 799 2372 ubique
831 2319 1146 2368 dignoscendaeg
1195 2319 1229 2356 in
1261 2319 1431 2366 margine
1464 2317 1566 2356 nibil.
1628 2318 1916 2357 Friesemannus

269 2391 303 2428 in
338 2389 550 2428 Basileensi
584 2388 630 2426 ad
656 2386 734 2427 Cir.
768 2401 805 2426 v.
834 2391 895 2425 1-1.
929 2390 966 2425 et
999 2400 1126 2425 rursus
1158 2387 1202 2425 ad
1236 2400 1274 2424 v.
1296 2390 1388 2424 148.
1422 2387 1467 2424 ad
1502 2400 1539 2424 v.
1564 2389 1659 2426 294.
1693 2388 1737 2425 ad
1761 2401 1796 2425 v.
1819 2391 1914 2426 321.

268 2459 407 2511 aliquid
453 2458 679 2508 adscriptum
721 2469 809 2495 esse
853 2456 989 2495 tradit:
1021 2460 1082 2505 at,
1115 2457 1197 2507 quis
1230 2450 1387 2494 eredat?
1418 2467 1458 2493 re
1490 2468 1585 2493 vera
1616 2455 1702 2494 nihil
1728 2456 1914 2508 quippiam

269 2529 315 2566 ad
350 2528 418 2566 lios
450 2527 556 2565 locos
587 2526 814 2576 adscriptum
854 2526 888 2563 in
939 2524 1162 2563 Basileensi.
1233 2524 1358 2573 Igitur
1403 2525 1496 2563 haec
1534 2525 1698 2562 immanis
1736 2525 1914 2577 quaedam

270 2597 505 2647 perturbatIO
536 2599 648 2646 atque
682 2595 850 2632 confusio
883 2597 963 2639 est,
998 2594 1063 2631 sed
1097 2593 1206 2632 facile
1238 2593 1475 2644 explicanda.
1537 2592 1739 2632 Collationi
1769 2593 1915 2631 codicis

274 2665 531 2708 Basili—ensis,
565 2676 670 2715 quam
702 2667 789 2701 ante
821 2662 952 2701 oculos
996 2661 1161 2700 habebat
1191 2662 1501 2710 Friesemanan
1547 2662 1644 2700 aliae
1681 2661 1829 2700 aliunde
1860 2660 1914 2699 le-

273 2735 440 2779 ctione-S,
473 2734 581 2771 etiam
621 2732 879 2779 coniecturae,
918 2732 1126 2781 adspersae
1158 2734 1263 2769 erant
1294 2734 1405 2783 atque
1435 2732 1694 2778 intermixtae,
1727 2742 1818 2782 quas
1850 2729 1914 2768 ille

273 2808 428 2841 cunetas
460 2813 592 2839 secure
623 2800 668 2839 ad
702 2798 959 2838 Basileensem
1001 2798 1140 2838 retulit.
1216 2800 1265 2838 Et
1302 2803 1466 2838 sortasse
1506 2812 1550 2838 ca
1592 2801 1760 2838 confusio
1793 2799 1861 2836 iam
1892 2810 1914 2837 a

273 2871 485 2909 Schradero
517 2873 554 2908 et
587 2869 745 2908 Heinsio
786 2869 959 2919 incepit:
1003 2869 1050 2906 cs.
1086 2867 1231 2906 lleinsii
1263 2869 1308 2907 ad
1341 2868 1543 2907 Graevium
1575 2869 1696 2918 Epist.
1744 2881 1781 2918 p.
1817 2870 1911 2906 420.

273 2939 320 2977 T.
354 2939 422 2978 IV.
457 2939 557 2990 Syll.
590 2939 712 2977 Burm.
775 2937 917 2976 Melior
946 2937 1044 2988 apud
1077 2937 1264 2987 Heynium
1297 2937 1470 2985 collatio,
1505 2949 1554 2975 ex
1585 2935 1737 2975 schedis
1761 2936 1912 2974 Heinsii

275 3019 348 3046 non
378 3008 521 3060 ipsius,
554 3010 592 3048 ut
624 3007 795 3058 videtur,
826 3006 894 3046 sed
926 3009 1124 3055 accurate,
1158 3006 1362 3058 descriptis
1393 3019 1415 3045 a
1434 3005 1669 3056 Schradero‚
1697 3018 1912 3058 quamquam
