2006 3365
501 186 554 225 IN
586 186 811 227 VALERH
845 187 1080 228 CATONIS
1112 188 1293 229 DlRAS.
1627 194 1725 237 103

75 303 141 338 31.
185 299 251 338 Ad
280 300 427 351 fontem
463 301 624 340 Xanthi
654 316 778 342 versa
808 310 985 342 recurret
1016 317 1138 358 aqua.
1183 304 1371 354 Xantlie,
1403 311 1508 343 retro
1525 316 1722 356 propera:

73 381 297 421 versaeque
328 373 522 409 recurrite
553 370 748 423 lymphae.
790 369 886 410 Cato
913 375 1035 410 autem
1069 370 1156 409 illud
1189 384 1261 411 non
1294 377 1475 425 tamquam
1509 368 1723 408 α’ὀίἷνατον

73 436 202 487 ponit,
236 436 304 474 sed
339 439 519 488 tamquam
552 438 737 476 insolitum
769 451 814 477 ac
845 442 1124 489 portentosum:
1158 452 1239 478 nam
1272 442 1351 480 fieri
1377 444 1497 481 tamen
1523 442 1723 494 aliquando

72 506 213 555 potest.
276 505 549 545 VVakctieldius
581 510 770 557 comparat
801 506 1003 558 Virgilium
1035 508 1137 545 Aen.
1169 508 1239 547 lx.
1278 514 1367 548 124.
1401 513 1439 549 5.

156 641 207 680 V.
232 645 298 680 69.
346 647 623 680 ΙΝίἭΡιΗΑΝΤ
649 645 814 678 AMNES
840 645 1017 679 PASSiM
1043 646 1341 682 RIMANTIRUS
1368 650 1526 685 UNDIS.
1574 648 1723 687 Rursus

70 710 300 749 Venetarum
334 709 436 748 lens.
471 713 509 748 et
530 710 628 748 Rub.
664 709 810 757 vitium,
843 712 994 755 enanis,
1029 711 1264 758 posteriores
1297 711 1440 750 invasit
1470 713 1623 763 multas,
1647 716 1722 754 Vi-

70 778 254 816 centinam
288 790 366 817 cum
402 778 520 816 Voss.
554 778 601 815 ΙΙ.
634 776 748 825 alias,
780 776 900 814 donec
932 790 1067 816 anzrzes
1100 779 1312 817 restitutum
1345 781 1408 818 est
1439 781 1474 819 in
1508 782 1721 821 Ascensia-

69 847 152 894 nis,
185 846 295 898 Virg.
330 846 444 896 Aldi,
485 847 651 894 Argent.
684 843 782 882 aliis.
815 847 854 883 et
885 845 963 893 sic,
1002 859 1162 895 munes,
1204 847 1240 884 in
1273 847 1478 898 Romanis,
1512 850 1596 889 cod.
1630 851 1721 889 Bas.

69 914 180 953 Vrat.
214 915 263 954 ll.
296 916 394 954 Ven.
432 913 570 952 Achai.
605 914 702 952 Mat.
743 916 781 951 et
813 914 846 951 in
880 914 1034 964 scriptis
1066 915 1342 966 antiquioribus
1375 918 1560 957 omnibus.
1604 921 1642 958 ct
1673 933 1723 958 a-

67 997 175 1023 mnes
208 984 378 1021 correxit
410 981 538 1020 Closs.
565 981 612 1020 V.
640 982 668 1020 Ι.
703 982 940 1021 rimantibus
973 982 1057 1021 dedi
1091 983 1267 1022 librorum
1298 987 1521 1026 auctoritate
1553 988 1721 1039 scripto-

68 1063 167 1097 rum,
204 1052 422 1099 petaviani,
453 1050 649 1099 Tbuanej,
682 1051 872 1101 medicei,
912 1050 1016 1090 Leid.
1051 1054 1358 1105 caeterorumque
1390 1068 1565 1094 meorum.
1597 1059 1635 1095 et
1666 1058 1722 1095 sic

66 1119 245 1159 Aldinae.
307 1120 414 1173 Quod
447 1120 482 1157 in
516 1122 649 1158 vetere
683 1120 848 1158 editione
881 1121 998 1167 omni,
1042 1133 1114 1158 non
1148 1124 1313 1172 excepta
1345 1122 1574 1174 Mutinensi,
1618 1130 1655 1164 et
1687 1126 1721 1164 in

67 1189 176 1228 codd.
210 1189 298 1227 Bas.
332 1188 442 1228 Vrat.
475 1188 524 1226 ll.
557 1187 676 1226 Voss.
712 1188 758 1226 ll.
792 1188 955 1237 legitur,
999 1190 1286 1240 remeantibus,
1320 1193 1591 1232 emendationis
1624 1208 1720 1245 spe-

67 1258 160 1296 ciem
192 1257 330 1307 babet,
362 1258 409 1296 ab
442 1270 486 1296 eo
520 1259 664 1306 tactae,
695 1258 751 1295 cui
785 1269 834 1295 ex
866 1258 1068 1307 versibus,
1104 1259 1165 1309 qui
1198 1261 1450 1309 praecedunt,
1494 1265 1594 1301 retro
1628 1276 1719 1302 con-

66 1327 170 1365 versi
212 1327 338 1375 imago
377 1326 536 1364 fluminis
578 1326 862 1364 obversaretur.
927 1325 975 1365 Ut
1013 1327 1107 1364 infra
1146 1328 1310 1367 nonnulli
1349 1331 1520 1382 relapsa
1562 1332 1720 1371 intulere

66 1407 195 1433 errore
228 1395 436 1443 consimili,
470 1408 508 1433 v.
544 1396 609 1433 19.
673 1394 811 1432 Verum
844 1395 940 1447 quod
974 1407 1071 1434 nunc
1102 1395 1213 1445 dicit,
1254 1396 1366 1436 latius
1397 1403 1515 1449 patet.
1579 1400 1718 1439 luben-

66 1467 126 1503 tur
157 1463 305 1502 flumina
338 1463 469 1502 relicto
505 1475 614 1502 cursu
648 1463 818 1512 legitimo
852 1463 912 1502 bic
943 1463 1022 1502 illic
1052 1465 1129 1513 ire,
1161 1468 1199 1503 et
1224 1466 1369 1517 quidem
1391 1471 1550 1519 passim
1575 1472 1717 1507 riman-

67 1532 175 1572 tibus
206 1533 347 1571 undis:
377 1535 538 1585 passim
569 1533 663 1570 enim
697 1544 768 1569 non
801 1531 919 1570 solum
951 1532 996 1570 ad
1030 1534 1236 1572 incurrant
1269 1535 1503 1574 referendum
1542 1541 1620 1584 est,
1651 1539 1718 1576 sed

68 1601 254 1640 etiamad
296 1601 533 1639 rimantibus
574 1601 823 1651 participium.
870 1601 1105 1641 rimantibus
1149 1603 1290 1641 usitata
1326 1604 1628 1654 significatione:
1661 1607 1715 1645 al·-

63 1669 168 1708 luunt
199 1669 321 1707 undae
351 1668 412 1708 hic
443 1669 539 1718 illic,
582 1672 829 1720 appetentes,
870 1672 907 1708 et
938 1671 1046 1721 quasi
1087 1673 1338 1722 quaerentes,
1380 1674 1476 1725 quod
1519 1674 1717 1715 devorent.

63 1738 227 1789 Propter
255 1741 416 1791 passim
447 1738 580 1776 similis
613 1742 673 1778 cst
703 1738 811 1776 locus
843 1739 1013 1778 Petronii
1047 1751 1130 1790 cap.
1163 1755 1294 1779 cxxu.
1327 1754 1366 1780 v.
1405 1746 1495 1781 131.
1531 1748 1568 1782 2.

929 1821 1000 1847 nee
1031 1822 1142 1860 vagia
1170 1812 1331 1863 passim

465 1876 645 1915 Flumina
674 1890 749 1928 per
778 1883 897 1915 notas
931 1875 1043 1915 ibant
1072 1881 1280 1918 morientia
1309 1882 1440 1932 ripas.

62 1943 134 1982 boc
174 1947 254 1993 est,
297 1946 335 1983 ut
375 1943 591 1983 Gronovius
633 1945 799 1982 Observ.
832 1945 900 1983 111.
936 1961 992 1983 Χι.
1025 1947 1316 1998 interpretatur:
1362 1952 1399 1987 et
1431 1948 1598 2000 flumina,
1644 1962 1713 1988 non

62 2014 256 2052 morientia
287 2025 355 2064 per
385 2016 493 2052 notas
527 2014 647 2064 ripas,
681 2014 786 2052 ibant
818 2026 921 2063 vaga
952 2017 1105 2064 passim.
1156 2016 1278 2065 Igitur
1309 2031 1418 2069 vuyn
1448 2017 1610 2069 flumina
1641 2018 1714 2058 alio

63 2093 180 2119 sensu
212 2081 436 2129 Petronius,
469 2081 542 2120 alio
575 2080 671 2121 Cato
707 2096 742 2119 v.
779 2086 843 2120 67.
878 2082 940 2121 ille
973 2084 1017 2121 dc
1050 2086 1381 2136 exspatiantibus,
1423 2090 1461 2126 et
1492 2099 1581 2126 suas
1613 2088 1715 2138 ripas

63 2149 361 2200 excedentibus3
403 2148 499 2189 Cato
533 2151 583 2188 ibi
619 2151 699 2189 dum
741 2164 854 2202 vnya
885 2151 1086 2204 alloquitur
1115 2153 1302 2204 flumina,
1330 2151 1506 2194 'nondum
1538 2157 1714 2207 exspati-

61 2218 185 2261 antia,
221 2218 285 2256 sed
319 2224 536 2257 consuetum
571 2232 739 2269 cursum,
773 2233 848 2273 quo
880 2224 1007 2260 errant
1039 2221 1185 2272 placide
1218 2235 1286 2275 per
1318 2236 1491 2276 campos,
1524 2225 1685 2275 cogitat.

148 2288 410 2328 remeantibus
443 2289 601 2328 exhibet
633 2290 743 2328 etiam
778 2290 953 2329 Renibus.

147 2423 196 2462 V-
234 2428 299 2463 70·
360 2434 451 2468 NEC
476 2436 693 2470 Nos'rRoS
720 2437 924 2470 SERVIRE
951 2438 1131 2472 SINANT
1162 2439 1430 2474 ERRoNlssUS
1457 2440 1628 2475 AGRos.

148 2494 238 2533 IVec
268 2491 445 2546 nostros]
484 2495 526 2533 In
561 2497 698 2546 priscis
731 2497 958 2536 editionibus
990 2510 1062 2536 non
1095 2497 1238 2548 legitur
1276 2504 1450 2551 servire,
1490 2499 1557 2539 scd
1589 2503 1711 2540 exire.

63 2562 160 2614 quod
194 2567 254 2601 est
286 2562 441 2601 verbum
472 2563 758 2603 alienationum:
791 2568 901 2605 exire
931 2569 970 2605 in
1003 2570 1091 2616 ius,
1123 2571 1234 2608 exire
1258 2572 1296 2608 in
1320 2574 1572 2623 potestatem.
1604 2569 1711 2618 Lego

62 2635 183 2670 autem
216 2631 444 2679 erronibus,
478 2643 548 2670 non
581 2634 797 2674 erroribus.
858 2635 1075 2674 Veteranos
1106 2635 1312 2686 intelligit,
1347 2637 1482 2690 quihus
1513 2638 1594 2676 eius
1626 2636 1709 2686 agri

63 2703 167 2738 erant
199 2700 401 2747 assignati.
434 2703 494 2738 est
524 2701 617 2738 enim
649 2704 857 2742 convicium
890 2705 924 2742 in
957 2704 1107 2743 militem
1131 2706 1421 2757 infrequentem,
1454 2706 1552 2745 sicut
1583 2708 1621 2746 et
1651 2706 1708 2745 E-

61 2782 234 2808 mansor.
295 2767 494 2806 Tibullus:

295 2837 397 2887 Ure,
438 2836 567 2885 Puer,
602 2851 774 2891 quaeso,
807 2847 879 2880 tua
911 2846 979 2896 qui
1006 2843 1123 2894 ferus
1156 2845 1247 2881 ocia
1278 2844 1409 2897 liquit.

378 2908 509 2960 Atque
539 2907 676 2945 iterum
705 2922 878 2949 erronem
909 2911 982 2950 sub
1014 2919 1085 2950 tua
1117 2914 1239 2964 siqna
1270 2925 1385 2950 voca.

63 2972 260 3026 Utcunque
301 2974 418 3024 igitur
457 2974 527 3013 erit
564 2974 775 3014 tolerabilis
814 2976 938 3018 lectio.
1002 2979 1080 3019 Sed
1114 2992 1177 3029 ea,
1217 2993 1324 3031 quam
1362 2980 1468 3018 modo
1510 2991 1704 3031 reponam,

63 3041 184 3091 longe
213 3042 302 3081 mibi
335 3043 462 3082 verior
494 3043 663 3082 videtur:
