2006 3365
449 148 505 187 lN
544 147 762 187 VALERII
793 146 1030 188 CATONIS
1064 146 1245 186 DlRAS.
1598 149 1662 192 75

315 263 468 302 Noseet
498 266 571 303 iter
602 263 750 302 ducens
783 262 912 303 Erebo
942 269 1012 301 tna
1044 261 1178 314 Lydia
1210 263 1336 301 Ditis.

33 331 82 371 Et
110 330 425 382 amplectendum,
457 344 512 370 me
544 332 688 384 quidem
720 332 860 380 iudice,
899 331 1042 369 etiamsi
1076 330 1208 368 nullam
1239 331 1309 369 nisi
1340 329 1387 368 ab
1419 328 1593 376 Aldinis‚
1626 332 1665 368 et

32 399 79 438 ab
110 399 308 448 Mediceo,
347 400 382 437 in
413 412 485 451 quo
517 412 604 438 esse
635 401 788 439 Noscet
819 402 892 439 iter
924 398 1078 438 Herebo
1110 399 1240 437 dulcis
1273 399 1502 437 Burmannus
1542 398 1664 436 testa-

33 470 116 517 tur,
147 467 495 506 commendationem
528 468 697 507 haberet.
743 468 835 506 Nam
860 467 969 516 MS„
1001 479 1107 518 quem
1138 467 1366 504 Burmannus
1397 467 1503 509 dicit,
1526 465 1663 515 Pierii,

32 535 92 589 qui
125 537 311 574 consentit
342 548 420 574 cum
453 537 624 581 Aldinis,
657 536 755 575 nulla
784 538 845 574 est
874 535 1090 573 auctoritaS.
1151 534 1259 572 Nunc
1292 535 1433 572 nostris
1464 546 1526 572 res
1558 533 1664 572 libris

32 604 238 643 conficitur.
292 603 433 657 Quales
464 607 496 643 si
528 605 742 653 habuisset,
774 615 846 642 non
878 602 966 641 illud
997 602 1207 652 scripturus
1232 604 1313 640 erat
1336 601 1534 652 Scaliger,
1566 602 1664 654 quod

30 673 116 712 odio
149 672 366 711 Aldinarum
404 675 555 720 scribit,
595 675 643 713 de
680 673 895 725 impudenti
933 671 1135 720 audacia,
1175 673 1213 709 et
1242 674 1376 709 nescio
1415 671 1520 724 qnod
1555 684 1664 710 mon-

32 748 168 781 strum.
228 742 382 781 Noscet
422 745 497 782 iter
535 743 682 782 ducens
719 739 858 780 her-ebo
899 746 970 779 tua
1007 739 1122 791 lydia
1161 739 1260 777 ditis
1300 741 1388 776 ante¹
1426 738 1601 777 Aldinam
1632 738 1663 777 l.

29 810 137 848 annis
168 809 313 848 duobus
343 812 381 850 et
409 811 659 864 quadraginta
691 809 824 848 editum
861 810 897 847 in
937 808 1226 859 exoptatissima.
1262 806 1326 846 illa
1356 805 1586 857 Mutinensi3
1627 808 1665 847 et

29 877 227 917 Parisinus
260 879 328 918 lV.
364 881 481 930 primo
512 879 655 931 quidem
688 890 837 917 versum
869 890 936 916 suo
967 877 1050 915 1000
1081 878 1132 915 113
1162 877 1361 927 scriptum:
1403 876 1498 915 IVon
1528 878 1666 916 ilerum

31 946 142 986 dices
173 947 309 987 crebro
339 954 410 987 tua
440 948 556 1000 lydia
586 948 714 995 dixti,
747 947 814 985 scd
846 959 932 985 mox
962 950 1051 997 post
1081 958 1231 984 versum
1259 947 1325 983 43.
1361 945 1664 986 Pascuntur—

29 1028 155 1065 aura,
187 1016 317 1054 iterum
346 1015 531 1062 eumdem,
574 1017 623 1054 ita
655 1017 896 1066 conceptum:
946 1015 1101 1054 Noscet
1132 1016 1239 1054 intra
1269 1014 1401 1053 duce-s
1436 1013 1550 1054 erebo
1583 1013 1668 1061 (vel

29 1083 163 1133 crebo)
194 1091 266 1123 tna
296 1084 411 1137 lydia
441 1085 563 1134 ditis,
594 1084 713 1135 ponit.

113 1152 263 1191 Deinde
294 1153 389 1192 inter
419 1165 572 1203 omnes,
603 1155 785 1205 quotquot
815 1156 1040 1204 receperunt
1069 1163 1197 1191 veram
1221 1151 1443 1202 scripturam
1468 1149 1665 1201 Aldinam‚

28 1233 122 1260 unus
163 1223 329 1261 fortasse
367 1221 562 1260 Arnoldus
601 1224 706 1260 recte
745 1223 893 1272 accepit
932 1224 1044 1273 atque
1084 1219 1273 1260 intellexit
1316 1232 1394 1258 eam
1440 1221 1664 1270 scripturam

30 1290 146 1330 Certe
177 1289 421 1329 Boxhornius
452 1302 524 1329 11011
557 1290 816 1340 intellexerat,
849 1291 906 1328 cui
939 1290 1070 1328 verbis
1100 1297 1170 1328 tua
1202 1289 1314 1329 Silva
1346 1289 1535 1328 Battarum
1566 1287 1665 1327 allo-

30 1359 91 1411 qui
121 1361 235 1409 poeta
267 1359 415 1397 fluvium
449 1359 660 1398 videbatur.
701 1359 833 1411 Neque
858 1359 1054 1398 Heinsius.
1094 1359 1143 1398 Et
1165 1358 1294 1397 inutile
1316 1361 1406 1408 post
1431 1359 1505 1397 iter
1529 1369 1667 1397 comma

29 1428 148 1466 fertur
179 1428 214 1466 in
245 1427 526 1479 Scaligeranis,
557 1427 655 1466 aliis.
712 1427 848 1466 Veram
881 1428 1158 1466 distinctionem
1190 1440 1239 1465 ex
1271 1426 1443 1466 Arnoldo
1475 1426 1666 1476 dedimus,

29 1495 104 1536 hoc
132 1508 269 1535 sensu:
301 1509 408 1548 quum
440 1499 502 1535 tua
532 1495 651 1540 silva,
686 1498 767 1542 tua,
800 1509 822 1534 o
844 1496 985 1547 Lydia,
1016 1508 1111 1547 quae
1140 1506 1238 1533 nunc
1265 1494 1419 1533 aethere
1450 1494 1668 1545 resplendet

30 1576 199 1615 cyaneo,
233 1567 364 1604 noscet
394 1565 464 1603 iter
494 1565 635 1604 ducens
667 1564 792 1603 Erebo
827 1564 940 1603 Ditis.
1002 1564 1149 1602 Rursus
1179 1562 1299 1602 hahes
1330 1566 1514 1615 perpetuo
1545 1564 1667 1603 usita-

29 1634 103 1674 tam
134 1632 268 1673 Catoni
307 1633 578 1684 apostrophen.
641 1633 778 1673 Verum
809 1633 882 1672 hoc
910 1632 1104 1684 pulchrius
1142 1632 1239 1683 apud
1280 1635 1450 1684 poetam,
1491 1645 1596 1685 quam
1628 1632 1667 1671 in

29 1701 282 1753 explicatione
311 1714 393 1740 mea
423 1702 529 1741 modo
560 1703 776 1754 proposita,
809 1702 907 1755 quod
931 1701 1049 1752 primo
1079 1708 1150 1740 tua
1182 1702 1292 1741 silva
1316 1701 1406 1741 dicit
1427 1701 1667 1752 simpliciter,

28 1783 103 1810 non
141 1771 335 1810 nominans
365 1771 545 1822 Lydiam,
590 1772 728 1824 quippe
765 1773 861 1809 satis
901 1783 969 1809 suo
1006 1771 1127 1809 animo
1164 1772 1423 1822 praesentem,
1465 1770 1598 1809 deinde
1627 1770 1667 1809 in

28 1839 100 1878 fine
129 1839 240 1879 multa
270 1852 349 1879 cum
379 1841 418 1879 vi
449 1841 588 1891 repetit
618 1848 708 1890 tua,
739 1840 918 1891 additque
949 1839 1239 1890 appellationem
1271 1839 1454 1893 Lydiae.
1495 1846 1567 1879 tua
1597 1851 1667 1878 au-

28 1910 123 1958 tem,
155 1921 228 1947 11011
259 1909 355 1961 quod
388 1909 520 1948 silvam
552 1908 648 1950 Cato
679 1909 879 1948 donaverit
899 1908 1065 1959 Lydiae,
1097 1908 1165 1947 sed
1197 1909 1283 1960 quia
1314 1907 1501 1957 diligebat
1531 1906 1667 1947 silvam

28 1976 174 2028 Lydia,
205 1982 316 2031 atque
346 1980 513 2017 amantes
543 1991 612 2016 sua
642 1979 740 2016 inter
769 1990 813 2016 se
844 1978 1046 2016 communia
1070 1976 1224 2016 habent.
1257 1975 1317 2017 Cf.
1342 1977 1443 2016 dicta
1467 1976 1512 2014 ad
1535 1989 1573 2014 v.
1597 1978 1666 2014 26.

113 2046 220 2086 Haec
249 2059 325 2097 ego
349 2049 472 2097 magis
498 2049 717 2099 perspicue,
749 2060 855 2100 quam
879 2046 1090 2095 Arnoldus,
1123 2046 1181 2085 cui
1204 2045 1342 2084 homini
1369 2046 1558 2097 proprium
1582 2047 1664 2093 est,

29 2115 151 2154 sicubi
182 2115 278 2154 hene
307 2116 443 2168 aliquid
469 2116 756 2162 observaverit,
789 2115 887 2167 quod
913 2115 1058 2167 quidem
1079 2114 1132 2153 illi
1159 2127 1244 2153 raro
1268 2114 1479 2164 contingit,
1512 2113 1547 2152 id
1572 2126 1665 2165 per-

29 2183 181 2223 turbare
210 2196 254 2223 ac
284 2185 443 2235 perdere
474 2197 602 2223 rursus
643 2185 767 2223 multis
808 2184 1006 2223 verborum
1036 2184 1281 2233 ambagibus,
1323 2195 1517 2235 rerumque
1548 2183 1665 2222 inuti-

29 2252 115 2290 lium
156 2253 412 2292 recordatione
452 2255 670 2305 importuna.
733 2254 800 2293 Sic
839 2253 924 2303 ille,
964 2253 1026 2292 ubi
1064 2252 1186 2291 verba
1226 2259 1363 2292 noscet
1399 2255 1474 2292 iter
1512 2252 1664 2292 (lucens

28 2320 159 2360 Erebo
185 2322 299 2361 Ditis
323 2322 516 2373 explicare
535 2323 780 2372 aggreditur,
811 2323 939 2374 priora
962 2334 1033 2360 11011
1058 2321 1173 2360 11131οε
1205 2322 1270 2361 De
1293 2322 1357 2361 his
1384 2328 1534 2371 antem,
1563 2334 1667 2375 quae

27 2390 214 2442 funditus
244 2390 484 2443 perduntur,
513 2394 669 2444 poetice
699 2392 781 2431 dici
809 2392 938 2440 solet,
981 2391 1085 2446 quod
1115 2393 1191 2430 iter
1220 2390 1365 2440 Erebi,
1398 2394 1486 2430 sive
1517 2392 1666 2442 inferni

29 2460 221 2510 inyressa
251 2459 423 2509 fuerim3
462 2472 549 2499 mox
587 2461 622 2498 in
653 2461 773 2499 onmia
811 2460 886 2498 alia
925 2460 1108 2510 abripitur
1138 2461 1211 2509 ita,
1253 2462 1293 2498 ut
1323 2460 1431 2499 0113111
1463 2459 1509 2498 110
1540 2461 1666 2498 terrac

29 2530 129 2566 motu
161 2527 322 2577 cogitet.
382 2526 505 2576 Igitur
535 2528 606 2567 hoc
636 2529 746 2568 nobis
777 2529 1006 2580 probandum
1036 2528 1208 2580 reliquit,
1242 2529 1340 2567 bene
1371 2529 1442 2567 dici
1474 2529 1520 2566 de
1546 2527 1664 2578 silva,

31 2609 124 2650 quae
154 2597 327 2636 incendio
358 2596 524 2647 deletur,
555 2611 719 2638 noscere
749 2602 823 2638 iter
854 2599 1002 2637 ducens
1034 2597 1163 2636 Erebo
1195 2598 1323 2637 Ditis.
1375 2596 1483 2649 Quod
1515 2595 1666 2634 difficile

30 2666 180 2705 videtur
210 2666 255 2704 ad
287 2665 515 2716 probandum
546 2678 648 2705 esse.
709 2667 767 2706 De
804 2666 1024 2705 animalibus
1063 2667 1230 2719 quidem,
1273 2668 1312 2705 ut
1349 2666 1477 2704 ordine
1509 2665 1666 2717 quodam

31 2733 127 2774 113110
156 2747 231 2773 rem
263 2737 508 2785 pertractem,
540 2736 634 2773 satis
665 2736 801 2775 usitate
833 2737 884 2774 ita
915 2736 1060 2774 dieitur.
1085 2734 1316 2774 Theocritus
1335 2734 1403 2773 IV.
1428 2737 1494 2772 26.
1520 2735 1556 2771 ἶ.
1588 2731 1667 2779 βα-

32 2802 207 2839 amburat
242 2799 315 2839 καί
342 2798 413 2838 zai
441 2798 557 2849 βόες,
591 2794 623 2838 ὦ
654 2800 785 2840 τάλαν
816 2800 994 2853 Αἴγων,
1026 2801 1087 2847 εἰς
1119 2800 1257 2842 didas).
1320 2803 1420 2842 Idem
1453 2801 1664 2852 epigr-VI.

33 2876 72 2911 3.
105 2868 268 2919 οἴχεται
304 2869 330 2907 ἁ
360 2870 566 2919 χιζιιαρος,
608 2868 652 2907 τὸ
685 2868 814 2909 καλὸν
844 2872 984 2918 τέκος,
1025 2870 1153 2920 οἴχετ’
1184 2870 1227 2916 ἐς
1267 2866 1386 2923 (fidae.
1447 2872 1601 2920 Anyto,
1632 2871 1666 2910 Si

32 2944 93 2980 est
122 2941 280 2992 Anyte,
321 2956 402 2979 x1v.
436 2940 484 2979 T.
516 2940 545 2978 1.
578 2939 691 2979 Anal.
724 2954 760 2991 p.
795 2946 888 2981 200.
930 2944 969 2981 et
1005 2943 1068 2995 qui
1100 2943 1265 2981 variavit
1303 2940 1376 2979 1100
1414 2941 1664 2990 epigrannna,

32 3010 186 3049 Marcus
216 3010 474 3061 Argentarius
507 3023 625 3048 xxm.
655 3008 703 3048 Τ.
729 3009 779 3048 11.
810 3023 848 3060 p.
881 3013 976 3049 273.
1009 3010 1054 3049 de
1084 3010 1231 3050 locusta
1261 3012 1299 3049 et
1329 3007 1477 3058 cicada,
1506 3007 1663 3059 Anyte:
