2006 3365
259 82 361 126 186
819 74 1351 114 ANIMADVERSlONES

546 179 711 217 Colchis
743 182 781 216 et
814 179 987 228 ignotum
1017 189 1143 215 nonne
1175 179 1335 227 sequuta
1367 177 1483 214 nirum
1516 173 1604 214 cst?

259 249 332 302 Qui
366 248 473 287 locus
504 248 539 285 in
571 249 729 284 mentem
763 243 848 283 mihi
881 246 1040 283 revocat
1071 243 1316 294 Apollonium
1348 243 1417 283 lv.
1454 247 1548 282 745.
1582 246 1621 282 6.

546 310 674 362 ἔρχεο
710 309 799 348 δ’ἐκ
833 308 1035 360 μεγάρων
1066 311 1184 362 ξείνῳ
1220 308 1460 360 συνοπηδὸς
1492 310 1647 355 ἐοῦσα,

547 376 692 417 ὅντινα
726 380 878 416 τοῦτον
911 373 1061 415 ἄϊστον
1095 378 1242 429 ἀείραο
1277 378 1436 428 πατρὸς
1470 373 1669 417 &version

258 451 392 492 Circes
424 451 544 489 verba
589 450 632 488 ad
677 449 866 488 Medeam.
935 449 1023 487 Vim
1061 450 1223 498 amoris,
1266 453 1304 488 et
1346 451 1454 501 quasi
1499 445 1707 497 ἀνάγκην,
1748 447 1918 498 perbene

257 522 389 559 noster
420 518 589 558 declarat
620 519 921 568 comparatione,
968 520 1076 557 sicut
1114 520 1297 570 captiva.
1358 518 1536 556 Nimirum
1577 529 1683 568 quam
1724 515 1919 554 serviliter

258 601 349 627 suos
381 588 552 626 dominos
596 587 853 638 sequebantur
895 587 934 624 vi
973 589 1129 625 coactae
1168 587 1345 636 captivae
1395 585 1615 633 Briseides,
1656 583 1917 632 Tecmessae,

258 654 571 703 Andromachae,
613 657 684 694 tam
718 655 912 693 serviliter
950 654 1092 693 Medea
1132 655 1324 697 Iasonem,
1374 654 1567 704 potentiae
1606 664 1650 690 ac
1695 651 1919 690 necessitati

258 726 315 763 sui
334 725 472 763 amoris
494 723 650 762 cedens.
712 723 797 762 Non
830 722 940 760 alieni
969 724 1015 762 ab
1048 722 1121 761 hac
1153 734 1194 760 re
1226 722 1387 772 elegans
1418 720 1580 768 Catulli,
1615 722 1653 758 et
1683 720 1718 757 in
1747 717 1826 758 Ciri
1858 718 1918 757 lo-

259 805 351 844 cus,
384 792 447 831 ubi
470 792 661 841 Ariadne,
695 790 852 841 Scylla,
886 792 918 829 si
942 791 1040 829 aliud
1064 803 1135 829 non
1163 791 1294 837 detur,
1328 788 1543 827 lamularum
1572 787 1646 826 sibi
1673 790 1711 825 et
1739 787 1918 837 captiva-

259 874 336 901 rum
355 872 507 899 munera
528 871 572 897 ac
595 863 734 898 sortem
765 862 962 910 expetunt.
1010 859 1059 897 Et
1079 859 1135 896 sic
1152 858 1322 897 Ariadne
1347 857 1492 901 Nonni,
1525 855 1685 894 Xthl.
1706 859 1803 894 390.
1836 867 1918 906 seq.

433 926 526 973 δέξο
558 940 634 974 με,
672 926 758 962 σῶν
798 924 962 974 λεχέων
994 923 1332 975 θαλαμηπόλων,
1369 918 1418 975 ἢν
1450 922 1687 974 ἐθελήσῃς,

433 996 507 1033 καί
537 994 729 1045 (nepsam
766 992 838 1030 σέο
873 992 1053 1043 λέκτρα,
1088 990 1197 1042 ficeto}
1230 990 1410 1044 Κρήτην
1441 990 1744 1043 ΙΡΙαραθωνίς,

433 1056 500 1100 οἷά
533 1076 576 1099 τε
611 1063 865 1112 ληϊσθεῗσα.

257 1134 369 1173 Nune
400 1133 595 1171 Heinsium
627 1133 796 1176 mireris,
843 1133 903 1183 qui
944 1131 1142 1170 Briseida
1183 1130 1349 1180 intelligi
1382 1144 1402 1169 a
1436 1129 1582 1170 Catone
1614 1129 1791 1181 putabat,
1824 1141 1920 1168 con-

257 1202 350 1240 fisus
397 1202 519 1250 ipsius
551 1200 750 1239 Briseidos
790 1199 894 1250 apud
936 1200 1114 1238 Ovidium
1146 1199 1301 1248 verbis,
1344 1200 1469 1250 Epist.
1502 1198 1571 1237 ΙΙΙ.
1607 1202 1673 1238 69.
1727 1198 1920 1238 Victorem

256 1274 427 1323 captiva
458 1282 631 1323 sequar,
673 1281 748 1306 non
787 1275 914 1321 nupta
943 1270 1141 1307 maritum.
1217 1267 1401 1305 Potuerat
1433 1268 1542 1306 etiam
1574 1266 1659 1305 loco
1692 1267 1744 1305 uti
1775 1265 1918 1310 altero,

256 1339 383 1388 Epist.
415 1337 506 1376 XX.
542 1338 606 1375 70.
641 1336 687 1374 de
720 1337 892 1374 Hesiona
926 1338 963 1374 et
997 1336 1199 1374 Briseide:
1253 1336 1436 1387 Utraque
1476 1338 1666 1375 victorem
1705 1337 1818 1373 victa
1850 1348 1920 1373 se-

255 1413 352 1445 cuta
393 1420 520 1446 snum.
608 1405 747 1444 Verum
788 1404 911 1442 nullus
952 1406 1057 1442 iuxta
1102 1404 1295 1442 Ariadnen
1340 1404 1447 1442 locus
1489 1406 1550 1442 est
1590 1402 1778 1449 Briserdi,
1823 1415 1919 1454 quae

256 1475 289 1513 si
321 1474 470 1527 quando
502 1485 626 1512 amare
664 1472 848 1512 Achillem
882 1474 1031 1523 coepit,
1074 1473 1109 1510 id
1142 1485 1215 1511 non
1250 1472 1511 1511 vehementiae
1543 1472 1680 1510 amoris
1712 1471 1918 1509 documen-

256 1546 330 1583 tum
362 1546 444 1591 est3
486 1542 551 1580 sed
586 1545 723 1581 tantum
757 1542 891 1588 docet,
935 1541 1083 1592 puellas
1116 1540 1227 1580 facile
1271 1541 1408 1580 victori
1442 1552 1486 1578 ac
1518 1540 1666 1579 domino
1700 1552 1772 1578 non
1806 1551 1918 1589 pror-

257 1624 324 1650 sus
355 1610 566 1649 inclementi
600 1610 813 1649 assuefieri.
876 1610 924 1647 Et
957 1621 1192 1648 commonere
1220 1609 1414 1647 Heinsium
1448 1608 1558 1657 leges
1591 1608 1801 1646 debuerant
1832 1619 1918 1645 ser-

256 1679 399 1727 monis,
432 1678 615 1730 locusque
647 1678 776 1717 Ovidii
810 1677 872 1716 ille
905 1678 1014 1727 ipse,
1062 1689 1134 1729 quo
1167 1678 1296 1716 utitur.
1359 1677 1507 1714 Briseis
1539 1688 1611 1715 non
1644 1679 1751 1715 sient
1783 1677 1920 1728 capti-

257 1760 313 1787 va
344 1749 506 1798 sequuta
539 1746 729 1785 Achillem
763 1749 850 1785 est:
893 1747 960 1784 suit
992 1747 1088 1783 enim
1121 1746 1275 1795 captiva
1308 1757 1348 1784 re
1380 1757 1487 1783 vera.

344 1817 458 1854 Sicut
491 1826 536 1853 eo
569 1816 604 1852 in
638 1814 791 1858 codice,
828 1826 876 1852 ex
910 1826 982 1866 quo
1016 1815 1194 1863 expressi
1221 1814 1472 1853 Monacensis
1498 1812 1528 1851 1.
1562 1816 1601 1852 et
1632 1812 1920 1852 Vratislavien-

258 1885 314 1923 sis
345 1883 400 1931 L,
441 1883 682 1921 obscuratum
725 1884 843 1920 fuisse
877 1882 935 1919 vel
979 1882 1225 1931 negligenter
1270 1884 1475 1933 scriptum,
1515 1882 1722 1932 suspicor:
1763 1893 1843 1918 nam
1885 1881 1919 1918 in

259 1951 420 1993 Vratisl.
454 1950 484 1989 Ι.
527 1964 659 1989 seeum
701 1949 864 1998 legitur,
895 1951 928 1987 in
957 1949 1109 1988 Monae-
1137 1950 1164 1988 l.
1193 1951 1327 1989 duetus
1360 1951 1532 1999 obscuri,
1566 1950 1672 2001 quasi
1695 1950 1746 1989 sit
1773 1951 1918 1996 sciuit,

259 2023 298 2060 et
329 2021 410 2071 sie,
443 2022 589 2067 sciuit,
624 2020 658 2057 in
692 2019 847 2057 Monac.
883 2018 931 2057 11.

347 2159 397 2197 V.
419 2160 485 2196 51.
512 2156 1419 2205 (154.)LAEDERE,CAEL1C011AEAEOT111T
1435 2165 1525 2199 vos
1541 2164 1731 2198 NosrnA
1748 2164 1860 2205 Qum
1877 2164 1922 2197 A.

260 2226 320 2266 De
351 2227 473 2265 verbo
505 2226 669 2265 laedere
699 2225 839 2276 aliquid
881 2224 1144 2264 Broulzhusius
1186 2224 1330 2263 Tibull.
1364 2224 1392 2262 l.
1428 2239 1467 2261 x.
1503 2223 1601 2273 (ιχ.)
1637 2228 1674 2261 6.
1717 2224 1777 2274 qui
1811 2223 1920 2261 etiam

260 2295 334 2334 hoc
365 2294 450 2333 loeo
483 2294 612 2332 utitur.
693 2294 869 2332 celicone
901 2293 1025 2332 Paris.
1060 2292 1087 2331 1.
1114 2293 1185 2332 lv.
1218 2305 1291 2331 nos
1323 2291 1474 2330 Thoan.
1507 2292 1630 2331 Paris.
1664 2291 1713 2330 ΙΙ.
1747 2290 1814 2329 ΙΙΙ.
1848 2290 1918 2328 lv.

260 2362 384 2412 Angl.
418 2361 589 2411 August.
622 2361 741 2400 Basil.
776 2373 855 2399 eum
897 2361 1004 2399 Rom.
1040 2361 1067 2399 1.
1102 2362 1251 2399 Veneta
1283 2359 1384 2399 Ach.
1419 2360 1555 2398 Mutin.
1590 2360 1758 2409 Argent.
1796 2362 1917 2396 1502.

261 2432 329 2471 sed
362 2434 570 2470 correctum
603 2443 675 2469 nos
709 2430 743 2466 in
770 2430 879 2468 Rom.
909 2428 958 2467 ΙΙ.
993 2430 1154 2468 Venetis
1190 2428 1291 2468 Rub.
1324 2432 1361 2466 et
1394 2430 1496 2466 lens.
1532 2430 1607 2467 etc.
1666 2428 1815 2467 Deinde
1846 2441 1918 2466 cce-

261 2506 379 2548 stas,
412 2497 475 2536 vel
507 2505 648 2545 estas,
681 2497 889 2535 Thuaneus
923 2496 1066 2534 Vossio
1101 2499 1220 2543 teste,
1255 2496 1373 2534 Paris.
1402 2496 1471 2535 ΙΙΙ.
1503 2496 1574 2536 IV.
1605 2499 1644 2536 et
1675 2497 1840 2534 fortasse
1869 2495 1917 2533 ll.

262 2573 335 2608 tum
378 2566 538 2607 Vratisl.
572 2566 601 2604 l.
635 2565 683 2604 ΙΙ.
727 2566 836 2604 Rom.
870 2565 899 2603 1.
932 2565 982 2603 11.
1027 2564 1177 2602 Veneta
1222 2564 1363 2603 Achat.
1405 2565 1503 2604 Mut.
1544 2564 1677 2604 aliae:
1718 2563 1784 2601 scd
1828 2570 1918 2603 etas

262 2638 434 2686 August.
468 2638 505 2674 et
536 2642 655 2673 aetas
698 2633 871 2670 Venetae
912 2635 1029 2671 1499.
1076 2636 1194 2672 1500.
1243 2632 1402 2672 Mediol.
1447 2636 1568 2672 1501.
1632 2632 1918 2682 Ascensianae,

262 2705 454 2758 Virgilius
488 2703 604 2752 Aldi,
644 2701 761 2739 Taur.
804 2701 927 2750 Lugd.
965 2703 1087 2740 1529.
1120 2700 1296 2740 Aldinae.
1373 2702 1419 2740 Et
1459 2703 1690 2753 antiquiores
1733 2700 1847 2748 editi,
1880 2704 1919 2739 ut

261 2775 477 2820 Romanae,
518 2770 638 2819 aliae,
685 2768 778 2806 male
823 2769 975 2817 signum
1022 2770 1284 2818 interrogandi
1327 2769 1468 2809 habent
1509 2770 1545 2808 in
1586 2771 1754 2806 extremo
1787 2780 1917 2806 versu.

261 2842 453 2881 Graviora
484 2841 572 2878 sunt
603 2838 768 2876 codicum
811 2836 1068 2874 nonnullorum
1114 2838 1219 2875 vitia.
1294 2838 1475 2877 Vossiani
1508 2839 1540 2876 1.
1581 2836 1618 2874 in
1661 2848 1734 2887 quo
1775 2841 1919 2875 nostra

263 2910 370 2962 quod
393 2914 513 2962 optas
543 2906 768 2956 legebatur3
801 2904 1029 2956 Anglicani,
1062 2906 1097 2943 in
1119 2918 1191 2956 qno
1220 2919 1293 2945 nos
1317 2913 1460 2946 nostra
1490 2904 1587 2959 qnid
1613 2904 1784 2944 obstans
1807 2905 1917 2943 Con-
