2006 3365
617 171 884 213 RECENSIO
921 172 1212 213 LIBRORUM.
1655 175 1756 220 36?

113 286 266 337 Virgilii
297 286 491 326 uoluntate
523 288 670 327 Versus
698 288 857 338 Sulpicii
880 287 1224 337 Carthaginiensis.
1267 287 1468 334 (Iusserat
1498 286 1579 325 haec
1610 287 1755 337 rapidis

113 378 165 383 —
197 356 316 394 Troia
349 359 510 395 cremata
543 359 681 406 rogo.)
759 361 825 395 26.
869 356 1104 395 Exclamatio
1147 355 1312 395 Czesaris
1346 356 1514 405 Augusti
1548 357 1582 394 in
1616 356 1755 393 iussum

112 425 265 473 Virgilii
299 437 366 475 pro
409 425 583 463 Aeneide
625 424 888 463 comlmrenda.
938 424 1121 473 (Ergone
1153 426 1336 474 supremis
1368 424 1491 475 potuit
1523 445 1575 452 —-
1606 424 1755 474 placeat

112 493 305 543 relegatur
336 497 519 543 ametur.)
582 494 675 532 Post
712 493 784 531 hoc
817 505 961 531 carmen
1001 492 1133 542 incipit
1164 506 1291 530 manus
1322 493 1454 531 altera.
1517 494 1584 531 27.
1617 493 1752 543 Epita-

111 562 199 611 phia
231 561 397 610 Virgilio
430 562 476 599 ab
510 561 721 601 illustribus
753 563 848 599 viris
880 562 992 599 edita.
1027 560 1181 605 (versus
1205 562 1384 611 triginta,
1412 574 1563 613 quorum
1584 562 1752 611 primus:

111 628 295 669 Conditus
326 630 386 668 hic
418 643 491 681 ego
524 644 621 674 sum,
657 632 762 669 cuius
794 630 903 668 modo
936 629 1075 667 rustica
1106 629 1242 675 Musag
1305 629 1477 666 ultimus:
1514 629 1754 680 Parthenope

110 699 230 737 cecini
263 711 428 749 pasena,
462 712 568 743 rura,
600 700 730 737 duces.
791 699 913 746 igitur
944 696 1183 747 Epitaphium
1218 698 1397 736 Mantua
1427 712 1484 736 me
1514 701 1649 748 qenai!
1680 702 1753 736 etc.

108 766 169 804 bis
201 765 344 815 legitur
376 768 409 805 in
444 767 514 806 boc
546 768 690 806 codiee.
752 767 886 805 Adl'uit
917 767 1009 803 enim
1043 766 1111 803 iam
1134 779 1249 816 supra
1275 779 1309 805 n.
1327 771 1364 804 3.
1387 767 1423 804 in
1449 767 1535 805 Vita
1555 766 1752 815 Virgilii.)

109 838 175 872 28.
210 828 400 874 Musarum
434 838 577 874 nomina
609 839 641 874 ὣ
680 835 806 873 officia
847 833 1010 882 (versus
1049 836 1282 887 quindecim,
1323 836 1389 873 sed
1433 848 1584 887 quorum
1617 839 1755 874 tantum

107 904 275 942 undecim
315 907 462 955 priores
503 918 640 943 versus
682 906 768 941 sunt
809 904 986 954 proprie,
1043 908 1202 956 quatuor
1258 906 1438 955 postremi
1484 917 1600 955 prosa
1639 907 1755 953 sunt,

107 985 265 1022 prorsus
303 977 342 1012 ut
383 975 416 1011 in
457 974 605 1012 Veneta
645 972 814 1021 Rubei.)
904 975 971 1011 29.
1016 973 1155 1011 Incerti
1198 974 1340 1011 autoris
1397 973 1545 1022 Elegia.
1598 972 1751 1019 (Deile-

108 1054 182 1079 ram
225 1043 369 1080 iuuenis
409 1043 506 1080 tristi
540 1062 591 1067 —-·
626 1040 788 1079 collocet
831 1041 915 1090 ipsa
955 1043 1087 1091 sinu.)
1165 1045 1230 1081 30.
1279 1042 1323 1080 P.
1374 1041 1531 1090 Virgilii
1584 1042 1756 1080 Maronis

108 1110 261 1149 Aethna
294 1122 374 1162 qnae
413 1110 460 1148 ab
493 1109 680 1161 aliquibus
721 1109 898 1148 Cornelio
939 1111 1127 1148 trilmitur.
1172 1110 1348 1154 (Aethna
1381 1111 1466 1148 mihi
1500 1112 1675 1163 ruptique
1703 1133 1752 1137 -—

107 1180 234 1217 domus
278 1182 309 1218 ἃ
355 1179 435 1217 iura
482 1180 665 1229 piormn.)
747 1182 812 1216 31.
859 1178 902 1217 P.
957 1179 1110 1227 Virgilii
1150 1179 1274 1218 Maro.
1316 1181 1415 1219 Ciris
1461 1180 1504 1218 ad
1556 1178 1752 1218 Messalff.

107 1253 173 1286 32.
216 1248 258 1287 Ρ.
300 1247 453 1297 Virgilii
494 1247 664 1286 Maronis
704 1246 940 1287 Catalecton.
990 1248 1150 1298 Priapus
1188 1248 1351 1300 loquitur
1399 1248 1530 1293 (Vere
1564 1261 1650 1286 rosa
1682 1261 1752 1286 au·-

106 1315 205 1355 ttsno
237 1339 289 1344 —
318 1316 438 1355 Datur
470 1316 536 1355 tibi
571 1316 696 1366 puella
727 1328 832 1367 quam
866 1317 964 1366 petis
1004 1316 1151 1366 datur.)
1229 1317 1504 1367 Compar-entur
1544 1316 1640 1355 haec
1674 1328 1752 1354 cum

104 1386 363 1436 descriptione
403 1388 533 1423 nostra
579 1385 824 1424 Romanarum
866 1385 895 1423 l.
936 1388 974 1424 ct
1004 1385 1054 1423 ll.
1104 1385 1252 1436 patebit
1293 1385 1539 1433 simillinnnn,
1588 1397 1633 1423 ac
1676 1397 1753 1434 ge-

103 1455 235 1492 minum
267 1465 356 1491 esse
387 1453 554 1492 codicem
588 1453 844 1491 Basileensem
868 1454 1060 1492 Romanae
1091 1455 1249 1492 maxime
1281 1455 1493 1502 secundae,
1531 1453 1592 1491 vel
1625 1455 1753 1504 potius

105 1526 226 1560 natum
268 1534 318 1559 ex
360 1520 436 1559 illa.
512 1523 567 1561 At
610 1523 675 1560 vix
714 1535 810 1572 opus
849 1523 1139 1573 comparatione.
1209 1522 1372 1562 Conlicit
1413 1535 1488 1560 rem
1520 1522 1592 1560 hoc
1625 1535 1752 1565 unum,

105 1591 202 1643 quod
236 1592 361 1628 insunt
393 1590 427 1627 in
460 1590 543 1628 cod.
576 1591 789 1629 Basileensi
859 1591 1055 1641 Epistolae
1095 1590 1246 1629 Ioannis
1278 1591 1457 1630 Andreae
1491 1592 1674 1642 Episcopi
1706 1591 1751 1629 ad

104 1660 258 1698 Paulum
284 1659 331 1697 11.
364 1664 401 1698 et
433 1660 686 1709 Pomponium.
751 1660 863 1697 Addo
892 1661 1047 1710 iusuper
1067 1659 1180 1697 aliud.
1243 1660 1359 1713 Quum
1387 1661 1539 1711 primum
1557 1661 1753 1710 inspexis-

105 1741 184 1766 sem
217 1728 452 1767 collationem
485 1728 626 1766 codicis
668 1728 924 1776 Basileensis,
968 1729 1104 1766 mirans
1153 1729 1229 1767 vidi
1272 1728 1424 1766 lacunas
1471 1740 1560 1766 esse
1598 1729 1633 1766 in
1675 1727 1753 1767 Ciri

104 1797 323 1839 nonnullas,
358 1800 395 1835 et
425 1796 552 1847 plures
585 1797 695 1835 etiam
726 1797 761 1834 in
793 1796 1017 1836 Cataleetis.
1080 1797 1287 1848 lnquisivi3
1335 1797 1483 1834 easdem
1517 1798 1685 1845 cognovi
1718 1798 1751 1834 in

104 1865 274 1904 Romana
306 1864 354 1903 ll.
389 1877 490 1903 esse.
553 1864 696 1918 Quodsi
729 1866 812 1916 quis
854 1865 1145 1915 descriptionem
1187 1865 1433 1903 Romanarum
1477 1869 1638 1903 nostram
1680 1877 1751 1903 non

104 1946 262 1984 prorsus
294 1934 509 1972 consentire
541 1946 620 1971 cum
652 1932 722 1971 hac
763 1933 1022 1983 descriptione
1062 1934 1207 1972 codicis
1250 1934 1507 1978 Basileensis,
1550 1947 1588 1971 v.
1622 1946 1655 1972 c.
1689 1934 1750 1971 di-

105 2014 242 2039 versas
275 2014 364 2039 esse
396 2003 661 2052 inscriptiones
693 2001 884 2039 multorum
917 2003 1143 2050 carminum,
1177 2003 1502 2047 animadverterit,
1538 2003 1568 2040 is
1603 2004 1751 2051 cogitet

106 2070 396 2121 descriptionem
428 2070 697 2115 Roumnarnm,
731 2084 835 2122 quam
868 2069 1053 2112 exhibeo,
1096 2084 1167 2109 non
1211 2084 1260 2109 ex
1292 2072 1386 2121 ipsis
1420 2070 1527 2109 libris
1574 2072 1748 2113 ductam,

106 2139 173 2176 sed
203 2152 249 2177 ex
282 2140 453 2188 praelixa
484 2139 529 2176 iis
561 2138 669 2176 libris
701 2138 847 2176 Tabula
879 2152 980 2176 esse.
1044 2139 1109 2178 Sic
1150 2152 1284 2178 versus
1326 2152 1420 2191 quos
1462 2140 1748 2177 commemoravi

106 2219 203 2244 num.
243 2209 302 2244 16.
338 2210 401 2245 17.
432 2208 561 2245 eodem
594 2207 677 2245 loco
710 2206 789 2255 legi
823 2208 855 2244 in
890 2208 1067 2246 Rornanis
1110 2209 1289 2257 coniicio,
1337 2222 1409 2260 quo
1442 2209 1476 2246 in
1511 2208 1593 2246 cod.
1628 2208 1746 2246 Basil.

107 2275 313 2323 leguntur,
357 2276 422 2314 sed
456 2277 617 2313 ‹nnissos
649 2288 737 2313 esse
769 2277 804 2313 in
836 2275 983 2314 Tabula
1015 2282 1170 2328 propter
1202 2277 1440 2316 brevitatem.
1503 2277 1562 2316 De
1593 2277 1749 2328 Maphei

107 2344 203 2383 libro
236 2345 364 2383 dubito
398 2350 514 2384 utrum
548 2347 634 2384 insit
667 2347 701 2383 in
727 2345 925 2388 Romanis,
960 2358 1005 2383 an
1039 2359 1109 2384 non
1143 2347 1243 2384 insit.
1307 2346 1349 2385 Si
1383 2348 1496 2395 insit,
1531 2346 1640 2385 facile
1673 2359 1748 2384 ex-

106 2413 336 2464 plicabitur,
370 2426 435 2452 cur
466 2414 564 2452 nulla
596 2416 677 2452 eius
709 2415 845 2452 mentio
879 2415 940 2453 liat
972 2416 1005 2452 in
1037 2415 1213 2453 Tabula:
1259 2416 1423 2453 nimirum
1465 2415 1560 2467 quod
1593 2414 1748 2452 alienum

106 2487 189 2521 erat
219 2483 262 2521 ad
284 2482 481 2533 Virgilium
499 2483 796 2522 additamentum.
844 2483 902 2521 De
923 2486 1095 2531 Aetnae,
1120 2484 1314 2532 Dirarum,
1336 2484 1495 2533 Elegiae
1516 2485 1550 2521 in
1572 2482 1747 2521 Maecen.

106 2551 169 2590 ob.
203 2551 321 2590 titulis
353 2551 477 2602 paullo
510 2555 596 2602 post
627 2552 837 2590 monebitur
868 2553 902 2590 in
923 2552 1088 2590 Romana
1108 2552 1156 2590 ll.
1219 2552 1291 2590 Vel
1325 2553 1382 2591 sic
1413 2557 1533 2591 tamen
1568 2564 1638 2590 non
1674 2564 1747 2589 ex-

107 2620 218 2672 pedio
250 2621 390 2668 omnia,
433 2623 470 2659 et
509 2621 635 2672 quaeri
668 2633 784 2671 posse
817 2621 878 2659 hic
909 2621 986 2659 illic
1019 2622 1153 2669 video,
1195 2633 1239 2659 an
1280 2626 1431 2672 praeter
1462 2622 1664 2660 Romanam
1698 2620 1747 2658 ll.

106 2689 170 2728 vel
204 2693 354 2740 praeter
386 2688 586 2726 Romanam
619 2692 832 2741 utramque,
865 2689 972 2727 alium
1005 2691 1141 2727 fontem
1175 2689 1312 2728 habeat
1344 2690 1464 2728 codex
1495 2689 1744 2728 Basileensis.

108 2758 453 2797 Animadvertimus
485 2758 518 2795 in
543 2756 689 2797 Catone
719 2757 919 2810 aliquoties
951 2759 1148 2797 discedere
1180 2759 1346 2797 codicem
1378 2759 1468 2797 Bas.
1490 2771 1511 2796 a
1540 2758 1746 2796 Romanis:

108 2827 174 2866 sed
222 2826 316 2865 haec
356 2828 522 2865 fortasse
566 2827 686 2864 onmia
723 2827 900 2865 eiusmodi
939 2829 1054 2875 sunt,
1097 2830 1135 2866 ut
1180 2826 1342 2875 librarii,
1385 2828 1445 2878 qui
1492 2826 1747 2865 Basileensem

108 2897 289 2947 scripsit,
323 2899 385 2934 aut
416 2894 680 2944 negligentiae
710 2899 773 2934 aut
816 2896 1033 2934 emendandi
1075 2896 1199 2934 studio
1246 2895 1357 2933 tribui
1397 2899 1547 2946 queant.
1608 2895 1746 2932 Verum

109 2964 194 3015 quid
226 2965 273 3002 de
304 2977 349 3002 eo
394 2963 579 3009 dicemus,
620 2962 715 3014 quod
755 2976 890 3002 versus
923 2968 1000 3013 22,
1043 2964 1202 3002 Aeneid.
1239 2964 1302 3001 lib.
1345 2963 1392 3000 ll.
1426 2964 1518 3000 567.
1552 2975 1669 3014 usque
1699 2964 1744 3000 ad

112 3036 209 3071 588.
240 3034 376 3072 adsunt
408 3033 444 3071 in
477 3036 631 3083 utraque
663 3031 856 3082 Romana,
883 3032 1018 3072 desunt
1050 3034 1083 3071 in
1118 3033 1248 3071 codice
1280 3027 1524 3070 Basileensi‘?
1555 3032 1746 3071 Coniicias
