2006 3365
288 139 388 185 134
839 136 1365 179 ANIMADVERSIONES

287 254 325 291 et
356 251 419 291 illo
451 251 556 302 loco,
586 252 623 290 In
654 264 726 303 quo
759 251 837 290 «lixi
871 246 1099 301 ἀμφότερα
1130 263 1231 290 esse.
1278 252 1449 304 Deinde,
1481 255 1578 307 quod
1601 255 1786 305 gravius,
1818 267 1927 307 quum

285 320 358 359 hoc
388 321 598 359 observare
629 319 751 359 soleat
781 319 990 370 Homerus,
1022 322 1061 359 ut
1092 319 1164 358 duo
1196 319 1260 358 illa
1290 322 1474 372 membra,
1518 336 1614 376 quae
1645 322 1932 375 comprehendit

285 402 365 428 vox
398 384 665 438 ἀμφότερον,
697 391 894 428 nectantur
924 387 1109 439 particula
1139 384 1207 438 τέ,
1238 392 1277 428 et
1307 391 1428 429 omnia
1451 393 1490 431 ut
1516 394 1624 431 unius
1646 404 1782 431 versus
1806 391 1932 442 spatio

286 456 574 496 concludantur:
620 457 780 496 Nonnus
811 458 856 496 ad
888 456 1075 496 nectenda
1104 456 1267 495 membra
1308 470 1379 497 non
1412 459 1456 495 τέ
1485 461 1696 511 particula,
1736 460 1802 498 sed
1844 459 1933 498 aliis

284 525 420 573 utitur,
452 525 614 576 duplici,
646 529 709 566 aut
739 526 899 577 simplici
931 524 1021 570 καί,
1057 528 1120 564 aut
1152 523 1197 561 δέ
1228 527 1434 576 particula3
1467 533 1531 568 aut
1556 529 1770 568 liberiorem
1802 540 1933 580 quam..

284 593 365 633 dam
397 594 698 634 coniunctionem
730 595 910 646 instituit,
942 594 1052 633 Xlll.
1086 597 1182 633 223.
1216 608 1322 647 quem
1359 595 1479 635 locum
1512 597 1582 636 iam
1614 597 1873 636 laudavimus:

1140 659 1389 713 ἀμφότερον
1421 661 1490 716 δέ,

569 726 699 769 ὅσσον
730 729 804 782 έήν
835 729 994 783 έρόεις,
1027 730 1154 769 τόσον
1186 724 1380 779 ἄλκιμος.

285 802 323 840 et
351 799 494 841 XLIII.
532 804 622 840 122.

1140 867 1388 920 dgnpo'zaepov
1417 868 1519 920 γάρ,

573 935 612 975 εἰ
643 935 751 986 λάχε
782 937 950 987 γείτονα
982 936 1153 984 πόντον,
1189 935 1281 986 ἔχει
1315 936 1431 989 φυτὰ
1462 938 1598 989 μυρία
1629 935 1830 987 Βάκχου.

284 1019 380 1060 quae
411 1006 585 1058 exempla
626 1007 800 1058 proxime
839 1007 884 1046 ad
917 1006 1076 1048 Catonis
1113 1007 1231 1047 locum
1272 1008 1474 1059 accedunt3
1518 1013 1582 1048 aut
1624 1009 1782 1061 denique
1819 1007 1933 1059 plane

286 1088 361 1115 non
392 1076 511 1115 nectit
540 1076 723 1126 membra,
754 1075 883 1115 XXX.
903 1078 998 1115 235.
1024 1075 1192 1115 XXXV.
1219 1078 1310 1115 170.
1336 1076 1545 1116 XXXVII.
1570 1081 1664 1116 217.
1687 1077 1812 1128 spatio
1838 1088 1932 1114 vero

285 1145 356 1183 duo
387 1144 552 1182 membra
582 1145 707 1183 maiori
742 1147 780 1184 et
803 1158 872 1196 per
897 1146 968 1183 duo
995 1148 1127 1184 tresve
1151 1157 1288 1183 versus
1314 1145 1495 1185 distendit
1520 1145 1746 1198 aliquoties,
1766 1145 1839 1184 Xl.
1865 1148 1931 1183 25.

283 1212 413 1253 XXX.
435 1214 530 1252 275.
561 1213 748 1252 XLVIII.
775 1217 869 1252 424.
916 1213 1016 1252 Huic
1046 1213 1210 1251 locorum
1242 1214 1376 1262 generi
1398 1212 1570 1253 Graefius
1593 1215 1703 1253 etiam
1727 1213 1826 1252 illum
1857 1213 1928 1252 ad-

285 1281 463 1329 dendum,
497 1282 759 1321 emendatione
790 1294 883 1320 sane
914 1294 1019 1334 quam
1051 1281 1176 1330 sacili,
1207 1282 1386 1332 putabat,
1418 1283 1479 1334 qui
1512 1286 1572 1322 est
1587 1282 1814 1321 XXXVIII.
1833 1284 1930 1322 334.

574 1349 721 1400 φείδεο
756 1349 832 1400 σῆς
863 1347 1073 1399 μάστιγος
1106 1346 1336 1399 ἀγήνορος·
1371 1346 1631 1400 ἀμφοτέρων
1664 1347 1709 1386 δὲ

571 1417 850 1467 πλαζομένων
882 1416 1104 1469 πεφύλαξο
1138 1417 1211 1455 καί
1242 1416 1466 1456 ἀπλανέων
1502 1416 1635 1468 χορὸν
1669 1412 1851 1468 ἄστρων.

286 1489 348 1527 ubi
380 1486 443 1526 ille
474 1489 614 1527 rectius
645 1492 683 1528 et
714 1489 927 1538 elegantius
960 1490 1040 1528 fore
1073 1484 1322 1538 ἀμφότερον
1351 1488 1623 1528 adverbialiter
1653 1489 1757 1529 dicit.
1803 1487 1931 1528 Laudo

287 1557 383 1609 quod
417 1568 488 1595 non
520 1559 722 1608 receperit.
769 1557 886 1598 Certe
917 1557 1002 1597 mihi
1035 1558 1140 1596 unice
1171 1557 1298 1608 placet
1330 1554 1613 1607 ἀμφοτέρων,
1647 1559 1709 1610 qui
1739 1560 1931 1609 reputem,

288 1622 537 1675 ἀμφότερον
577 1629 651 1665 tum
682 1627 822 1665 demum
861 1629 1037 1666 accurate
1075 1626 1280 1677 positurum
1312 1628 1431 1666 fuisse
1461 1630 1632 1678 poetam,
1673 1627 1706 1666 si
1737 1626 1812 1665 tale
1842 1625 1931 1678 quid

287 1694 457 1734 scribere
494 1694 705 1734 voluisset:
753 1700 965 1748 utrumque,
1006 1698 1044 1734 et
1081 1694 1236 1744 stellas,
1275 1695 1371 1734 fixas
1410 1695 1681 1748 planetasque,
1725 1698 1765 1734 et
1796 1699 1932 1734 terram

288 1776 397 1803 cave.
445 1762 594 1803 Usitate
625 1768 746 1803 autem
777 1764 912 1803 Nonne
944 1765 1039 1803 dici:
1074 1759 1353 1813 ἀμφοτέρων,
1387 1763 1665 1811 πλαζομένων
1695 1762 1767 1800 καί
1798 1759 1932 1799 ἀπλα-

287 1832 395 1869 νέων
428 1824 621 1881 ἄστρων,
654 1834 828 1873 eoncedit
867 1833 1065 1873 Graefius:
1120 1845 1240 1885 neque
1280 1833 1352 1872 hoc
1393 1835 1530 1883 fugere
1568 1834 1692 1884 potuit
1734 1833 1855 1872 virum
1896 1833 1933 1871 ln

287 1903 424 1942 Nonne
456 1914 524 1940 suo
558 1903 719 1951 egregie
750 1907 954 1942 versatum.
1016 1901 1122 1941 Unde
1154 1903 1263 1940 etiam
1294 1903 1496 1952 ingeniose
1528 1903 1681 1942 coniicit
1711 1902 1808 1941 libro
1841 1900 1931 1940 VII.

287 1974 375 2023 post
406 1984 444 2009 v.
483 1974 573 2010 183.
616 1972 808 2009 excidisse
841 1970 1013 2010 Semeles
1055 1973 1092 2010 et
1130 1970 1270 2009 Bacchi
1302 1972 1460 2009 nomina.
1522 1969 1582 2011 Cf.
1623 1972 1655 2009 si
1690 1971 1838 2022 placet,
1878 1970 1929 2009 II.

290 2042 384 2079 475.
424 2039 494 2079 IV.
528 2043 594 2079 59.
633 2043 723 2078 163.
764 2039 912 2079 XXIX.
947 2043 1012 2078 43.
1047 2042 1113 2077 62.
1150 2043 1241 2078 105.
1284 2039 1451 2078 XXXV.
1490 2043 1579 2079 135.
1621 2040 1792 2092 aliosque
1822 2039 1932 2078 locos

289 2122 395 2161 quam
426 2108 619 2159 plurimos.
664 2109 838 2148 Eumdem
871 2110 906 2147 in
938 2110 1080 2147 modum
1114 2101 1246 2158 ἄμφω
1274 2110 1426 2160 ponitur
1456 2109 1518 2147 hic
1548 2108 1646 2147 illie:
1681 2111 1720 2147 ut
1751 2109 1932 2159 praemit-

290 2180 388 2217 tatur
420 2169 579 2226 ἄμφω,
611 2180 683 2215 tum
710 2178 893 2216 addantur
925 2178 1092 2216 nomina:
1124 2180 1242 2217 XIII.
1268 2182 1362 2216 396.
1388 2180 1481 2216 464.
1513 2177 1626 2217 XIV.
1653 2181 1742 2217 190.
1775 2177 1931 2217 XXVI.

291 2249 356 2285 86.
391 2248 486 2285 364.
518 2245 707 2286 XXXIII.
743 2249 835 2285 169.
867 2246 950 2285 XL.
974 2249 1070 2285 228.
1119 2246 1325 2297 Antipater
1356 2246 1438 2285 Sid.
1471 2247 1612 2286 XLIX.
1647 2252 1685 2286 3.
1719 2243 1933 2290 ἀπλανέας

288 2313 324 2351 τ’
357 2307 489 2365 ἄμφω
524 2313 598 2350 καί
628 2311 857 2364 ἀλήμοιας.
890 2315 1013 2353 simile
1044 2316 1167 2354 Nonni
1199 2315 1307 2365 loco,
1341 2327 1445 2367 quem
1476 2315 1602 2366 paullo
1628 2318 1716 2354 ante
1746 2315 1932 2355 tractavi-

288 2396 392 2422 mus:
434 2384 501 2422 sed
533 2384 766 2432 inusitatum,
806 2384 905 2436 quod
949 2376 1082 2434 ἄμφω
1124 2386 1159 2423 in
1200 2384 1320 2423 medio
1360 2385 1487 2435 posuit
1520 2385 1735 2436 Antipater.
1795 2385 1839 2424 Si
1869 2383 1932 2423 hic

290 2455 351 2492 est
385 2452 605 2503 Antipater:
638 2451 701 2490 alii
730 2452 918 2491 Leonidae
949 2454 1117 2492 tribuunt
1148 2454 1376 2504 epigramma
1406 2452 1508 2491 illud.

375 2521 491 2572 Apud
523 2519 701 2560 Catonem
734 2522 769 2558 in
801 2520 909 2560 libris
941 2521 1031 2560 nihil
1063 2522 1261 2561 varietatis
1293 2525 1375 2571 est,
1406 2523 1478 2560 nisi
1509 2523 1606 2575 quod
1638 2528 1677 2562 et
1705 2522 1814 2561 deest
1843 2521 1931 2561 Mu-

290 2591 449 2633 tinensi,
491 2591 529 2628 et
565 2595 770 2643 utrumque
808 2589 871 2628 alii
910 2603 977 2641 per
1017 2590 1270 2641 compendium
1308 2591 1486 2640 scriptum
1524 2590 1686 2640 hahent,
1735 2598 1927 2645 utruque,

289 2659 375 2708 alii,
406 2662 446 2698 ut
477 2658 612 2697 Mutin.
645 2658 742 2697 Ven.
777 2658 876 2698 Ruh.
912 2661 950 2698 et
981 2659 1208 2707 Vieentina,
1241 2666 1448 2713 utrunque.
1509 2659 1679 2708 August.
1716 2666 1928 2714 ulruquae.

289 2727 629 2778 Interpunetionem
662 2727 863 2779 pleraeque
897 2730 1051 2766 veteres
1082 2730 1170 2778 post
1200 2730 1305 2776 eris,
1351 2731 1439 2779 post
1468 2730 1672 2776 morieris,
1716 2730 1754 2766 et
1783 2728 1930 2778 plenam

289 2799 380 2848 post
409 2803 613 2850 utrumque
644 2794 795 2833 liabent.
859 2795 940 2834 Sed
973 2797 1278 2846 distinguendum
1315 2798 1423 2835 etiam
1464 2799 1550 2848 post
1579 2809 1680 2846 non,
1721 2799 1760 2835 ut
1788 2798 1929 2837 faciunt

288 2866 407 2917 prima
447 2864 563 2914 Aldi,
601 2863 710 2903 aliae.
772 2865 998 2917 Quamquam
1035 2864 1162 2903 harum
1202 2877 1274 2904 non
1312 2877 1456 2917 paucae
1492 2877 1622 2904 rursus
1664 2876 1708 2903 eo
1746 2867 1928 2916 peccant,

291 2934 388 2986 quod
420 2933 753 2984 interpunctionem
783 2937 873 2984 post
905 2941 1108 2988 utrumque
1140 2934 1324 2973 omittunt.

375 3002 555 3042 Heinsius
593 3001 789 3055 aliquando
831 3001 929 3042 hunc
969 3015 1118 3042 versum
1156 3002 1383 3053 iungendum
1423 3013 1512 3042 esse
1553 3013 1632 3040 cum
1671 3002 1929 3053 praecedente
