2006 3365
256 127 356 173 154
811 124 1339 166 ANIMADVERSIONES

539 240 660 279 Nunc
690 245 778 278 erat
809 252 836 277 a
866 247 984 279 torva
1015 240 1243 280 submittere
1273 254 1422 280 cornua
1450 242 1603 293 fronte,

650 308 772 347 Nunc
799 308 935 361 pluma
965 322 1090 349 canos
1123 310 1380 350 dissimulare
1409 317 1514 351 tuos.

537 376 655 416 Haec
685 390 784 416 vera
815 386 878 417 esc
908 379 1077 418 Danae.

256 445 332 485 Cur
361 448 482 483 autem
521 444 592 484 liae
628 447 782 496 saepius
822 459 927 498 quam
967 446 1079 492 aliae,
1121 447 1245 485 otiosa
1284 448 1382 486 foret
1420 449 1602 499 quaestio.
1663 447 1721 486 De
1760 446 1890 485 Danae

255 517 435 564 apparet:
469 515 637 565 quoniam
669 514 769 552 nulla
800 517 920 566 magis
945 519 1166 565 portentosa
1184 511 1539 565 μεταμόρφωσις.
1578 516 1757 555 Fortasse
1782 516 1890 553 etiam

252 582 466 633 pictoribus
508 582 593 620 illae
634 586 774 621 mature
815 583 1029 622 celebratae
1062 586 1177 622 fuere.
1240 582 1336 624 Cato
1368 588 1512 630 autem,
1555 597 1661 637 quum
1703 584 1893 635 potuisset

254 663 376 702 cycno
409 651 504 690 Iove
535 652 680 703 (liqna,
714 652 779 691 vel
810 666 933 700 auro,
967 652 1091 691 maluit
1120 658 1237 692 tauro
1258 653 1356 692 Ioue
1387 654 1533 704 (llyna,
1566 653 1631 693 vel
1652 666 1774 701 auro,
1796 664 1892 701 gra-

253 722 326 757 tum
357 719 430 757 sibi
469 733 632 772 suaeque
673 722 786 760 aetati
828 720 1167 760 homoeoteleuton.
1228 722 1290 760 Ad
1333 723 1554 761 sententiam
1585 721 1744 762 Catonis
1781 721 1893 760 etiam

253 788 474 840 Propertius
505 790 596 828 facit
629 791 656 828 l.
694 805 783 838 x111,
817 794 883 829 29.
916 804 973 842 sq.
1007 791 1052 829 de
1083 791 1207 841 puella
1237 790 1361 830 Galli:

535 859 625 898 Nec
654 863 811 907 mirum,
847 874 960 913 quum
992 863 1045 898 sit
1077 859 1170 898 love
1199 860 1336 909 digna,
1368 866 1406 899 et
1433 862 1615 911 proxima
1648 858 1809 908 Ledae,

651 929 705 967 Ec
738 928 880 967 Ledae
907 936 1053 981 partu,
1086 932 1242 981 ιᾳνιῑίῖον
1275 942 1354 968 una
1385 929 1529 968 tribus.

536 997 618 1035 Icta
650 999 705 1035 sit
736 998 918 1036 Inachiis
950 1004 986 1037 et
1020 998 1205 1037 blandior
1233 998 1435 1046 heminis,

653 1065 734 1104 Illa
766 1069 855 1105 suis
888 1066 1022 1106 verbis
1055 1074 1173 1118 coyat
1203 1080 1338 1106 amare
1368 1067 1513 1105 Iovem.

252 1132 285 1170 si
319 1136 437 1171 tamen
469 1133 521 1171 ibi
552 1146 681 1172 verum
713 1137 770 1173 est
813 1135 910 1174 Iove
941 1136 1077 1186 digyna.
1140 1135 1341 1173 Fatendum
1373 1135 1492 1183 enim,
1534 1146 1623 1172 esse
1664 1132 1801 1185 aliquid
1833 1133 1893 1172 ie-

252 1201 326 1238 iuni
361 1202 396 1238 in
429 1203 614 1239 sententia
645 1203 697 1241 ita
728 1203 932 1253 bipartita,
966 1204 1063 1242 Iove
1093 1205 1241 1254 (liqna,
1275 1211 1312 1243 et
1340 1207 1523 1255 prooeirna
1555 1201 1717 1251 Ledaeg
1751 1205 1789 1241 et
1820 1205 1893 1240 tam

253 1268 465 1318 elegantem
498 1282 608 1318 esse,
649 1284 754 1323 quam
787 1276 847 1310 est
879 1271 1027 1319 facilis,
1068 1272 1359 1310 emendationem
1392 1271 1561 1309 Heinsii:
1611 1271 1709 1310 Iove
1746 1272 1895 1323 ‹liqnae

252 1342 435 1392 proxima
462 1339 615 1378 Ledae.
706 1338 903 1379 Caeterum
937 1340 1156 1390 Propertius
1189 1340 1346 1380 Catonis
1378 1339 1485 1387 loco,
1518 1352 1623 1391 quem
1655 1339 1779 1390 paullo
1808 1342 1894 1378 ante

254 1408 500 1446 tractavimus
542 1408 622 1446 Eel.
657 1412 747 1455 25.,
790 1409 920 1447 similis
953 1421 997 1447 eo
1029 1412 1109 1453 est,
1150 1409 1246 1461 quod
1290 1408 1601 1460 pulchritudinem
1641 1409 1842 1458 distinguit
1872 1420 1895 1447 a

254 1475 459 1515 blanditiis.
521 1476 672 1529 Quippe
712 1490 828 1516 versu
870 1482 936 1517 29.
976 1490 1049 1516 non
1090 1478 1238 1516 dubium
1280 1480 1361 1526 est,
1407 1478 1492 1530 quin
1533 1477 1579 1516 de
1617 1476 1895 1528 pulchritudine

255 1546 424 1595 corporis
466 1547 611 1595 cogitet
642 1547 884 1597 Propertius.
944 1546 1037 1585 Tum
1071 1560 1108 1584 v.
1142 1550 1208 1586 31.
1242 1550 1279 1584 2.
1318 1547 1415 1599 quod
1456 1547 1567 1595 dieit,
1609 1546 1816 1595 blandior,
1857 1547 1895 1585 et

253 1617 342 1654 suis
375 1615 507 1654 verbis
541 1623 660 1666 coya(
691 1629 827 1655 anlare
859 1616 1010 1664 Iovem,
1045 1616 1132 1654 illud
1165 1619 1246 1662 est,
1287 1615 1383 1667 quod
1416 1615 1512 1666 apud
1546 1613 1725 1655 Catonem
1758 1615 1892 1654 docta.

253 1683 352 1723 Sunt
383 1687 502 1722 autem
535 1684 730 1724 Inachiae
759 1685 946 1724 heminae
976 1684 1063 1722 illae
1096 1686 1222 1734 ipsae,
1254 1696 1346 1736 quas
1377 1688 1487 1722 antea
1518 1683 1633 1729 dixit,
1661 1683 1783 1732 Leda,
1808 1683 1891 1722 He-

252 1752 361 1800 lena,
394 1752 722 1803 Clytaemnestra,
763 1753 857 1792 aliae
890 1754 1054 1792 eiusdem
1087 1755 1209 1791 terrae
1247 1756 1359 1804 atque
1398 1753 1549 1791 aetatis.
1612 1751 1760 1804 Ubique
1793 1753 1892 1791 Pro-

252 1822 375 1872 pertio
408 1821 620 1860 celebratur
648 1823 818 1874 formosi
847 1825 1033 1875 temporis
1066 1829 1206 1861 aetas:
1240 1823 1288 1859 (τῖ’.
1321 1822 1353 1859 si
1386 1821 1530 1872 placet,
1564 1821 1613 1860 ll.
1642 1836 1791 1870 xxvm,
1824 1824 1891 1860 53.

252 1890 315 1929 Ad
349 1889 529 1930 Catonem
562 1895 601 1928 ut
631 1892 802 1940 redeam,
843 1891 1091 1930 memorabilis
1129 1894 1189 1929 est
1224 1891 1259 1928 in
1290 1894 1404 1941 poeta
1436 1890 1619 1928 dubitatio
1652 1892 1765 1942 atque
1796 1889 1892 1929 hae-

252 1960 377 1998 resis:
410 1962 449 1999 si
476 1960 626 2012 fabula
656 1973 730 1999 non
762 1973 871 1999 vana
902 1965 977 1999 est.
1039 1959 1216 2007 Dubitat,
1248 1971 1293 1997 an
1326 1971 1453 1997 verum
1485 1959 1559 2006 sit,
1593 1958 1690 2010 quod
1722 1960 1893 1997 narratur

253 2027 299 2066 de
330 2028 423 2067 Iove
454 2031 583 2078 tauro,
616 2032 653 2068 et
684 2041 789 2068 auro.
850 2028 1032 2069 Similiter
1062 2027 1252 2077 Virgilius
1284 2027 1430 2077 Georg.
1464 2027 1533 2066 lll.
1566 2031 1661 2067 391.
1719 2026 1894 2066 Munere

254 2100 317 2136 sic
348 2100 461 2136 niveo
493 2097 636 2146 canae,
679 2099 711 2136 si
743 2098 896 2136 credere
936 2097 1085 2147 dignum
1118 2100 1200 2144 est,
1240 2096 1333 2136 Pan
1372 2097 1470 2137 deus
1504 2099 1576 2135 etc.
1618 2099 1656 2136 et
1689 2096 1788 2135 Aen.
1820 2094 1890 2136 VI.

258 2166 351 2204 173.
410 2167 601 2206 Aemulus
639 2173 843 2220 exceptum
879 2167 1038 2215 Triton,
1082 2167 1113 2204 si
1146 2166 1302 2205 credere
1340 2166 1490 2214 dignum
1523 2166 1599 2212 est,
1641 2164 1752 2204 Inter
1782 2176 1892 2204 sama

254 2238 401 2283 virum,
435 2241 508 2274 ete.
570 2234 705 2276 Cicero
736 2236 853 2274 Tusc.
886 2235 916 2274 Ι.
950 2250 1128 2274 xxxvm.
1181 2236 1401 2287 Endymion
1434 2247 1547 2282 vere,
1581 2234 1613 2272 si
1645 2232 1793 2272 fabulas
1824 2245 1892 2273 au-

256 2303 335 2342 dire
365 2304 534 2342 volumus
565 2308 638 2343 ete.
685 2304 847 2344 Ovidius
878 2305 980 2344 Fast.
1009 2304 1038 2342 1.
1068 2306 1160 2343 469.
1193 2303 1240 2342 de
1261 2303 1449 2341 Arcadia:
1483 2301 1586 2342 Orta
1612 2305 1727 2355 prior
1750 2301 1889 2351 Luna,

257 2373 304 2412 de
335 2385 378 2411 se
408 2374 439 2411 si
471 2373 633 2412 creditur
664 2374 756 2423 ipsi,
786 2375 825 2412 A
855 2387 994 2425 mayn«)
1025 2374 1145 2412 tellas
1178 2375 1251 2410 etc.

342 2442 480 2482 Libros
511 2442 606 2493 quod
639 2443 792 2491 attinet,
824 2443 975 2481 dubites
1007 2447 1124 2481 utrum
1155 2441 1239 2492 plus
1271 2442 1317 2479 iis
1348 2440 1515 2491 tribuas,
1557 2441 1618 2493 qui
1649 2454 1795 2488 aures,
1827 2439 1891 2479 vel

258 2514 416 2560 aureis,
450 2512 609 2550 offerunt
641 2524 678 2549 v.
714 2513 779 2550 27.
839 2524 885 2550 an
918 2512 1072 2562 scriptis
1110 2512 1202 2549 meis
1234 2511 1418 2561 antiquis,
1459 2510 1519 2561 qui
1557 2523 1688 2549 aurem
1718 2508 1889 2548 suadent.

256 2583 350 2622 Nam
381 2589 547 2622 auertas
579 2596 678 2621 aare
707 2582 843 2621 petav.
875 2582 970 2632 apud
1002 2581 1215 2630 Heinsium,
1236 2579 1651 2623 Tinianeus,Leidens.
1672 2578 1890 2628 Burmanni,

257 2652 378 2691 Paris.
412 2651 461 2690 ll.
507 2659 674 2690 auertas
707 2665 841 2690 aurem
871 2665 920 2690 ea
951 2650 1075 2689 Paris.
1108 2649 1177 2687 ΙΙΙ.
1224 2652 1403 2688 auerz'las
1436 2663 1536 2689 aare
1564 2648 1733 2700 August.
1785 2646 1891 2701 Quae

258 2724 345 2760 sunt
375 2722 485 2770 vitia,
529 2720 596 2759 sed
628 2721 741 2764 vitia,
776 2720 811 2758 in
843 2720 979 2772 quihus
1010 2718 1121 2767 latet,
1163 2717 1224 2756 vel
1256 2718 1384 2768 potius
1416 2730 1486 2756 non
1518 2717 1631 2766 latet,
1672 2728 1763 2754 vera
1793 2716 1889 2754 scri-

257 2794 386 2841 ptura,
430 2797 596 2830 avertas
637 2803 791 2837 aurem,
837 2801 930 2841 quae
968 2789 1133 2826 cernitur
1173 2787 1209 2824 in
1242 2786 1399 2825 Vratisl.
1443 2789 1481 2826 et
1518 2787 1554 2825 in
1593 2784 1890 2824 Monacensibus

259 2860 426 2908 duobus,
467 2861 504 2898 et
534 2860 570 2898 in
601 2858 660 2897 his
691 2858 858 2910 quidem,
892 2856 1213 2904 Monacensihus,
1256 2868 1333 2894 cum
1366 2856 1665 2906 interpunctione
1696 2856 1783 2904 post
1814 2866 1890 2893 au-

259 2943 350 2968 rem.
393 2928 538 2967 Deinde
568 2940 618 2967 ex
649 2940 747 2967 aure
777 2928 814 2965 in
845 2926 954 2975 aliis,
985 2938 1079 2977 quos
1114 2926 1237 2964 statim
1269 2926 1502 2975 videbimus,
1533 2936 1630 2963 auro
1654 2923 1790 2963 factum
1815 2925 1887 2962 est.

260 3003 427 3038 auertas
458 3011 580 3039 aures
613 3008 691 3036 cum
730 2997 868 3048 puncto
898 2996 988 3047 post
1017 3007 1139 3034 aures
1169 2993 1327 3044 Anglic.
1358 2993 1495 3034 Mutin.
1527 2992 1723 3032 aduenas
1754 2993 1890 3032 aureis
