2006 3365
261 130 362 174 176
821 124 961 165 ΑΝΙΜ
968 125 1346 166 ADVERSIONES

258 242 352 283 Pan
380 242 558 295 fistulam
595 254 617 280 e
655 241 842 295 Nympha
872 241 1073 293 Syrinqe)
1113 243 1177 280 aut
1206 243 1366 295 passim
1408 241 1581 294 inspersa
1620 243 1685 283 vel
1721 244 1900 296 sparsim

255 311 458 350 collocata
489 309 621 347 mundo
652 310 690 348 Ιι.
721 324 755 348 e.
787 309 896 348 coelo
931 309 1059 358 videt,
1099 320 1197 360 quae
1229 310 1357 349 dicere
1387 309 1539 359 longum
1572 314 1652 361 est,
1692 326 1725 351 e.
1757 325 1797 363 q.
1829 326 1900 351 ur-

256 393 344 418 sam
374 382 413 418 in
444 379 573 426 coelo,
606 379 819 417 Ariadnae
848 390 1046 417 coronam.
1107 377 1258 417 Rursus
1290 379 1540 418 recentissimi
1583 379 1628 418 ad
1660 381 1899 419 coniecturas

256 447 519 495 confugerunt.
581 446 785 496 Silligius:
827 446 883 486 Ec
916 460 1027 501 quem
1055 459 1203 499 pompa
1235 448 1368 496 (lenm,
1404 448 1476 486 nisi
1510 449 1633 488 silvis
1665 450 1800 500 fama,
1835 448 1900 487 lo-

254 521 348 553 cuta
379 521 455 554 est.
505 514 654 563 Omnis,
686 530 761 556 vos
793 516 924 565 scitis,
957 530 1090 555 seeum
1119 530 1198 556 sua
1229 517 1384 568 glandia
1405 523 1565 567 gestat,
1599 519 1683 556 Aut
1706 518 1899 570 inspersa

253 586 326 622 etc.
360 584 530 636 idemque
562 596 711 623 versum
744 584 804 636 qui
837 584 957 633 vulgo
989 589 1049 624 est
1084 587 1177 623 144.
1209 586 1260 624 ita
1291 585 1489 635 scriptum,
1521 585 1641 625 Luna
1670 591 1742 625 tua
1773 588 1805 624 it
1834 592 1898 625 te-

252 663 365 701 cumg
398 666 469 691 eur
498 667 535 691 η.
567 667 600 693 e.
632 668 663 693 e.
695 668 742 692 m.
773 666 938 703 meeum,
973 653 1043 693 huc
1069 654 1386 701 transferendum,
1419 657 1530 704 atque
1548 654 1783 693 inserendum
1808 666 1898 693 esse

251 724 341 773 post
372 721 491 767 hunc,
524 723 580 761 Ec
612 737 722 776 quem
750 736 791 775 p.
825 723 864 761 d.
899 724 1062 761 coniicit.
1115 722 1344 762 Putschius:
1379 722 1613 761 celebravit
1644 735 1812 762 amorem
1844 723 1898 762 Et

253 804 361 845 quem
393 790 556 842 nympha
595 792 729 840 deum,
778 791 849 829 nisi
889 790 1005 839 ludis,
1043 793 1180 844 fama,
1225 794 1355 829 secuta
1394 797 1470 830 est.
1534 789 1676 830 Omnia
1708 791 1897 830 coelestes

251 873 382 899 seeum
414 874 490 899 sua
520 861 674 912 qaudia
703 862 881 909 gestant,
928 860 1012 899 'Aac
1051 862 1243 913 inspersa
1281 859 1411 898 vident
1449 860 1614 908 mundo,
1659 873 1696 914 q.
1731 860 1768 898 d.
1802 860 1829 898 l.
1861 874 1895 899 e.

251 929 363 968 deum
394 928 575 978 intelligit
604 929 729 973 Pana,
763 930 969 981 nympham
1002 929 1196 979 Syringa,
1229 941 1308 967 eum
1341 928 1618 967 Wernsdorfio.
1674 927 1894 981 Quaeritur,

251 1010 323 1050 quo
356 998 447 1036 iure.
507 997 721 1051 IVymplme
751 999 845 1036 enim
877 1002 1028 1048 praeter
1059 998 1232 1049 Syringa
1264 1000 1368 1036 fuere
1399 997 1553 1045 multae,
1586 1000 1624 1036 et
1655 997 1765 1037 deum
1791 997 1896 1036 Pana

251 1078 339 1105 esse
370 1067 452 1118 quis
485 1066 695 1116 intelligat,
728 1067 798 1104 nisi
830 1068 1041 1105 accuratius
1073 1068 1337 1106 describatur?
1370 1067 1472 1106 Sane
1497 1067 1605 1106 etiam
1630 1067 1724 1105 infra
1749 1067 1896 1105 ohscu-

251 1136 327 1173 rius
359 1134 521 1186 loquitur
552 1135 597 1173 de
628 1136 857 1184 amantibus,
895 1135 976 1174 Eel.
1009 1139 1075 1174 50.
1110 1139 1148 1174 et
1180 1139 1246 1173 66.
1288 1136 1353 1174 sed
1387 1138 1509 1174 tamen
1541 1136 1613 1185 ita,
1654 1138 1693 1175 ut
1731 1135 1894 1174 divinari

249 1204 398 1254 possit,
440 1204 499 1256 qui
530 1204 607 1242 sint
645 1209 812 1242 amantes
852 1203 1106 1253 intelligendi.
1169 1202 1316 1241 Deinde
1358 1203 1604 1243 vehementer
1642 1203 1801 1254 languet
1834 1203 1893 1245 Ο-

248 1276 352 1311 mnia
384 1273 420 1310 in
453 1273 712 1312 emendatione
746 1271 934 1315 Putsehii,
971 1285 1078 1324 quum
1110 1270 1238 1322 potius
1270 1275 1517 1323 exspectetur
1547 1285 1692 1313 omnes.

333 1340 429 1380 Mihi
463 1355 511 1379 ex
543 1341 602 1380 his
634 1342 806 1380 omnibus
838 1340 929 1379 nihil
961 1353 1004 1379 se
1042 1340 1271 1391 approbavit
1311 1344 1460 1392 praeter
1498 1341 1587 1380 illud
1626 1355 1648 1380 a
1679 1341 1808 1381 Gloss.
1841 1341 1892 1382 V.

250 1409 283 1449 Ι.
315 1416 353 1449 et
386 1411 645 1449 Wernsdorfio
678 1412 841 1460 egregie
872 1410 1137 1454 observatum,
1178 1422 1384 1448 sermonem
1426 1422 1515 1449 esse
1554 1411 1601 1449 de
1631 1410 1767 1461 puellis
1797 1411 1892 1449 deo-

249 1492 347 1530 rum,
381 1482 444 1519 aut
476 1481 510 1518 in
543 1481 700 1519 arbores
733 1480 936 1530 plantasve
967 1479 1185 1526 conversis,
1218 1482 1281 1518 aut
1312 1480 1409 1518 inter
1439 1480 1565 1519 sidera
1595 1480 1739 1520 relatis.
1786 1479 1892 1533 Quae

248 1549 404 1587 arbores
437 1548 660 1600 plantaeque
687 1549 768 1587 dum
794 1549 945 1587 additae
971 1560 1120 1598 semper
1143 1548 1267 1597 signis
1294 1549 1596 1601 imaginibusque
1620 1549 1769 1588 deorum
1797 1561 1890 1588 con-

247 1619 477 1668 spiciuntur,
520 1620 558 1657 et
588 1630 683 1669 quae
715 1618 840 1656 sidera
870 1617 952 1656 dum
983 1628 1135 1667 semper
1174 1616 1325 1665 fulgent
1362 1617 1548 1666 insignita
1583 1617 1786 1668 puellarum
1818 1630 1890 1656 no-

246 1687 426 1736 minibus,
458 1690 641 1738 perpetuo
673 1698 717 1725 ac
747 1699 928 1738 nunquam
960 1684 1120 1723 delendo
1154 1685 1374 1724 documento
1405 1686 1540 1725 docent
1565 1687 1755 1724 amavisse
1783 1687 1888 1725 deos.

245 1756 492 1794 Mutationem
523 1756 594 1794 feei
629 1768 756 1805 unam,
800 1755 942 1802 lenem,
982 1757 1020 1793 ut
1051 1752 1136 1791 mihi
1171 1753 1342 1801 videtur,
1386 1768 1501 1803 nam,
1548 1766 1616 1805 pro
1656 1767 1728 1807 quo
1769 1755 1889 1805 vulgo

245 1838 343 1872 non,
379 1828 417 1863 et
447 1824 530 1862 aliis
562 1825 599 1862 in
630 1823 737 1862 libris
768 1826 864 1864 nisi.
924 1824 1103 1863 Nimirum
1135 1836 1224 1862 nam
1266 1836 1372 1875 quum
1406 1836 1471 1874 per
1503 1824 1758 1874 compendium
1789 1825 1889 1863 seri-

245 1897 345 1945 ptum
377 1896 502 1941 esset3
534 1892 596 1931 alii
627 1894 662 1931 in
694 1906 768 1932 non
799 1895 1059 1939 mutaverunt,
1102 1892 1186 1939 alii,
1226 1892 1320 1931 male
1351 1892 1551 1943 duplicatis
1583 1893 1758 1931 vocabuli
1790 1893 1888 1945 quod

245 1964 412 2014 sequitur
443 1962 579 2000 litteris
611 1962 823 2012 prioribus,
861 1962 897 1999 in
929 1963 1025 2000 nisi.
1089 1961 1249 2000 Sensum
1288 1961 1361 1999 loci
1399 1962 1466 2000 iam
1499 1962 1662 2000 indicavi
1694 1975 1810 2013 supra
1840 1962 1886 2000 ad

245 2045 284 2070 v.
319 2034 384 2070 43.
416 2031 484 2069 sed
519 2043 588 2068 non
620 2031 731 2080 piget
762 2030 891 2069 iterum
923 2030 1143 2068 describere
1181 2034 1293 2081 atque
1324 2042 1499 2069 enarrare
1530 2030 1670 2078 locum,
1712 2034 1752 2070 ut
1783 2034 1886 2071 totus

245 2100 411 2151 patefiat.
472 2099 601 2151 ltaque
632 2100 689 2137 sic
722 2098 838 2138 Cato.
883 2098 1059 2147 Phoebe,
1104 2112 1242 2138 reeens
1275 2100 1315 2137 in
1345 2105 1384 2138 te
1414 2100 1555 2139 laurus
1587 2099 1809 2139 celebravit
1838 2114 1886 2140 a-

243 2181 405 2219 mormug
436 2175 474 2208 et
506 2181 608 2221 quae
635 2181 781 2220 pompa
812 2169 944 2216 deum,
986 2167 1023 2206 h.
1056 2181 1089 2207 e.
1130 2168 1190 2220 qui
1222 2168 1372 2206 deorum
1413 2172 1562 2218 praeter
1588 2166 1781 2206 Phoebum
1811 2180 1883 2207 nus

245 2249 384 2280 merus,
419 2250 549 2276 seeum
580 2250 657 2276 sua
688 2237 868 2287 glandia,
912 2237 1025 2285 solia,
1071 2236 1184 2275 flores
1216 2248 1265 2274 ex
1298 2236 1433 2287 puellis
1465 2237 1586 2286 facta,
1626 2242 1786 2288 qestat,
1819 2239 1883 2277 aut

244 2309 436 2358 inspersa
466 2306 597 2353 videt,
637 2308 816 2357 tamquam
855 2306 1003 2358 sidera,
1044 2306 1169 2345 caelo.
1232 2304 1489 2355 Supplendum
1528 2307 1587 2345 est
1629 2317 1679 2344 ex
1718 2317 1880 2357 praece-

244 2376 445 2414 dentibus:
493 2387 537 2413 ea
567 2386 701 2424 pompa
733 2374 803 2412 hoc
833 2375 939 2413 modo
973 2374 1202 2423 celebravit,
1234 2374 1437 2413 testificata
1468 2376 1547 2423 est,
1579 2386 1624 2413 ac
1655 2374 1879 2414 testificatur

243 2457 388 2483 amores
427 2456 530 2481 suos.
606 2443 646 2481 ln
687 2443 805 2482 medio
844 2444 1091 2494 parenthesin
1132 2443 1284 2488 inserit,
1331 2454 1403 2494 qua
1443 2442 1657 2492 signifieat,
1703 2443 1876 2491 deserta,

243 2512 490 2560 solitudines,
523 2512 641 2550 silvas
674 2512 820 2551 vidisse
853 2512 937 2550 illos
970 2511 1228 2550 clandestinos
1260 2512 1409 2550 deorum
1440 2523 1608 2560 amores,
1649 2510 1874 2562 puellarum-

242 2595 313 2634 que
345 2582 378 2618 in
412 2593 510 2618 nova
543 2593 702 2630 corpora
732 2582 975 2630 mutationes,
1016 2579 1088 2619 hoc
1120 2580 1254 2619 modo:
1289 2580 1412 2619 silvis
1443 2581 1556 2632 fama
1588 2580 1753 2634 loquuta
1784 2586 1871 2619 est:

241 2652 369 2689 omnia
414 2662 487 2689 vos
527 2652 642 2689 estis.
689 2650 714 2687 i.
747 2662 780 2688 e.
821 2651 943 2689 sciunt
982 2649 1131 2688 silvae:
1174 2652 1334 2687 mutatae
1377 2649 1472 2687 estis
1497 2661 1591 2694 vos,
1635 2647 1803 2699 puellae,
1835 2649 1871 2687 in

241 2721 374 2757 onmia.
434 2718 508 2756 Iam
542 2717 635 2756 haec
667 2721 753 2756 sunt
786 2718 1010 2768 explicanda
1040 2731 1108 2769 per
1140 2730 1183 2756 se
1215 2717 1382 2766 singula.

325 2789 386 2827 Ac
418 2788 531 2838 primo
562 2786 658 2838 quod
697 2786 776 2824 dixi
815 2786 953 2839 aliquid
997 2787 1042 2825 ad
1083 2787 1203 2825 verba
1248 2787 1302 2825 Ec
1341 2800 1442 2840 (letae
1475 2791 1869 2839 pompa—qesta,

241 2863 311 2895 aut
331 2856 462 2905 videt,
495 2854 739 2906 supplendum
771 2866 880 2901 esse,
913 2856 969 2894 sie
1000 2868 1071 2894 non
1105 2855 1221 2893 solum
1244 2856 1339 2894 Cato
1371 2855 1532 2906 loquitur
1561 2854 1715 2902 iterum,
1748 2868 1787 2892 v.
1801 2857 1867 2892 66.

240 2927 294 2965 Et
327 2928 477 2979 quicum
516 2930 653 2963 tenera
694 2925 845 2975 yavisa
872 2930 934 2963 est
965 2925 1101 2964 ludere
1138 2926 1177 2962 z'n
1208 2924 1331 2964 herba
1363 2927 1435 2962 ete.
1474 2922 1535 2960 ubi
1567 2921 1777 2972 supplenda
1807 2926 1868 2962 est

241 3007 291 3033 ex
324 3007 438 3033 versu
470 2996 535 3032 66.
586 2992 680 3032 haec
710 2993 841 3032 notio:
884 2993 917 3031 is
947 2993 1082 3033 libavit
1119 2993 1281 3043 gaudia3
1327 2992 1396 3032 sed
1436 2990 1636 3043 loquuntur
1673 3003 1718 3030 eo
1758 2991 1865 3031 modo
