2006 3365
250 162 317 205 34
814 155 1340 196 ANlMADVERSIONES

252 287 322 313 nos
353 274 534 312 dicentem
566 274 719 311 facimus
741 270 946 316 Catonem,
978 271 1160 308 eiusmodi
1193 274 1275 318 est,
1308 272 1348 308 ut
1378 271 1410 309 si
1442 283 1491 309 ex
1511 269 1586 310 alio
1616 271 1804 322 scriptore
1835 271 1893 309 si-

251 344 385 383 militer
416 344 550 381 dictum
583 341 740 392 proferri
772 341 897 389 possit
927 342 1074 389 gratum
1107 340 1179 387 sit„
1221 339 1254 376 si
1286 338 1376 376 nihil
1408 340 1546 388 simile,
1578 353 1648 379 non
1681 340 1893 379 dolendum.

252 413 295 452 Si
328 414 421 451 enim
453 418 514 450 est
546 409 792 459 supplendum
824 411 883 447 cst
915 408 1117 445 innumeris
1148 407 1264 453 locis,
1308 412 1345 446 ct
1372 408 1476 458 fuit,
1517 409 1616 447 nulla
1647 409 1893 457 excogitabi-

252 485 310 519 tur
342 492 495 526 caussa,
535 491 599 516 cur
640 490 710 515 non
754 477 841 515 alibi
882 479 1040 515 futurum
1080 476 1249 527 suppleri
1290 478 1475 527 potuerit,
1516 481 1553 515 ct
1592 478 1754 530 quodvis
1795 476 1893 514 aliud

252 554 417 599 tempus,
449 550 512 586 aut
543 547 691 584 modus.
754 546 836 584 Hoc
869 548 1005 584 tautum
1046 557 1231 583 curavere
1262 545 1496 595 scriptores,
1537 547 1575 584 ut
1612 547 1813 596 appareret
1845 557 1895 582 ex

251 631 350 657 nexu
384 616 672 663 sententiarum,
706 615 802 667 quod
835 617 940 652 esset
972 613 1219 664 supplendum
1253 617 1422 664 tempus,
1455 616 1517 652 aut
1548 615 1609 665 qui
1641 614 1784 652 modus.
1846 611 1896 652 Ut

251 690 289 726 in
317 686 457 735 Elegia
497 685 541 723 ad
574 682 780 722 Messalam
821 696 859 720 v.
895 686 959 720 11.
995 685 1059 720 12.
1103 681 1347 732 supplendum
1389 697 1500 730 esse,
1544 683 1641 734 quod
1680 685 1800 721 tamen
1842 681 1894 723 ibi

251 756 376 809 paullo
408 755 548 793 durius.
610 753 652 790 ln
685 751 822 791 Catulli
855 764 966 789 carm.
999 751 1048 789 Il.
1084 767 1124 788 ιι.
1157 751 1201 788 ad
1240 752 1333 790 Tam
1371 759 1526 802 yralmn
1557 751 1805 802 supplendum
1837 753 1897 788 est

251 828 382 878 foret,
414 823 475 861 vel
508 829 630 861 esset.
665 825 703 859 ut
733 823 857 858 monct
889 823 974 858 ante
1001 818 1240 867 Scaligerum
1273 819 1582 869 elegantissimus
1608 820 1804 868 Muretus,
1835 819 1896 871 qui

255 896 362 934 etiam
395 892 539 943 reliqua
570 891 651 928 eius
684 889 855 928 carminis
896 888 1026 926 dudum
1069 888 1267 937 expedivit
1305 890 1445 937 omnia,
1489 890 1520 927 si
1560 888 1633 927 hoc
1674 888 1895 938 exceperis,

254 964 350 1016 quod
385 976 422 999 v.
460 965 520 998 ll.
555 960 596 998 id
627 959 804 1005 inseruit,
837 970 909 1009 quo
942 969 1014 994 non
1047 956 1199 995 videtur
1230 970 1325 1007 opus
1357 970 1467 1005 csse,
1501 960 1538 995 et
1569 956 1665 1009 quod
1692 970 1730 994 v.
1758 958 1796 994 Ἰ.
1847 956 1899 996 Ut

255 1033 392 1079 edidit,
425 1043 531 1082 quum
563 1028 722 1066 deberet
753 1027 820 1065 Et.
855 1026 962 1077 Quod
996 1026 1191 1075 praecedit
1221 1025 1317 1075 apud
1351 1026 1593 1073 Ciceronem,
1628 1029 1744 1078 prius
1778 1025 1898 1064 undis

255 1103 432 1154 (lamma,
467 1099 587 1143 mag-is
619 1096 865 1146 aposiopesis
897 1095 970 1132 dici
1005 1093 1183 1138 debebit.v
1217 1106 1322 1145 quam
1355 1093 1524 1144 ellipsis:
1558 1098 1595 1132 ut
1622 1094 1706 1141 illa,
1739 1094 1786 1131 de
1812 1094 1898 1145 qui-

256 1172 328 1210 lius
360 1168 521 1207 Wullius
554 1168 589 1203 in
621 1165 787 1203 lamiliari
822 1163 1133 1213 interpretatione
1166 1160 1361 1199 Ciceronis
1394 1163 1439 1200 de
1471 1162 1520 1201 N.
1556 1163 1601 1201 Ι).
1636 1176 1671 1213 p.
1692 1166 1787 1201 311.
1831 1162 1899 1200 Si-

257 1240 352 1277 milis
384 1237 543 1281 Catoni,
577 1235 727 1283 praeter
760 1230 1004 1277 Ciceronem,
1038 1235 1075 1268 et
1107 1233 1255 1279 practer
1287 1230 1416 1269 Ovidii
1448 1231 1567 1269 Trist.
1593 1231 1623 1269 Ι.
1652 1247 1746 1281 vm,
1769 1235 1806 1270 ἶ.
1839 1230 1899 1268 lo-

258 1321 357 1355 cum,
382 1304 612 1343 Theocritus
637 1303 696 1339 est
721 1300 751 1338 Ι.
776 1302 868 1338 134.
898 1299 957 1337 ubi
984 1302 1072 1349 post
1096 1298 1240 1349 aliquot
1264 1297 1311 1333 τὲ
1335 1295 1548 1334 ἀδυνάτου
1573 1299 1744 1350 exempla
1773 1299 1899 1338 addit:

599 1366 734 1404 πάντα
769 1366 804 1403 ‹l’
835 1364 989 1403 ἑίἀλλα
1021 1364 1209 1414 γένοιτο·

260 1457 473 1498 quamquam
506 1437 640 1475 mirra.
675 1442 711 1476 et
742 1438 837 1488 apud
873 1435 1094 1475 Ciceronem
1128 1435 1376 1487 Ovidiumque
1407 1440 1555 1481 omnin,
1589 1437 1721 1475 fortius
1753 1439 1832 1485 est,
1864 1439 1902 1475 et

261 1515 382 1562 magis
416 1511 561 1562 placet,
594 1521 699 1560 quam
731 1507 853 1545 mulla
884 1505 979 1555 apud
1006 1503 1207 1543 Catonem.
1327 1505 1431 1544 Vera
1463 1509 1522 1544 cst
1553 1506 1777 1544 observatio
1807 1505 1901 1544 Put-

262 1583 378 1629 schii‚
420 1582 453 1619 in
494 1576 833 1629 comparationil)us
874 1574 918 1609 ἑκ
960 1571 1036 1608 τοῦ
1076 1569 1289 1608 ἀδυνάτου
1331 1573 1457 1612 solere
1497 1575 1704 1623 scriptores
1743 1575 1902 1612 l'uturum

262 1651 423 1702 simplex
457 1648 517 1687 vel
550 1658 733 1698 praesens
767 1642 995 1683 coniunctivi
1029 1654 1170 1692 ponere
1203 1642 1236 1679 iu
1270 1642 1435 1679 secundo
1468 1643 1756 1692 comparationis
1787 1655 1902 1680 mem-

262 1723 355 1771 bro,
388 1731 458 1757 nou
492 1717 617 1755 solere
649 1717 806 1753 futurum
839 1716 1034 1750 exactum.
1076 1710 1192 1750 Certe
1225 1712 1320 1749 iuter
1350 1710 1541 1761 exempla,
1575 1723 1670 1762 quae
1695 1714 1781 1750 ante
1807 1722 1902 1749 ocu-

261 1791 321 1829 los
353 1789 473 1827 haheo
506 1784 707 1836 permulta,
750 1782 886 1820 nullum
924 1781 1133 1831 reperitur,
1176 1781 1211 1817 in
1250 1793 1321 1831 quo
1362 1780 1413 1817 sit
1454 1781 1612 1818 futurum
1654 1785 1824 1818 exactum
1857 1791 1902 1818 co

262 1859 407 1911 quidem
439 1858 474 1894 in
507 1855 603 1893 loco.
650 1852 780 1903 ltaque
807 1850 878 1888 hoc
909 1850 1004 1899 apud
1038 1849 1219 1888 Catonem
1251 1852 1431 1899 tamquam
1463 1848 1656 1897 singulare
1687 1849 1903 1887 observan-

262 1929 343 1966 dum
370 1926 460 1974 erit,
493 1923 589 1976 quod
620 1923 746 1974 fuerit
776 1920 949 1969 scripsit.
994 1917 1048 1956 At
1080 1918 1175 1970 quod
1210 1916 1406 1966 singulare
1438 1917 1544 1963 dico,
1578 1929 1648 1954 non
1682 1916 1765 1955 dico
1796 1917 1905 1968 quic-

265 2010 369 2048 quam
403 1996 437 2031 in
471 2006 515 2031 eo
550 1991 695 2029 dicendi
728 1989 834 2027 modo
867 1987 1046 2025 audaciae
1078 1999 1179 2024 csse.
1241 1986 1346 2024 llaec
1386 1986 1508 2023 onmia
1550 1986 1642 2022 enim
1675 1989 1712 2024 ct
1744 1985 1906 2035 cogitari

265 2066 448 2116 possunt,
481 2064 519 2100 ct
549 2060 646 2098 dici:
687 2058 813 2097 violes
846 2057 950 2096 wird
981 2057 1071 2094 eher
1101 2056 1343 2106 ymelueloen,
1376 2055 1442 2093 als
1473 2056 1570 2093 mein
1605 2054 1704 2093 Liecl
1735 2055 1908 2106 aufho'rt

266 2136 347 2188 frei
385 2147 435 2171 zu
475 2132 581 2177 sein,
622 2129 684 2165 ubi
728 2126 848 2164 Latini
889 2136 1069 2174 praesens
1110 2124 1361 2171 coniunctivig
1407 2124 1533 2162 vleles
1575 2124 1679 2162 wird
1717 2125 1808 2162 elzer
1836 2137 1908 2174 fle-

269 2202 458 2248 scaffen,
500 2198 566 2236 als
598 2200 695 2234 mein
728 2194 830 2232 Lsed
862 2194 1062 2244 ansleo'ren
1101 2193 1204 2231 wird
1233 2194 1314 2243 frei
1344 2206 1394 2231 zu
1426 2195 1537 2240 sein,
1578 2192 1673 2244 quod
1712 2195 1772 2231 cst
1802 2191 1909 2230 Lati-

269 2282 397 2311 norum
428 2270 586 2306 futurum
628 2263 812 2313 simplex3
852 2262 978 2300 rietes
1019 2262 1121 2299 wirzb
1159 2262 1249 2299 elzet·
1284 2261 1526 2311 (sesamam,
1568 2262 1633 2299 als
1674 2264 1772 2300 mein
1809 2260 1912 2300 Liecl

273 2338 488 2391 aufyeho'rt
518 2334 645 2375 haben
675 2332 780 2370 wircl
809 2331 890 2382 frei
920 2344 970 2368 zu
1002 2331 1111 2378 sein,
1144 2329 1239 2381 quod
1273 2333 1332 2368 est
1363 2331 1520 2367 futurum
1553 2334 1737 2369 exactum.
1778 2328 1839 2370 Ct'.
1865 2329 1910 2368 ad

271 2409 355 2449 Dir.
389 2408 454 2445 79.
487 2402 759 2443 annnadvcrsa.

361 2474 549 2526 Superest
587 2473 626 2509 ut
663 2470 708 2508 de
740 2469 843 2507 vitiis
885 2470 1041 2507 reseram
1081 2467 1277 2507 librorum,
1321 2470 1359 2504 et
1395 2466 1443 2504 (lc
1484 2467 1711 2506 coniecturis
1751 2468 1912 2506 virorum

277 2548 490 2586 doctorum.
551 2540 681 2580 Nulla
713 2538 848 2577 Mutin.
878 2540 972 2590 pius
1007 2536 1210 2583 Thuanus,
1244 2534 1412 2573 Lasseuo
1447 2538 1624 2575 testante.
1674 2535 1798 2576 libera
1817 2537 1914 2589 fata

279 2616 431 2655 Monac.
463 2611 493 2649 Ι.
526 2609 576 2648 11.
608 2611 645 2647 et
676 2605 835 2645 Vratisl.
867 2605 898 2643 Ι.
943 2607 1101 2644 huvena
1133 2603 1283 2642 Veneta
1313 2603 1461 2643 Achat.

367 2681 412 2722 C.
444 2678 586 2719 Barthii
620 2676 869 2715 coniecturam
900 2674 1075 2712 vidimus.
1149 2673 1271 2712 Mula
1303 2673 1336 2711 in
1368 2676 1524 2712 mentem
1556 2674 1712 2711 venerat
1742 2673 1851 2712 etlam
1882 2674 1914 2713 Ι.

283 2755 324 2794 F.
357 2748 551 2790 Gronovio
591 2746 636 2785 ad
675 2744 775 2783 Stat.
812 2743 937 2782 Theb.
968 2742 1038 2780 lv.
1079 2745 1172 2780 183.
1216 2741 1284 2780 sed
1327 2745 1497 2780 correcta
1535 2741 1801 2791 distinctione,
1841 2743 1915 2782 ita:

288 2823 408 2862 Muta
436 2820 553 2871 prius
578 2816 725 2866 fuerit,
760 2826 875 2867 quam
900 2825 975 2850 non
999 2824 1083 2849 mea
1109 2809 1234 2849 libera
1260 2824 1413 2850 avena.
1442 2823 1520 2849 curn
1544 2808 1615 2848 hac
1642 2809 1915 2860 explicatione:

291 2891 431 2930 Omnia
452 2888 568 2941 prius
592 2884 685 2936 fient
708 2895 809 2935 quae
833 2881 923 2932 fieri
943 2886 1157 2934 nequeunt:
1191 2879 1358 2933 denique
1382 2881 1620 2919 conticescet
1637 2883 1775 2932 prim,
1804 2894 1919 2933 quam

291 2960 450 2998 desinat
480 2967 572 2996 esse
601 2952 754 3000 libera,
787 2950 917 2989 Musa
946 2963 1045 2989 mea.
1090 2948 1179 2986 Eam
1209 2949 1459 2989 coniecturam
1488 2948 1557 2986 iam
1587 2950 1718 2998 antea,
1749 2949 1783 2986 si
1813 2952 1920 2989 recte

292 3029 424 3078 digero
456 3028 648 3074 tempora,
692 3019 1028 3059 communicaverat
1067 3030 1145 3057 cum
1185 3017 1407 3058 Boxhornio
1444 3016 1680 3056 Gronovius:
1722 3017 1919 3057 Boxhorn.
