2006 3365
304 146 402 189 132
865 136 1392 177 ANIMADVERSIONES

304 256 497 295 nobiseum
531 266 650 305 usque
679 254 725 292 ad
756 253 909 291 mortem
941 253 1120 290 nostram.
1181 251 1285 290 Facit
1315 251 1360 289 ad
1392 250 1489 289 hane
1520 251 1742 291 sententiam
1776 249 1946 288 laudatus

305 324 463 363 Heinsio
496 324 780 374 Burmannoque
811 319 986 360 Tibullus
1016 319 1085 358 III.
1119 334 1164 368 v,
1198 323 1264 357 31.

594 401 727 441 Vivile
755 401 930 454 felices,
962 413 1147 440 memores
1179 407 1215 439 ec
1247 401 1373 438 vivite
1403 402 1557 448 nostri,

644 471 742 511 Sive
771 473 941 518 erimus,
976 483 1048 508 sen
1079 482 1152 507 nos
1181 470 1279 520 sata
1309 469 1448 520 fuisse
1477 469 1624 507 volent.

304 563 376 603 quo
408 551 516 589 etiam
549 549 632 588 loeo
672 550 767 588 idem
811 549 920 589 verbi
951 563 1047 589 esse
1089 562 1178 587 usus
1218 552 1299 596 est,
1346 549 1392 586 de
1433 561 1504 600 quo
1544 549 1588 586 ad
1629 547 1664 586 11.
1698 548 1722 586 l.
1758 546 1946 596 Scaliger.

303 619 479 658 Eamdem
512 620 736 658 sententiam
769 621 986 657 exornatam
1021 617 1081 656 vel
1115 619 1240 667 potius
1268 617 1453 656 dilatatam
1481 617 1598 656 babes
1623 617 1760 666 Elegia
1783 618 1816 655 in
1835 616 1948 655 Mae-

305 700 386 726 een.
420 689 514 727 obit.
546 687 666 727 Anth.
700 687 782 726 Lat.
816 687 882 726 lib.
916 687 965 725 ll.
999 702 1097 725 cxx.
1131 702 1168 724 v.
1206 687 1269 724 17.

590 768 674 807 Sed
704 770 931 807 meminisse
962 768 1092 807 velim.
1124 770 1259 807 vivam
1290 766 1558 806 sermonibus:
1592 765 1679 804 illic

648 837 810 890 Semper
841 850 932 886 ero,
966 851 1118 890 semper
1149 838 1188 875 si
1218 837 1443 874 meminisse
1473 835 1599 873 voles.

305 917 360 956 At
392 930 487 969 quae
530 917 579 955 ibi
619 920 825 969 sequuntur
864 916 950 954 inde
990 929 1011 954 a
1050 930 1088 954 v.
1128 920 1188 954 19.
1234 915 1307 953 alio
1347 927 1461 952 sensu
1503 917 1685 965 concepta
1726 918 1834 963 sunt,
1878 927 1950 966 quo

306 988 415 1025 etiam
448 987 670 1036 Propertius
703 984 752 1023 II.
787 1000 861 1034 xv,
894 989 960 1023 36.
1002 985 1171 1023 breviter
1208 987 1318 1035 atque
1359 983 1556 1032 eleganter
1595 984 1770 1033 scripsit:
1817 984 1950 1022 Huius

306 1068 371 1093 ero
401 1057 548 1102 rivus,
594 1060 770 1093 mortuns
809 1055 928 1093 huius
960 1067 1039 1092 ern.
1102 1052 1207 1105 Quae
1248 1054 1410 1100 cognata
1452 1052 1622 1103 quidem,
1667 1052 1733 1089 sed
1776 1053 1952 1102 opposita

307 1125 495 1161 sententia
527 1126 604 1165 est,
649 1126 687 1160 et
717 1135 736 1159 a
769 1120 927 1161 Catonis
960 1121 1055 1159 locis
1086 1121 1223 1159 aliena.
1284 1120 1341 1158 De
1374 1134 1441 1158 usu
1476 1121 1582 1158 verbi
1626 1134 1744 1168 esse,
1786 1121 1950 1172 fuisse,

307 1193 353 1229 ct'.
390 1192 598 1229 ssurmanno
630 1193 807 1229 annotata
838 1190 883 1228 ad
916 1190 1012 1228 illam
1047 1190 1158 1240 Eleg.
1191 1190 1226 1227 in
1259 1190 1382 1227 Maec.
1416 1190 1478 1227 ob.
1510 1202 1549 1226 v.
1582 1191 1645 1226 14.
1707 1189 1775 1227 Sic
1805 1190 1953 1226 variant,

308 1261 340 1297 in
376 1259 714 1297 clrcumscribenda
746 1260 900 1297 notione
933 1259 1077 1296 mortis.
1140 1258 1213 1296 Per
1244 1258 1474 1296 reticentiam
1503 1256 1686 1296 Ovidius:
1717 1258 1817 1297 Sive
1849 1257 1954 1311 qnod

307 1328 409 1367 ben!
438 1331 576 1376 timeo,
611 1332 700 1367 siz-e
731 1336 942 1380 superstes
975 1329 1071 1366 eris.
1128 1324 1292 1364 Heroni.
1326 1327 1439 1376 epist.
1471 1325 1580 1364 XIlI.
1616 1328 1708 1363 164.
1764 1325 1954 1376 Opposita

309 1399 408 1436 inter
439 1410 482 1435 se
513 1399 627 1444 sie-e,
661 1403 699 1435 et
731 1401 787 1444 si,
823 1408 895 1434 non
926 1395 1050 1434 haheo
1083 1408 1154 1447 quo
1188 1395 1260 1433 alio
1293 1395 1468 1445 exemplo
1501 1395 1753 1444 comprobem.
1815 1395 1859 1433 Si
1892 1398 1953 1432 ta-

310 1478 389 1503 men
423 1465 607 1516 exemplis
640 1479 735 1516 opus
768 1468 850 1511 est,
883 1465 944 1502 ubi
977 1464 1092 1502 dictio
1125 1464 1212 1503 talis
1245 1469 1326 1512 est,
1360 1468 1398 1502 111
1430 1467 1582 1502 naturae
1614 1463 1841 1514 legibusque
1868 1475 1952 1501 ser-

309 1535 427 1572 monis
460 1547 531 1572 non
566 1537 767 1584 repugnet.
829 1533 902 1571 Hic
933 1533 1079 1585 quidem
1118 1535 1264 1583 poetam
1297 1532 1468 1570 consulto
1499 1539 1537 1571 et
1568 1535 1606 1570 si
1636 1531 1755 1570 altero
1787 1532 1951 1569 membro

310 1604 536 1653 scripsisse,
570 1609 608 1641 et
633 1604 855 1652 scripturum
883 1603 1004 1640 fuisse
1030 1602 1139 1639 etiam
1165 1607 1236 1639 tum
1261 1614 1422 1648 censeo,
1456 1601 1487 1637 si
1516 1613 1579 1650 per
1605 1604 1755 1639 metrum
1783 1600 1953 1638 licuisset

312 1674 424 1719 sive,
459 1675 569 1720 slve,
603 1671 786 1709 scribere.
847 1678 884 1709 et
916 1673 954 1709 si
985 1671 1156 1708 maiorem
1187 1669 1390 1708 a't'iirmandi
1423 1670 1494 1706 vim
1527 1668 1662 1718 habet,
1694 1682 1798 1720 quam
1831 1670 1861 1706 si
1894 1669 1953 1706 bis

311 1744 402 1779 sive
432 1742 667 1791 scripsisset.
715 1740 800 1778 Hoc
823 1741 902 1778 fere
933 1740 1042 1777 dicit:
1076 1740 1160 1777 sive
1193 1739 1288 1784 eris,
1321 1741 1359 1776 et
1390 1741 1462 1776 tum
1495 1750 1663 1789 quoque,
1696 1738 1726 1775 si
1760 1750 1830 1775 111111
1861 1738 1952 1775 eris,

315 1811 482 1861 Denique
523 1809 779 1848 illustrandum
821 1811 901 1856 est,
944 1809 1039 1859 quod
1073 1807 1168 1848 Cato
1212 1807 1371 1847 addidit.
1414 1812 1516 1844 reete
1548 1819 1566 1843 a
1600 1806 1804 1855 Scaligero
1836 1806 1880 1844 ad
1913 1819 1952 1843 v.

313 1882 379 1915 2³3.
422 1877 670 1928 explicatum.
713 1885 931 1931 utrumque.
993 1878 1040 1916 Et
1071 1877 1251 1916 Romanis
1282 1876 1426 1928 quidem
1458 1874 1529 1913 lioc
1560 1876 1749 1924 proprium
1790 1879 1873 1924 est,
1917 1878 1955 1913 ut

312 1955 517 2000 utrumque
554 1951 695 1997 ponant
736 1947 771 1985 in
812 1947 883 1984 tine
923 1947 1149 1985 sententiae.
1222 1944 1338 1984 Certe
1370 1945 1426 1981 sic
1457 1942 1576 1987 Cato,
1620 1948 1657 1982 et
1688 1943 1853 1982 Lucilius
1883 1943 1954 1982 XI.

318 2018 368 2055 Et
406 2018 611 2068 formosus
654 2017 763 2054 bomo
802 2017 908 2067 fnit,
955 2023 993 2054 et
1029 2016 1239 2066 shnrosns,
1287 2021 1503 2066 utrumque.
1565 2012 1789 2064 Quamquam
1822 2016 1957 2050 norunt

314 2086 423 2123 etiam
465 2085 618 2123 alterum
659 2096 817 2134 morem,
860 2083 1018 2122 Graecis
1060 2087 1293 2122 consuetum.
1366 2082 1523 2120 Plautus
1565 2079 1712 2119 Cistell.
1752 2081 1782 2119 I.
1817 2097 1882 2129 111,
1923 2086 1955 2120 1.

316 2155 530 2208 Utrumque
568 2155 670 2193 baec
710 2161 747 2192 et
784 2154 1021 2207 multiloqua
1059 2160 1096 2192 et
1135 2151 1340 2191 multibiba
1379 2157 1441 2189 est
1481 2164 1600 2188 anns.
1663 2155 1700 2188 et
1731 2162 1836 2201 quem
1869 2149 1956 2187 mibi

314 2222 529 2261 Meinekius
557 2222 600 2259 ad
623 2221 853 2260 Philemonis
886 2224 1019 2270 fragm.
1051 2234 1089 2272 p.
1114 2223 1209 2258 404.
1233 2221 1478 2267 monstravit,
1511 2219 1663 2258 Gratius
1688 2219 1842 2269 Cyneg.
1860 2223 1954 2257 333.

319 2292 556 2344 Utrumque,
589 2297 628 2330 et
655 2292 860 2343 prudens,
893 2298 930 2330 el
962 2293 1130 2342 sumptis
1162 2291 1325 2343 z‘rnpiqer
1355 2291 1491 2327 armis.
1543 2287 1678 2327 Graeci
1711 2288 1956 2346 saepissime⁹

312 2360 399 2398 inde
437 2360 484 2398 ab
518 2359 695 2398 Homero.
754 2359 822 2398 Ille
861 2360 1006 2411 quidem
1047 2370 1208 2405 versus,
1250 2370 1355 2409 quem
1393 2357 1500 2407 ponit
1539 2356 1736 2406 Scaliger,
1779 2368 1956 2408 nusquam

314 2431 444 2468 exstat
483 2429 518 2466 in
559 2429 783 2467 carminibus
827 2428 1062 2467 Homericis:
1118 2426 1397 2465 obversabatur
1442 2426 1525 2463 viro
1565 2426 1700 2464 eximio
1740 2424 1845 2464 Iliad.
1886 2424 1955 2463 IX.

317 2500 411 2536 443.
472 2496 562 2535 Loci
595 2496 785 2535 Homerici
818 2496 854 2534 bi
887 2500 995 2534 sunt:
1029 2495 1135 2534 Iliad.
1172 2494 1240 2533 III.
1278 2495 1369 2533 179.
1402 2494 1471 2533 IV.
1506 2497 1571 2532 60.
1613 2497 1650 2532 et
1680 2493 1826 2532 XVIII.
1861 2498 1955 2531 365.

316 2565 386 2604 IV.
422 2569 515 2604 145.
547 2565 636 2603 Vll.
671 2568 764 2604 418.
798 2565 907 2604 XIII.
946 2569 1034 2603 166.
1077 2563 1222 2614 odyss·
1241 2562 1348 2602 XIV.
1370 2567 1463 2602 505.
1491 2563 1580 2602 XV.
1612 2562 1680 2601 78.
1742 2561 1957 2612 Simplicis-

317 2637 409 2673 sima
439 2633 550 2672 huius
582 2634 811 2686 loquutionis
844 2635 959 2672 forma
990 2632 1084 2672 haec
1116 2635 1196 2680 est,
1228 2634 1267 2670 ut
1300 2629 1547 2682 ἀμφότερον
1569 2632 1615 2670 ad
1641 2633 1731 2676 duo,
1765 2643 1859 2683 quae
1892 2643 1957 2668 se·-

318 2707 497 2756 qnuntur,
530 2706 685 2743 nomina
716 2705 914 2742 referatur.
978 2702 1026 2740 Et
1056 2702 1112 2739 sie
1144 2700 1360 2752 plerumque
1390 2701 1598 2747 Homerus,
1637 2703 1698 2739 ut:

464 2780 724 2832 dgnpdnpon,
756 2778 963 2830 βασιλεύς
994 2781 1027 2816 τ’
1060 2777 1238 2829 ἁγαθός,
1274 2779 1479 2829 κρατερός
1510 2782 1542 2817 τ’
1575 2775 1802 2828 αἰχμητής.

319 2865 380 2903 Ad
414 2877 519 2916 quam
552 2875 711 2902 normam
745 2862 949 2901 Plautinum
981 2861 1070 2899 illud
1103 2862 1344 2912 compositum
1376 2866 1459 2911 est,
1500 2860 1712 2911 licebatque
1745 2858 1879 2899 Catoni
1911 2860 1958 2897 ad

319 2934 480 2972 eamdem
514 2945 675 2972 normam
707 2932 757 2970 ita
789 2931 937 2969 dicere:
972 2934 1163 2983 utrumque
1195 2931 1289 2969 viva
1321 2934 1359 2969 et
1388 2932 1530 2969 mortua
1560 2940 1697 2966 mecum
1729 2929 1817 2966 eris.
1880 2928 1958 2968 Sed

319 3001 407 3040 licet
434 3004 541 3041 etiam
567 3003 624 3045 *ita
657 3002 694 3039 ut
727 3013 794 3051 pro
826 3000 972 3038 nomine
1004 2998 1156 3049 longius
1195 3004 1355 3050 ponatur
1394 2998 1576 3037 orationis
1605 2997 1826 3048 membrum,
1866 3009 1958 3048 par-
