2006 3365
279 153 381 198 270
884 149 1247 192 DISSERTATIO
1278 153 1327 192 ΙΙ.

363 266 424 305 De
454 265 607 318 reliquis
638 264 800 315 Catulli,
845 266 1003 316 Ovidii,
1041 266 1189 304 Horatii
1221 267 1446 305 testimoniis
1476 266 1571 307 haec
1602 267 1739 307 habeo.

365 332 535 373 Catullus
565 335 665 374 LVI.
691 334 853 386 (LVII.)
887 348 990 388 quem
1023 334 1212 384 intelligat
1243 336 1455 385 Catonem,
1488 349 1645 388 prorsus
1676 337 1819 376 incerta
1848 348 1910 375 res

276 404 350 441 est.
410 401 586 441 Nostrum
618 405 782 443 sortasse
819 404 979 453 intelligi
1011 403 1137 454 opinio
1169 406 1227 442 est
1259 403 1424 442 Achillis
1462 405 1600 454 Statii,
1648 406 1686 444 et
1717 404 1909 455 Scaligeri

276 472 347 509 tam
378 470 424 508 ad
458 470 641 510 Catullum
674 485 778 524 quam
810 472 854 510 ad
886 472 1013 511 Diras·

360 538 416 578 At
447 540 607 578 Ovidius
637 540 757 580 Trist.
789 541 836 580 II.
871 545 964 581 435.
999 544 1036 579 6.
1076 552 1147 578 non
1179 540 1326 579 dubium
1358 542 1443 593 quin
1475 544 1639 581 nostrum
1671 541 1793 581 dicat:

418 608 549 647 Cinna
582 622 734 664 quoqne
762 611 824 649 his
857 624 984 650 eomes
1016 618 1099 658 esc,
1133 610 1342 663 Cinnaque
1368 613 1583 662 procacior
1603 611 1765 650 Anser:

529 678 584 717 Ec
615 679 703 718 leve
735 680 945 732 Cornifici,
983 693 1139 734 parque
1180 677 1336 718 Catonis
1368 692 1481 732 opus.

274 745 404 796 Atque
435 745 487 784 ita
517 758 718 791 censuere,
750 760 844 799 qnos
877 748 980 794 dixi,
1013 748 1112 786 Aeli.
1150 747 1299 787 Statius
1332 751 1369 787 et
1400 747 1577 798 Scaliger
1606 747 1651 786 ad
1678 746 1817 788 Catulli
1847 747 1908 786 lo-

274 824 367 851 cum.
430 813 547 868 Quum
579 819 697 854 autem
731 817 818 856 leve
848 830 974 871 opus,
1018 820 1056 856 et
1087 817 1322 866 amatorium,
1357 817 1448 856 dicit
1479 816 1663 866 Ovidius,
1706 815 1803 855 haud
1835 816 1908 855 du-

273 881 338 921 bie
368 882 543 935 Lyde'am
577 883 773 933 intelligit.

358 951 439 990 Fuit
471 953 599 995 etiam,
639 953 736 1004 quod
778 952 994 993 Gronovius
1027 955 1147 993 Diatr.
1179 956 1213 993 in
1247 955 1360 994 Statii
1393 954 1524 993 Silvas
1560 968 1598 1006 p.
1632 957 1726 993 342.
1767 952 1844 1002 (T.
1875 953 1906 992 Ι.

272 1032 310 1071 p.
344 1021 438 1058 527.
470 1020 529 1058 ed.
564 1020 705 1071 Hand.)
754 1025 899 1071 narrat,
941 1024 1001 1074 qui
1048 1022 1204 1063 Catonis
1243 1025 1464 1062 mentionem
1510 1024 1547 1062 in
1579 1027 1666 1062 noto
1698 1022 1761 1062 illo
1794 1023 1908 1063 Statii

271 1087 355 1127 loco
387 1087 436 1127 V.
468 1104 524 1127 111.
552 1093 619 1128 93.
641 1090 744 1139 lieri,
776 1103 931 1142 eumque
962 1091 1079 1130 locum
1111 1093 1161 1131 ita
1193 1093 1428 1131 scribendum
1462 1093 1694 1132 coniiceret:
1727 1092 1784 1131 Ec
1816 1093 1907 1145 qni-

272 1157 345 1196 bns
378 1179 430 1184 —
463 1157 583 1208 Lydia
615 1171 724 1197 amor
754 1172 965 1213 nomenque
992 1161 1088 1212 faia
1150 1160 1275 1211 Supra
1305 1162 1447 1199 modum
1480 1162 1622 1212 inepte.

360 1225 480 1264 Multo
513 1225 573 1264 his
605 1227 787 1275 gravius,
821 1231 859 1266 et
878 1229 1024 1266 omnino
1051 1229 1097 1267 de
1123 1228 1269 1268 Catone
1300 1230 1548 1268 testimonium
1579 1231 1667 1280 post
1689 1227 1907 1267 Suetonium

271 1295 535 1343 gravissimum
568 1295 714 1334 Horatii
747 1300 829 1344 est,
872 1297 932 1348 qui
972 1298 1055 1348 ipse
1088 1298 1235 1336 iuvenis
1267 1301 1305 1337 et
1336 1299 1431 1337 vidit
1462 1310 1588 1337 senem
1619 1296 1823 1346 Catonem,
1869 1299 1908 1336 et

271 1362 479 1412 collaudat,
528 1366 700 1416 quantum
741 1365 885 1416 quidem
923 1365 970 1404 ab
1011 1367 1168 1406 Horatio
1210 1367 1352 1405 laudari
1398 1368 1515 1406 virum
1561 1367 1685 1406 veteri
1715 1368 1907 1417 poetarum

271 1431 426 1471 scholae
472 1432 656 1471 addictum
697 1445 765 1483 par
810 1438 914 1486 erat,
954 1438 992 1474 et
1033 1436 1079 1475 de
1119 1435 1228 1474 senili
1267 1436 1516 1487 occupatione
1555 1436 1636 1474 eius
1666 1436 1782 1475 refert
1811 1435 1907 1474 satis

270 1501 532 1540 memorabilia.
595 1501 678 1541 Sat.
710 1502 739 1541 l.
774 1518 814 1542 x.
846 1504 925 1543 init.

583 1570 737 1621 Lucili,
781 1586 895 1626 quam
926 1575 987 1612 sis
1018 1574 1252 1622 mendosus,
1294 1581 1397 1613 teste
1427 1572 1593 1623 Catone,

582 1639 812 1691 Defensore
841 1647 932 1689 tuo,
963 1644 1218 1694 pervincum,
1253 1645 1320 1695 qni
1350 1643 1453 1681 male
1480 1644 1621 1694 factos

582 1708 808 1748 Emendare
836 1718 960 1762 parat
991 1724 1151 1750 versus.
1182 1712 1255 1749 hoe
1285 1712 1415 1750 lenius
1447 1712 1534 1757 ille,

581 1777 662 1816 Est
695 1792 769 1831 quo
800 1781 865 1818 vir
893 1780 1054 1818 melior:
1087 1779 1200 1832 lonye
1230 1779 1417 1819 subtilior
1444 1780 1541 1829 illo,

583 1845 661 1901 Qui
690 1847 846 1886 multum
874 1861 973 1901 puer
1009 1850 1080 1886 etc.

270 1912 344 1952 lam
374 1912 499 1952 attulit
526 1913 731 1965 Gyraldus.
792 1916 1062 1967 Disputaturus
1094 1928 1191 1955 eram
1224 1922 1356 1955 contra
1387 1930 1478 1965 (²08,
1502 1917 1563 1969 qui
1592 1916 1663 1955 hos
1694 1918 1780 1955 octo
1811 1928 1902 1955 ver-

269 1995 335 2021 sus
367 1985 430 2022 aut
459 1982 532 2021 alio
565 1984 758 2034 ponendos
798 1984 881 2023 loco
923 1990 986 2024 aut
1024 1997 1096 2024 non
1139 1985 1366 2024 Horatianos
1408 1997 1521 2034 esse,
1563 1985 1901 2024 existimaverunt:

271 2053 367 2090 inter
397 2065 516 2103 quos,
557 2053 629 2090 nisi
670 2053 802 2102 l'allor,
841 2054 1083 2092 Eichstadius
1123 2055 1191 2093 suit
1221 2054 1444 2107 aliquando,
1492 2055 1553 2107 qui
1586 2066 1680 2106 quae
1711 2066 1756 2092 ea
1787 2053 1832 2092 de
1862 2065 1903 2091 re

270 2121 447 2171 scripsit,
495 2120 603 2160 doleo
644 2135 700 2160 me
730 2124 870 2161 frustra
901 2123 1156 2175 quaesivisse.
1215 2123 1342 2162 Malos
1374 2135 1462 2162 esse
1493 2135 1653 2173 versuS,
1691 2134 1736 2161 ac
1766 2134 1903 2161 recen-

272 2191 378 2228 tioris
409 2190 590 2239 originis,
631 2203 756 2240 nemo,
798 2194 835 2230 ut
880 2196 991 2242 puto,
1037 2192 1162 2230 dicere
1201 2195 1350 2242 praeter
1396 2192 1634 2241 Lambinum,
1675 2204 1790 2230 ausus
1828 2192 1901 2230 est.

270 2259 380 2297 Nunc
410 2258 494 2296 mihi
534 2261 646 2297 otium
678 2261 768 2298 fecit
798 2259 1131 2309 Morge11ste1·nius
1162 2260 1321 2311 simplici
1365 2263 1403 2300 et
1434 2262 1633 2312 perspicua
1664 2261 1902 2299 demonstra-

271 2328 396 2376 tione,
426 2328 550 2366 Praet‘.
578 2328 717 2366 Indicis
750 2328 1044 2367 Praelectionum
1076 2329 1235 2379 Dor-pat.
1267 2342 1383 2368 mens.
1406 2329 1474 2368 lul.
1498 2332 1616 2369 1821.
1634 2341 1726 2380 pag.
1746 2328 1795 2368 V.
1819 2340 1900 2380 seq.

271 2395 380 2450 Quod
420 2397 627 2446 primarium
674 2400 758 2445 est,
804 2397 1033 2436 Horatianos
1073 2410 1181 2445 esse,
1224 2401 1327 2437 recte
1366 2398 1600 2437 iudicaverat
1640 2397 1900 2445 Heindorfius,

272 2465 377 2504 cuius
422 2464 588 2516 reliquae
627 2465 870 2515 disputationi
909 2478 1001 2517 quae
1044 2466 1183 2506 adiecit
1226 2466 1287 2505 vel
1328 2468 1508 2518 opposuit
1543 2465 1899 2516 Morgensternius,

270 2534 472 2585 praecipua
502 2532 596 2572 haec
627 2537 725 2574 sunt.
785 2535 908 2573 Primo
954 2535 1072 2573 verba
1114 2535 1165 2575 Ut
1207 2536 1364 2575 redeam
1402 2535 1522 2584 illue,
1570 2549 1609 2574 v.
1643 2540 1681 2575 8.
1713 2546 1805 2587 quae
1835 2532 1900 2572 ille

272 2603 415 2641 intrusa
446 2602 492 2640 ab
537 2601 635 2652 alio,
681 2606 720 2641 ut
762 2603 976 2642 efficeretur
1013 2616 1155 2654 nex11S,
1201 2605 1448 2655 opinabatur,
1495 2607 1620 2644 tuetur
1659 2602 1897 2642 rectissime:

271 2684 381 2719 nam,
415 2671 553 2723 inquit,
586 2674 814 2725 quaerenti,
839 2685 914 2726 quo
944 2673 1159 2724 referenda
1190 2674 1272 2712 sint
1297 2673 1392 2723 illa,
1425 2672 1475 2712 Ut
1504 2673 1651 2711 redeam
1682 2671 1791 2718 illue,
1822 2671 1898 2722 fa-

272 2740 366 2780 cilis
397 2743 605 2792 responsio
636 2747 726 2789 esc,
773 2742 919 2792 referri
962 2741 1018 2780 nd
1054 2741 1178 2780 locam
1210 2742 1258 2781 ‹Ie
1288 2742 1448 2781 Lucilio
1479 2742 1676 2781 mendoso.
1749 2739 1898 2778 Deinde

271 2806 343 2847 hos
373 2811 460 2847 octo
494 2821 628 2847 versus
666 2810 838 2859 integros
881 2810 927 2848 ab
967 2809 1125 2849 Horatio
1163 2812 1329 2863 primum
1369 2813 1480 2850 initio
1517 2810 1683 2850 Satirae
1723 2807 1900 2848 decimae

270 2879 430 2930 positos
468 2878 589 2917 fuisse
628 2878 741 2926 dicit,
781 2878 885 2917 unde
922 2879 1051 2918 Poeta
1089 2881 1195 2932 ipse,
1234 2880 1484 2933 petulantiae
1524 2891 1624 2918 snae
1650 2884 1894 2930 pertaesus,

274 2947 462 2987 secundis
494 2951 602 2987 curis
634 2960 702 2987 eos
740 2949 915 2987 moverit.
975 2947 1095 2986 Recte
1126 2948 1260 2986 onmia.
1321 2948 1402 2987 Etsi
1434 2959 1504 2986 non
1545 2949 1617 2985 tam
1655 2945 1896 2996 petulantiam

275 3027 447 3054 versuum
478 3016 719 3067 displicuisse
751 3015 908 3056 Horatio
939 3016 1158 3067 diligentius
1196 3016 1380 3066 cogitanti
1410 3014 1587 3065 dixerim,
1625 3026 1730 3066 quam
1766 3013 1896 3065 longi-
