2006 3365
289 146 389 190 272
888 135 1248 177 DISSERTATlo
1270 136 1319 176 11.

288 258 368 296 vet.
400 255 480 294 Lat.
513 266 551 304 p.
585 255 680 291 413.
714 250 908 303 Gyraldus
940 250 1010 291 col.
1054 253 1146 290 195.
1178 251 1218 290 F.
1250 249 1352 290 Ach.
1384 249 1528 290 Statius
1558 251 1604 290 ad
1638 248 1776 292 Catull.
1808 261 1919 289 carm.

287 325 318 365 Ι.
351 326 449 363 extr.
482 325 521 361 ut
546 321 644 360 >haec
675 334 744 372 pro
777 323 954 360 communi
986 320 1161 359 librorum
1194 320 1374 358 editorum
1406 319 1593 370 scriptura
1619 320 1749 359 haberi
1782 318 1920 370 possit.

286 394 425 433 Verum
458 391 669 430 rectissime
701 389 950 430 casaubonus
982 390 1017 427 in
1050 400 1163 426 versu
1197 386 1338 427 Cinnae
1372 388 1582 440 Dictynna
1613 388 1728 427 scribi
1759 388 1870 426 iussit
1900 399 1922 426 e

285 461 380 499 libro
413 460 575 499 Petavii.
637 459 806 498 Dictina
838 456 931 497 Cod.
965 459 1084 497 Voss·
1117 457 1213 507 apud
1246 456 1503 495 Burmannum.
1567 456 1679 495 Addo
1715 456 1921 506 Pomponi-

285 542 341 567 um
374 527 579 575 Sabinum,
624 527 684 578 qui
722 527 772 565 ita
812 528 846 564 in
886 539 952 564 suo
985 525 1081 563 libro
1119 525 1336 570 invenerat,
1379 525 1412 562 in
1452 524 1555 564 Cirin
1589 537 1626 563 v.
1662 527 1755 563 283.
1817 524 1921 563 Cato

285 610 386 649 opus
419 597 467 635 cle
498 596 706 648 Dictynna
739 598 931 648 scripsit,
966 600 1007 633 nt
1038 597 1096 633 ait
1120 594 1321 632 Marsus:
1353 594 1502 633 Secula
1530 599 1761 647 permaneat
1791 595 1923 632 nostri

283 666 493 717 Dictynna
526 666 707 703 Catonis.
771 664 876 716 Quod
899 664 1083 703 Marsum
1115 663 1294 710 nominat,
1328 675 1432 701 error
1462 666 1521 701 cst
1546 662 1756 700 memoriae.
1801 661 1921 715 Quic-

284 734 369 786 quid
405 733 634 772 Burmannus
667 733 777 781 dicit,
819 744 1000 783 nunquam
1032 731 1205 769 librarius
1237 731 1460 782 exquisitum
1492 731 1701 783 Dictynna
1731 742 1799 781 pro
1831 730 1921 768 vul-

281 803 366 852 gari
398 803 543 841 Diana
577 802 813 851 repositurus
845 801 992 840 fuisset.
1054 799 1148 837 Illud
1181 805 1301 837 autem
1335 800 1533 837 manifesto
1565 798 1696 837 salsum
1726 803 1798 848 est,
1822 798 1920 851 quod

282 871 499 910 Suetonium
534 870 762 909 Burmannus
795 869 884 906 dicit
914 881 960 905 eo
993 880 1143 906 versum
1186 866 1329 907 Cinnae
1360 866 1518 906 consilio
1551 867 1706 913 afferre,
1740 870 1779 906 ut
1810 868 1920 906 Dia-

280 954 368 979 nam
400 940 576 989 scriptam
608 949 696 977 esse
727 950 748 975 a
779 935 925 976 Catone
957 937 1106 987 probet.
1168 936 1207 975 ld
1240 937 1349 974 etiam
1382 936 1465 974 aliis
1498 936 1661 986 probare
1692 936 1920 975 testimoniis

280 1009 490 1060 potuisst,
525 1007 589 1045 vel
620 1007 745 1057 potius
776 1018 847 1044 non
881 1010 959 1044 erat
993 1017 1058 1044 cur
1101 1005 1306 1056 probaret:
1341 1017 1419 1043 nam
1454 1005 1628 1043 Suetonii
1663 1008 1787 1044 aetate
1820 1004 1919 1043 haud

281 1078 392 1116 dubie
424 1081 460 1115 et
492 1078 632 1115 Diana
663 1086 807 1113 carmen
840 1074 1039 1120 exstabat,
1081 1078 1118 1113 et
1158 1073 1229 1112 alia
1274 1074 1430 1113 Catonis
1461 1076 1646 1124 poemata.
1707 1072 1817 1112 Immo
1848 1072 1921 1112 hoc

280 1147 445 1197 probat,
479 1145 628 1183 idoneis
660 1143 745 1183 olim
778 1143 965 1181 iudicibus
997 1143 1200 1193 praecipue
1230 1142 1422 1193 placuisse
1456 1143 1627 1195 Lydiam
1658 1145 1694 1181 et
1725 1142 1919 1181 Dianam.

280 1214 403 1264 Igitur
445 1213 515 1252 duo
556 1215 660 1252 suere
704 1211 876 1250 carminis
916 1211 1090 1260 nomina,
1133 1224 1238 1249 unum
1285 1212 1528 1262 exquisitius,
1573 1211 1806 1263 Dictynna,
1847 1222 1920 1262 quo

281 1281 422 1331 Cinna,
456 1282 609 1321 alterum
642 1281 826 1330 vulgare,
851 1281 1016 1328 Diana,
1051 1292 1124 1332 quo
1159 1280 1365 1318 Suetonius
1397 1279 1524 1318 utitur.
1584 1278 1713 1318 Utrum
1744 1279 1791 1318 de
1821 1279 1920 1317 dno-

280 1352 351 1391 bus
383 1351 478 1392 Cato
510 1349 754 1401 praetulerit,
794 1351 971 1388 incertum
1013 1351 1086 1387 est.
1148 1348 1253 1386 llaec
1293 1360 1364 1385 nnn
1396 1347 1514 1386 solum
1545 1360 1613 1399 per
1643 1360 1687 1386 se
1716 1348 1815 1386 bona
1845 1348 1919 1386 ob-

281 1421 471 1469 servatio,
506 1420 573 1458 sed
608 1420 716 1458 etiam
749 1418 849 1457 utilis
880 1418 925 1456 ad
958 1417 1134 1469 reliquam
1163 1416 1453 1466 disputationem
1482 1419 1657 1456 nostram.
1717 1416 1810 1455 Nam
1835 1418 1918 1456 Di-

280 1504 361 1530 ana
393 1501 538 1528 carmen
578 1500 650 1540 quo
686 1490 906 1536 argumento
948 1487 1077 1533 fucrit,
1125 1485 1361 1536 perdifficilis
1403 1485 1576 1524 videatur
1607 1485 1784 1538 quaestio
1815 1498 1917 1524 esse.

281 1560 423 1599 Contra
454 1557 708 1597 Boxhornium
740 1557 833 1593 satis
876 1556 1012 1595 dictum
1045 1556 1079 1593 in
1115 1555 1195 1593 Dir.
1230 1567 1266 1591 v.
1301 1557 1366 1591 26.
1430 1553 1568 1604 [leynii
1600 1554 1635 1591 in
1668 1554 1840 1593 Excursu
1872 1554 1917 1592 ad

280 1626 382 1667 Cirin
413 1627 595 1676 permirus
627 1637 731 1662 error
762 1628 842 1667 est,
876 1626 1027 1662 amicam
1067 1624 1187 1662 fuisse
1228 1621 1371 1660 Valerii
1418 1620 1576 1661 Catonis
1617 1623 1810 1661 Dianam.
1871 1623 1919 1661 Et

279 1694 375 1748 quod
408 1694 565 1732 scribit:
599 1693 763 1732 landari
794 1693 881 1731 vidi
901 1693 1169 1745 Dictynnam,
1203 1698 1403 1744 tamqnam
1421 1691 1591 1730 Catonis
1624 1691 1799 1731 alicuius
1821 1705 1916 1730 car-

278 1778 384 1812 men,
416 1762 511 1800 haud
546 1762 657 1800 dubie
694 1764 780 1799 ante
819 1761 950 1799 oculos
992 1760 1120 1799 liabuit
1160 1760 1350 1810 Pomponii
1385 1758 1502 1796 locum
1534 1759 1659 1810 paullo
1693 1762 1778 1798 ante
1809 1772 1830 1798 a
1861 1772 1917 1798 me

278 1832 476 1870 laudatum.
548 1831 633 1879 Ego
672 1830 851 1868 Dianam
894 1841 1039 1867 carmen
1088 1828 1348 1879 mytlmlogico
1392 1831 1641 1876 argumento,
1688 1828 1856 1877 doctum,
1895 1841 1918 1866 a

280 1899 425 1940 Catone
471 1900 553 1938 viro
595 1901 633 1937 et
670 1899 738 1936 iam
777 1897 1022 1936 Grammatico
1063 1899 1243 1948 scriptum
1286 1897 1457 1935 coniicio.
1519 1896 1568 1935 Ut
1599 1909 1648 1935 ex
1678 1896 1917 1948 mythologia

278 1970 435 2022 petitum
472 1970 618 2020 putem,
660 1978 790 2005 nomen
823 1967 978 2004 maxime
1011 1966 1119 2013 illud,
1158 1966 1391 2017 Dictynna,
1432 1965 1533 2003 facit.
1595 1965 1775 2004 Fortasse
1818 1964 1915 2006 Cato

278 2051 322 2077 co
355 2037 516 2076 carmine
548 2039 621 2075 tum
653 2035 724 2074 alia
757 2035 949 2074 recondita
981 2035 1027 2073 dc
1069 2035 1211 2084 Diana,
1252 2037 1324 2072 tum
1362 2032 1436 2071 hoc
1475 2037 1724 2086 persequutus
1756 2037 1816 2074 est
1846 2046 1913 2073 ac-

278 2108 535 2153 curatissime,
571 2105 732 2143 camdem
763 2116 851 2142 csse
882 2104 1108 2154 Dictynnam
1140 2106 1177 2142 et
1217 2103 1385 2142 Dianam.
1447 2101 1529 2154 Qua
1570 2114 1611 2141 re
1652 2103 1788 2142 factum
1827 2106 1912 2152 est,

278 2180 317 2214 ut
361 2187 455 2213 nunc
501 2175 644 2213 Diana
682 2174 717 2210 in
768 2173 1005 2220 universum,
1047 2184 1164 2221 nunc,
1217 2184 1237 2209 a
1278 2171 1481 2222 praecipua
1520 2171 1731 2219 argumenti
1776 2174 1910 2223 parte,

277 2245 487 2295 Dictynna
517 2241 769 2292 appellaretur
793 2253 939 2279 carmen
959 2239 1129 2279 Catonis.
1191 2241 1433 2291 Dictynnam
1457 2239 1704 2289 scriptorum,
1725 2241 1785 2293 qui
1811 2240 1910 2279 multi

278 2326 300 2352 a
330 2311 499 2363 Gyraldo
532 2310 631 2348 Hist.
665 2309 780 2348 Dcor.
814 2308 885 2347 col.
919 2312 1013 2348 3135.
1047 2323 1105 2361 sq.
1137 2322 1159 2348 a
1190 2310 1419 2359 Spanliemio
1462 2309 1509 2346 ad
1542 2307 1758 2348 Callimachi
1790 2310 1909 2349 locum

276 2381 313 2421 h.
346 2381 457 2420 Dian.
491 2392 527 2417 v,
563 2382 652 2417 190.
685 2390 802 2430 usque
833 2378 878 2416 ad
911 2391 949 2416 v.
973 2381 1066 2416 205.
1099 2382 1137 2417 et
1167 2377 1213 2416 ab
1244 2378 1397 2427 Heynio
1430 2378 1601 2417 Excursu
1633 2380 1667 2416 in
1701 2377 1803 2418 Cirin
1836 2391 1909 2418 ex-

278 2452 456 2497 citantur,
487 2447 548 2486 alii
579 2446 799 2497 nympham,
830 2447 977 2486 Dianae
1008 2447 1242 2496 familiarem,
1276 2445 1487 2495 lieroinam,
1522 2447 1664 2497 suisseg
1695 2446 1778 2494 alii,
1810 2446 1906 2498 quod

277 2520 405 2559 verius
436 2518 610 2564 videtur,
658 2517 773 2566 ipsam
815 2529 860 2554 eo
893 2517 1035 2554 nomine
1067 2515 1199 2555 cultam
1232 2528 1253 2553 a
1284 2515 1469 2554 nonnullis
1502 2516 1721 2555 civitatibus
1750 2515 1906 2554 Dianam

275 2587 477 2628 tradidere.
536 2585 606 2624 Est
638 2585 745 2622 etiam
786 2585 884 2636 apud
925 2584 1095 2623 Natalem
1138 2584 1317 2624 Comitem
1360 2597 1396 2635 p.
1434 2588 1524 2623 175.
1559 2584 1616 2622 ed.
1651 2585 1747 2623 Ven.
1783 2585 1904 2622 1581.

275 2657 322 2695 de
354 2653 634 2702 Britomartide,
676 2653 907 2705 Dictynnae
945 2660 983 2692 ct
1020 2654 1187 2705 Aplzcne
1224 2656 1373 2693 nomine
1412 2654 1523 2692 calta
1553 2654 1600 2692 ab
1633 2652 1835 2701 Aeginetis
1867 2656 1905 2691 et

273 2738 296 2764 a
326 2723 598 2769 Cretensibus,
637 2720 742 2760 locus
775 2721 997 2771 Apollodori
1030 2720 1254 2772 Cyrenaici,
1288 2735 1392 2774 quem
1423 2721 1570 2760 aliunde
1601 2733 1671 2759 non
1701 2721 1902 2759 recordor:

274 2795 323 2833 cf.
355 2792 530 2843 Heynius
561 2790 606 2829 ad
637 2789 816 2841 Apollod.
849 2790 995 2839 Fragm.
1031 2804 1067 2841 p.
1092 2793 1210 2829 1175.
1272 2790 1454 2830 Usitatum
1481 2790 1603 2841 poetis
1628 2788 1752 2827 latinis
1772 2801 1902 2828 nomen

272 2864 481 2913 Dictynna
522 2862 602 2908 est,
644 2870 759 2907 nune,
802 2858 911 2910 idque
950 2860 1305 2910 frequentissimum,
1338 2863 1377 2898 ut
1408 2859 1552 2906 Diana,
1597 2869 1691 2895 nunc
1721 2859 1830 2896 etiam
1862 2861 1901 2897 ut

274 2933 324 2970 sit
354 2931 481 2970 Luna:
524 2941 568 2967 eo
601 2941 721 2976 more,
761 2940 832 2979 quo
864 2927 1049 2966 Phoebas
1091 2928 1173 2966 Soli
1207 2940 1393 2967 commune
1424 2931 1535 2979 atque
1565 2925 1735 2977 Apollini
1768 2938 1899 2966 nomen

275 3003 347 3040 est.
407 2996 466 3038 Cf.
498 2997 597 3038 Ciris
629 3010 667 3036 v.
698 2999 794 3035 245.
826 2999 863 3035 et
896 3009 933 3035 v.
965 2999 1059 3036 303.
1092 3009 1174 3049 sqq.
1207 2997 1254 3036 de
1286 2994 1576 3036 Britomartide:
