2006 3365
500 149 554 188 ΙΝ
587 147 807 188 VALERII
837 142 1074 188 CATONIS
1105 145 1376 187 ECLOGAM.
1660 149 1761 193 197

124 263 254 305 Schol.
302 263 470 303 Theocr.
509 263 599 303 XV.
642 266 707 301 64.
750 261 977 301 Welckerus
1016 263 1051 300 in
1090 261 1187 300 libro
1226 261 1501 302 Scliwenckii:
1559 259 1762 310 Etymolo-

122 331 578 382 gisen-mythologische
620 332 926 380 Andeutungen‚
966 344 1004 381 p.
1045 334 1140 369 269.
1178 344 1262 383 sqq.
1325 330 1404 369 Sed
1445 329 1651 369 Welckero
1689 327 1761 367 hoc

123 414 236 452 spero
268 414 323 439 me
356 413 617 451 persuasurum
651 413 759 449 esse,
791 400 968 438 versibus
1001 398 1157 437 Catonis
1189 400 1250 450 qui
1282 402 1510 450 sequuntur,
1549 398 1596 436 de
1627 395 1760 435 Vene-

123 472 176 509 ris
205 471 290 521 agi,
331 481 401 507 non
434 469 480 507 de
520 468 674 507 Iunonis
714 468 919 506 amoribus.
980 467 1123 505 Verbis
1155 466 1314 506 Catonis
1353 479 1423 504 111111
1456 465 1646 504 dissimilis
1678 465 1761 504 lau»

125 540 234 577 datus
265 552 287 577 a
318 538 580 577 Wernsdorno
613 536 839 587 Calpurnius
871 535 939 574 lx.
975 537 1010 575 ἶ.
1078 535 1172 573 Tam
1201 537 1363 588 primam
1403 535 1512 574 dulci
1543 535 1763 588 carpebant

123 607 278 659 yamlia
306 608 434 659 furto.
494 605 588 644 Post
619 619 784 644 amorem
815 604 920 643 Mon.
953 603 982 643 l.
1015 603 1064 642 11.
1096 604 1206 643 Vrat.
1239 602 1269 641 Ι.
1301 608 1363 642 est
1394 603 1546 644 addunt.

209 745 259 783 V.
279 748 345 782 66.
368 745 404 781 ἶ.
419 749 454 782 S.
471 741 587 788 (169.
605 746 670 781 70.
684 742 767 790 71.)
787 750 845 783 ET
868 750 1049 791 QUICUM
1071 750 1260 783 TENERA
1275 748 1452 783 GAVISA
1470 748 1671 782 ELlDERE
1688 742 1760 779 etc.

124 814 181 852 Ec
209 827 352 852 mec-mn
382 808 535 863 tenera}
570 811 694 860 Lege,
725 816 763 848 et
793 823 936 849 secam.
969 809 1116 848 seilicet
1146 809 1250 848 Iuno.

126 883 264 922 ludere
300 884 341 920 in
371 877 510 933 herba]
543 879 672 928 Lege:
708 880 928 930 —yam’sa
959 885 1021 917 est
1053 879 1182 918 [idere
1212 881 1251 917 in
1281 878 1403 918 herba

353 950 588 1001 Purpureos
619 948 740 1000 flores
773 969 824 974 —
857 950 900 985 vt
930 960 1067 997 supra,

355 1018 538 1058 Membra
570 1018 799 1064 reclinarit,
831 1023 1082 1070 teneramque
1112 1016 1278 1056 illiserit
1307 1016 1478 1056 herbam.

128 1088 363 1141 Purpureos
391 1084 527 1140 ll'ores]
555 1086 593 1125 ln
616 1086 744 1124 eadem
769 1084 948 1131 historia,
974 1085 1100 1122 eadem
1126 1084 1383 1135 descriptione
1409 1085 1523 1123 vtitur
1545 1083 1765 1123 Petronius:

354 1156 481 1195 Idaeo
515 1155 657 1210 quales
687 1155 797 1207 fudit
830 1154 878 1193 de
909 1156 1058 1193 uertice
1086 1153 1207 1205 flores

362 1226 490 1264 Terra
518 1238 694 1277 parens,
730 1237 843 1278 qaum
875 1237 921 1262 se
951 1223 1142 1274 confesso
1174 1224 1302 1261 uinxit
1333 1224 1458 1260 amori

355 1295 562 1347 Iuppiter,
594 1298 632 1332 et
662 1298 742 1331 toto
774 1294 954 1344 concepit
983 1299 1145 1344 pectore
1174 1291 1380 1342 flammas:

357 1364 565 1402 Emicuere
595 1375 738 1410 rosae,
771 1361 1003 1415 uz'olaeqae,
1036 1367 1074 1399 ec
1103 1360 1218 1399 molle
1249 1361 1474 1412 Cyperum;

358 1432 546 1485 Albaque
577 1431 627 1470 (Ie
657 1431 781 1470 uiridi
810 1434 986 1469 riserant
1017 1430 1107 1469 lilia
1135 1437 1268 1483 prato.
1300 1432 1374 1467 etc.
1527 1436 1710 1470 SCALIG.

133 1503 189 1542 Et
224 1514 367 1541 mecum
408 1508 545 1539 tenera
586 1499 749 1538 absurde
790 1498 874 1537 libri
915 1511 1057 1537 omnes.
1118 1497 1374 1536 Monacenses
1417 1498 1556 1534 tantum
1595 1497 1689 1539 duo,
1730 1498 1768 1535 et

130 1570 289 1610 Vratisl.
324 1571 355 1608 l.
379 1570 435 1608 Et
456 1582 541 1608 mea
565 1582 649 1608 cum
679 1574 707 1607 t.
738 1567 835 1619 quod
868 1566 984 1605 nihilo
1016 1566 1163 1605 melius.
1224 1565 1308 1603 Non
1338 1565 1384 1603 de
1410 1564 1530 1615 Lydia
1561 1564 1633 1603 11110
1662 1564 1767 1613 loco,

130 1639 198 1678 sed
232 1638 278 1677 dc
311 1638 461 1676 deorum
493 1637 622 1686 agitur
652 1636 851 1675 amoribus.
915 1635 1054 1674 Verum
1095 1646 1215 1686 neque
1248 1633 1430 1682 Scaliger
1465 1634 1627 1684 profecit
1659 1634 1769 1685 quic-

130 1721 260 1761 quam,
302 1708 381 1746 dum
425 1706 630 1745 continuari
671 1705 732 1744 his
771 1705 950 1743 versibus
988 1704 1210 1742 furtivorum
1251 1702 1358 1741 Iovis
1398 1704 1437 1741 et
1475 1701 1630 1740 Iunonis
1660 1714 1768 1741 amo-

129 1790 206 1816 rum
247 1776 537 1826 descriptionem
578 1775 735 1813 statuit:
778 1787 849 1813 non
883 1774 1083 1812 concinunt
1112 1772 1309 1824 sequentia
1350 1784 1388 1809 v.
1423 1775 1488 1810 69.
1526 1772 1621 1810 Tam
1651 1771 1770 1810 credo

133 1848 270 1899 fuerat
295 1846 470 1885 Mavors
505 1848 579 1883 etc.
639 1844 688 1882 Et
715 1844 949 1881 durissimum
982 1846 1064 1891 est,
1097 1841 1248 1892 nequid
1281 1840 1399 1879 dicam
1427 1841 1582 1888 10111115,
1615 1854 1768 1889 secum,

132 1913 305 1967 quicquid
337 1913 436 1951 dicat
467 1913 561 1950 idem
593 1912 773 1961 Scaliger
804 1913 838 1949 in
873 1910 1080 1962 Splmeram
1105 1909 1251 1949 Manilii
1284 1922 1321 1959 p.
1356 1911 1421 1947 49,
1481 1909 1575 1947 Nam
1608 1910 1770 1948 recenti-

133 1995 220 2021 ores
251 1982 398 2034 quidem
440 1983 491 2020 ita
522 1980 697 2032 loquutus
738 1993 826 2019 esse
858 1984 997 2018 certum
1030 1981 1110 2029 est,
1150 1980 1189 2017 ut
1220 1978 1301 2028 ipse
1343 1978 1469 2016 sciens
1501 1990 1603 2016 suae
1635 1978 1770 2016 retinui

133 2052 167 2089 in
196 2051 475 2101 Epigrammate
507 2050 688 2099 eleganti,
721 2049 788 2088 sed
820 2049 1045 2087 recentioris
1076 2048 1234 2096 aetatis,
1267 2047 1364 2098 quod
1396 2047 1441 2084 ad
1476 2046 1556 2084 Ecl.
1586 2049 1652 2087 25.
1678 2058 1769 2097 pro-

135 2122 239 2158 l'ero:
273 2120 309 2157 in
342 2119 612 2171 antiquioribus
644 2120 743 2156 serre
774 2118 808 2155 id
842 2130 911 2155 non
944 2117 1119 2165 audeam,
1161 2115 1233 2153 nisi
1266 2116 1381 2153 certis
1412 2115 1562 2153 indiciis
1594 2117 1632 2154 et
1662 2116 1771 2167 quasi

135 2189 377 2227 necessitate.
440 2188 506 2227 Sic
535 2186 629 2225 male
660 2186 744 2226 olim
777 2187 987 2235 Guarinus,
1020 2185 1104 2235 alii,
1144 2186 1181 2223 in
1213 2183 1363 2224 Catullo
1396 2183 1444 2224 ll.
1478 2190 1515 2223 9.
1549 2198 1681 2224 secam
1712 2184 1770 2223 le·-

136 2258 300 2306 gebant,
350 2259 488 2297 Secum
527 2257 665 2296 ludere
712 2260 818 2296 sicut
865 2258 954 2307 ipse
997 2268 1170 2307 possem.
1231 2254 1437 2292 Praeterea
1478 2254 1646 2293 Petronii
1686 2266 1769 2304 cap.

137 2342 294 2365 οἵῃ-11.
336 2339 491 2374 versus,
532 2339 626 2377 quos
667 2325 802 2365 Catoni
844 2324 1018 2362 admovet
1062 2323 1262 2373 Scaliger,
1309 2335 1379 2360 non
1421 2322 1467 2360 ad
1506 2324 1646 2374 primos
1686 2323 1771 2362 illos

139 2396 242 2434 lovis
274 2400 311 2433 et
345 2396 496 2433 lunonis
528 2407 691 2440 amores,
725 2395 792 2433 sed
820 2394 864 2431 ad
898 2393 1131 2432 concubitum
1162 2392 1349 2431 referendi
1382 2396 1469 2430 sunt
1500 2404 1594 2443 eum,
1627 2393 1688 2445 qui
1713 2396 1773 2432 est

139 2465 175 2502 in
208 2464 346 2502 iliados
384 2463 490 2501 XIV.
551 2464 590 2502 ld
630 2464 697 2502 iam
728 2463 867 2501 monuit
906 2463 950 2500 ad
984 2462 1101 2500 locum
1142 2462 1309 2500 Petronii
1341 2460 1558 2500 Consanus.
1620 2462 1772 2501 Homeri

138 2533 256 2571 locum
290 2532 387 2570 illum
415 2533 574 2570 imitatur
604 2544 647 2571 ac
664 2545 845 2583 superare
873 2531 1045 2580 laborat,
1081 2531 1192 2569 etiam
1224 2529 1351 2569 florum
1377 2530 1629 2579 multitudine,
1663 2531 1771 2570 Non-

140 2616 210 2641 nus
257 2602 323 2640 lib.
370 2601 538 2639 ΧΧΧΙΙ.
613 2601 790 2640 Catonem
828 2601 873 2639 de
912 2602 1100 2639 amoribus
1131 2612 1250 2649 agere
1299 2599 1484 2648 Veneris,
1533 2601 1629 2652 quod
1669 2611 1772 2637 mon-

140 2674 261 2710 strant
292 2671 514 2722 sequentia:
560 2671 653 2708 Tum
694 2671 810 2709 eredo
840 2671 980 2722 [iterat
1012 2670 1190 2708 Mavors
1230 2672 1302 2708 etc.
1337 2668 1519 2720 locusque
1550 2669 1595 2706 de
1627 2668 1771 2708 Vulca-

141 2752 209 2789 no,
240 2742 379 2791 primus
412 2742 575 2777 tortasse
606 2740 805 2789 perspexit
837 2741 866 2777 l.
898 2740 958 2777 Fr.
991 2738 1230 2787 Gronovius,
1271 2739 1377 2776 euius
1408 2737 1504 2776 llaec
1542 2739 1622 2776 erat
1654 2739 1692 2775 ut
1723 2749 1772 2775 ex

144 2808 313 2847 Arnoldo
347 2809 610 2857 cognoscitur,
643 2810 884 2846 coniectura:
918 2809 973 2847 Et
1002 2814 1126 2847 tecum
1156 2814 1294 2846 tenera
1319 2808 1412 2846 Dea
1436 2808 1532 2846 visa
1557 2806 1707 2845 elidere
1733 2807 1772 2844 in

143 2878 264 2917 herba
296 2878 346 2917 P.
378 2878 524 2929 flores,
559 2890 658 2930 ‹saos
692 2881 766 2915 etc.
799 2888 876 2915 cum
907 2877 1141 2928 apostrophe
1172 2878 1217 2915 ad
1243 2878 1429 2915 Martem:
1462 2888 1567 2927 quem
1599 2875 1633 2912 in
1667 2874 1772 2913 finem

144 2947 202 2985 sic
239 2947 460 2996 corrigebat
491 2958 641 2984 versum
673 2948 739 2984 69.
777 2946 893 2993 Tum,
933 2946 1076 2995 credo,
1115 2946 1310 2992 Mavors,
1342 2947 1468 2983 fueras
1500 2944 1701 2983 distentas
1733 2946 1772 2983 in

147 3028 186 3053 a.
245 3015 403 3056 Rectius
435 3016 616 3054 Heinsius
646 3018 844 3054 amatorem
877 3015 1041 3054 Veneris
1070 3015 1198 3064 alium,
1231 3027 1336 3066 quem
1366 3013 1429 3051 llla
1460 3016 1612 3063 praeter
1632 3012 1770 3052 Vulca-
