2006 3365
253 146 353 192 138
807 143 1334 185 ANIMADVERSIONES

252 259 303 299 Et
332 261 453 310 magis
482 259 613 298 similis
644 257 858 309 Propertii,
890 258 920 297 l.
954 273 1032 307 xv,
1066 262 1131 297 31.

536 328 662 385 Quam
692 334 762 365 tua
793 327 866 366 sub
898 335 1035 366 nostro
1065 334 1232 366 mutetur
1259 334 1419 380 pectore
1449 341 1559 367 cura.

252 396 313 437 Cf.
345 397 439 434 idem
472 396 643 445 Propert.
675 394 724 434 11.
758 410 836 444 xv,
870 400 935 434 35.
969 396 1030 434 ubi
1063 408 1196 434 rursus
1227 399 1315 446 post
1346 399 1557 435 enumerata
1589 391 1805 432 (ἰδ’ύνατατ

536 464 662 521 Quam
690 466 844 517 possim
874 472 1034 503 nostros
1067 465 1149 503 alio
1180 465 1408 515 transferre
1438 465 1609 504 calores.

251 532 395 571 Laudat
426 535 590 570 nostrum
622 532 741 571 locum
772 532 1033 572 Broukhusius
1065 533 1100 570 in
1131 532 1274 571 Tibull.
1305 531 1375 570 Ill.
1405 547 1429 579 ι,
1457 537 1522 571 20.
1555 533 1617 571 ubi
1649 533 1796 570 confert
1826 531 1886 569 in-

252 605 310 639 ter
343 613 387 639 se
417 600 553 639 similia
582 602 767 640 excidere
779 630 791 649 ‚
834 602 1022 653 effluere,
1065 602 1163 640 labi.
1223 603 1412 652 emiyrent
1442 601 1601 640 Vratisl.
1636 602 1665 640 Ι.
1707 603 1889 651 emiqeret

251 668 409 708 Vratisl.
441 669 492 708 ΙΙ.
552 684 652 709 cara
683 671 852 719 August.
896 670 1065 710 medatis
1098 670 1220 709 Paris.
1253 670 1304 709 ll.
1337 669 1403 708 sed
1435 681 1550 720 supra
1578 669 1704 709 addito
1737 669 1764 708 ί.
1812 682 1887 708 me-

250 737 359 778 dulis
391 739 500 778 etiam
530 739 651 777 Paris.
682 739 750 779 lV.

334 875 384 914 V.
406 879 498 915 102.
532 885 747 926 QUAMVIS
774 884 901 919 lGNlS
928 884 1053 925 ERIS,
1080 885 1296 926 QUAMVIS
1324 885 1470 927 AQUA,
1497 884 1687 919 SEMPER
1714 884 1887 917 ΑΜΑΒΟ.

336 945 531 1001 Quamvis
563 947 671 996 iynis
703 942 802 997 eris]
836 944 1135 983 Proverbialiter
1166 945 1263 983 dixit
1294 956 1343 982 ex
1375 944 1460 982 illo:

508 1034 558 1040 -—
593 1010 683 1049 ἁλλ’
715 1009 840 1059 duel}
870 1010 948 1059 μὲν
979 1007 1119 1060 ὕδωρ,
1155 1010 1228 1048 καί
1256 1015 1357 1060 γαῖα
1389 1012 1604 1060 γένοισθε.

249 1081 389 1121 Eadem
420 1083 609 1120 sententia
649 1094 727 1120 cum
766 1082 1048 1132 superioribus:
1091 1083 1181 1120 sive
1217 1084 1324 1129 eris,
1370 1086 1407 1121 et
1447 1084 1486 1120 si
1515 1094 1592 1120 non
1622 1086 1694 1119 etc.
1756 1088 1888 1123 SGAL.

250 1150 325 1188 Hic
355 1149 418 1188 ille
450 1162 585 1188 versus
617 1154 696 1194 est,
739 1163 789 1188 ex
819 1162 890 1201 quo
932 1149 994 1188 vel
1035 1162 1104 1187 uno
1145 1148 1334 1187 historiam
1375 1151 1542 1188 scribere
1582 1150 1777 1187 carminum
1810 1147 1888 1187 Ca-

251 1219 371 1263 tonis,
404 1218 656 1270 aliorumque,
690 1230 784 1270 quae
816 1220 921 1257 suere
953 1219 988 1256 in
1020 1217 1212 1256 Iuvenalis
1243 1218 1337 1257 Ludi
1369 1217 1538 1267 Libello,
1581 1218 1745 1257 criticam
1778 1217 1888 1266 licet,

250 1289 288 1326 et
319 1287 379 1338 qui
410 1287 484 1325 sint
516 1287 603 1325 boni
635 1287 740 1334 libri,
772 1287 832 1338 qui
862 1287 980 1325 minus
1011 1286 1128 1333 boni,
1153 1286 1371 1325 decernere.
1428 1287 1550 1326 Deest
1581 1299 1718 1324 versus
1752 1287 1787 1323 in
1821 1298 1888 1324 co-

251 1356 401 1394 dicibus
434 1356 552 1394 Basil.
580 1356 695 1394 Voss.
724 1356 773 1394 Il.
807 1354 965 1395 Vratisl.
990 1355 1040 1394 11.
1068 1356 1101 1393 in
1126 1355 1296 1394 Romana
1328 1358 1494 1407 utraque,
1526 1358 1565 1394 et
1596 1355 1633 1393 in
1665 1355 1761 1392 omni
1792 1354 1889 1393 libro

253 1424 355 1463 edito
387 1425 666 1477 antiquissimo,
706 1428 858 1476 praeter
889 1437 994 1463 unam
1026 1424 1122 1474 apud
1154 1437 1211 1462 me
1242 1423 1517 1473 Mutinensem,
1557 1424 1593 1462 in
1625 1436 1696 1476 qua
1726 1423 1789 1461 ille
1819 1422 1890 1461 hoc

252 1506 321 1531 suo
353 1493 438 1531 loco
470 1492 624 1542 legitur.
673 1493 816 1532 Deinde
846 1505 926 1531 eum
957 1506 1007 1532 ex
1037 1506 1105 1531 suo
1137 1492 1233 1531 libro
1259 1492 1403 1543 scripto
1428 1492 1593 1532 restituit
1617 1492 1780 1532 Bembus
1806 1491 1888 1530 Lib.

252 1561 299 1600 de
331 1559 485 1601 Culiee:
519 1564 556 1602 et
586 1575 636 1601 ex
668 1562 794 1601 Bembi
827 1562 922 1601 libro
954 1561 1049 1600 haud
1083 1562 1194 1600 dubie
1226 1562 1332 1600 venit
1362 1562 1396 1599 in
1428 1561 1614 1610 Aldinas3
1657 1573 1706 1599 ex
1739 1560 1891 1599 Aldinis

252 1630 287 1669 in
324 1630 584 1676 recentiores,
626 1630 750 1679 Lugd.
789 1635 905 1670 1529.
959 1630 1077 1669 Basil.
1111 1629 1218 1681 Bryl.
1264 1632 1383 1668 1543.
1425 1630 1597 1669 Venetas
1634 1628 1731 1667 lunt.
1767 1630 1889 1667 1544.

251 1698 359 1738 Scot.
397 1701 515 1737 1555.
558 1699 704 1738 Bonell.
741 1703 861 1739 1553.
905 1699 1027 1749 Lugd.
1059 1702 1096 1738 et
1128 1699 1249 1737 Antv.
1286 1702 1405 1737 1556,
1454 1697 1572 1737 Basil.
1606 1697 1654 1736 H.
1687 1697 1730 1736 P.
1768 1700 1888 1736 1561.

252 1767 549 1817 Scangranas,
581 1768 759 1820 reliquas.
808 1769 857 1808 Et
884 1768 1118 1807 Flurentinae
1140 1768 1235 1807 lunt.
1268 1767 1526 1818 adscripscrat
1552 1780 1656 1816 eum,
1681 1767 1890 1805 Burmanno

251 1838 438 1886 testante,
482 1849 611 1875 manus
652 1838 788 1876 Pierii:
834 1838 866 1875 si
900 1836 963 1875 illa
1002 1837 1070 1875 fuit
1100 1836 1215 1874 Pierii
1256 1848 1407 1884 manus,
1450 1836 1495 1874 de
1534 1848 1605 1887 quo
1648 1834 1892 1874 vehementer

251 1905 397 1944 dubito.
517 1905 654 1944 Verum
687 1918 733 1944 ne
764 1907 846 1958 quis
879 1905 974 1944 lianc
1004 1904 1231 1955 singularem
1268 1905 1527 1956 propriamque
1561 1904 1740 1943 Bembino
1773 1902 1892 1942 codici

252 1973 395 2012 laudem
427 1975 638 2023 existimet,
678 1974 774 2025 quod
814 1974 1102 2013 conservaverit
1141 1975 1212 2012 tam
1250 1973 1385 2012 bonum
1425 1986 1598 2021 versum,
1641 1984 1716 2021 ego
1757 1971 1891 2010 nullum

252 2041 382 2081 librum
414 2043 591 2093 scriptum
623 2043 808 2094 antiquum
842 2045 997 2082 exstare
1027 2047 1141 2093 puto,
1182 2044 1217 2081 in
1249 2056 1320 2095 quo
1354 2042 1420 2082 ille
1457 2043 1569 2081 desit.
1629 2042 1701 2080 Est
1730 2042 1823 2080 enim
1855 2041 1892 2078 in

250 2110 458 2160 Tliuaneo‚
491 2112 674 2150 parisinis
706 2111 754 2150 11.
789 2111 856 2150 111.
891 2112 959 2151 lV.
1024 2111 1263 2161 Anglicano‚
1305 2112 1558 2161 Augustam,
1591 2110 1744 2150 Monac.
1780 2110 1808 2149 l.
1842 2110 1890 2149 11.

253 2179 414 2218 Vratisl.
446 2179 476 2218 1.
510 2184 547 2218 et
579 2181 644 2219 fuit
674 2179 770 2218 baud
803 2180 913 2218 dubie
945 2180 980 2218 in
1012 2180 1222 2219 Petaviano
1255 2183 1292 2220 et
1322 2181 1521 2229 Mediceo,
1565 2182 1602 2218 et
1633 2180 1667 2217 in
1700 2178 1891 2217 Vossiano

254 2247 284 2286 l.
345 2247 470 2300 Quare
501 2249 572 2286 etsi
605 2261 677 2287 non
709 2249 928 2287 incredibile
959 2251 1019 2287 est
1049 2249 1220 2288 defuisse
1252 2262 1400 2287 versum
1442 2250 1477 2287 in
1511 2261 1581 2286 uno
1614 2261 1683 2297 eo,
1730 2261 1780 2286 ex
1819 2259 1892 2299 quo

255 2316 379 2354 editae
412 2318 515 2355 suere
546 2318 760 2362 Romanae,
805 2321 926 2356 tamen
959 2330 1028 2356 non
1071 2319 1190 2356 minus
1232 2317 1434 2365 credibile,
1478 2316 1566 2355 nihil
1598 2316 1670 2355 hoc
1701 2328 1790 2355 esse
1820 2316 1892 2354 nisi

256 2385 457 2434 editorum,
505 2384 667 2425 Conradi
706 2385 964 2437 Arnoldique‚
1011 2389 1048 2425 et
1088 2386 1269 2437 Episcopi
1310 2385 1549 2434 Aleriensis,
1599 2385 1753 2434 vitium,
1795 2383 1891 2436 quod

254 2454 446 2493 omiserint
476 2466 639 2492 versum.
683 2454 873 2493 Romanas
904 2467 1039 2493 secure
1070 2456 1218 2506 sequuti
1250 2457 1337 2493 sunt
1367 2454 1533 2493 editores
1559 2454 1718 2504 proximi
1743 2464 1890 2502 omnes,

254 2525 405 2573 praeter
436 2534 533 2567 eum,
582 2523 641 2574 qui
676 2523 828 2561 editioni
859 2524 1022 2573 praefuit
1055 2522 1128 2571 illi,
1172 2535 1220 2561 ex
1252 2535 1323 2574 qua
1356 2522 1587 2561 Mutinensis
1618 2522 1737 2560 fluxit.
1797 2520 1891 2559 Nam

253 2592 506 2631 Mutinensem
536 2604 584 2629 ex
616 2591 891 2630 Mediolanensi
929 2594 1045 2630 1474.
1078 2591 1174 2630 lianc
1204 2596 1324 2630 autem
1357 2604 1406 2630 ex
1437 2591 1510 2630 alia
1542 2591 1695 2643 quadam
1726 2602 1891 2639 expres-

255 2675 332 2700 sam
365 2661 506 2709 videri,
537 2660 734 2698 docebitur
765 2672 786 2698 a
817 2672 873 2698 me
904 2660 941 2698 in
973 2658 1161 2709 Catalogo
1198 2660 1396 2710 librorum,
1430 2660 1535 2699 Diss.
1556 2659 1627 2699 lv.
1665 2658 1723 2697 Illi
1749 2661 1891 2706 autem,

255 2743 349 2781 quos
380 2730 495 2780 primo
528 2728 613 2767 loeo
656 2729 936 2766 commemoravi
967 2729 1140 2778 codices,
1186 2729 1303 2767 Basil.
1336 2729 1455 2769 Voss.
1487 2729 1537 2769 ΙΙ.
1569 2726 1727 2768 Vratisl.
1759 2726 1808 2765 ΙΙ.
1842 2739 1891 2765 ex

255 2798 362 2837 libris
392 2798 527 2847 editis,
559 2797 760 2846 Romanis,
793 2797 898 2846 aliis,
931 2798 1118 2848 exscripti
1150 2802 1249 2837 sunt.
1365 2798 1440 2837 Pro
1473 2800 1579 2849 iynis
1611 2797 1645 2834 in
1677 2794 1890 2835 Paris.111.

256 2870 319 2906 uis
351 2867 508 2916 legitur.

342 2936 576 2976 Sententiam
606 2935 703 2987 quod
734 2935 888 2984 attinet,
918 2936 1022 2973 recte
1043 2932 1220 2984 Scaliger
1251 2935 1415 2974 eamdem
1440 2945 1528 2973 esse
1558 2932 1763 2982 observat,
1796 2944 1891 2984 quae

259 3016 372 3055 supra
403 3017 442 3044 v.
476 3008 541 3044 96.
602 3003 687 3045 Non
727 3002 885 3043 alienum
927 3005 988 3042 est
1029 3003 1202 3043 usitatum
1238 3004 1364 3055 poetis
1404 3002 1530 3043 latinis
1572 3001 1761 3056 quiequid
1798 3013 1891 3041 ero:
