2006 3365
217 151 284 196 48
781 138 1304 181 ANIMADVERSIONES

214 262 302 302 111110
341 261 466 314 prodit
502 260 670 310 spiritus.
736 256 864 296 Laudo
904 256 1012 294 etiam
1054 254 1225 304 Badium,
1282 252 1378 305 quod
1417 253 1541 304 priora
1579 254 1636 293 sic
1673 252 1856 303 iunxerit⁷

217 333 335 372 Haec
373 331 537 371 Veneris
573 334 706 375 serta,
747 337 817 364 non
857 325 934 373 sic,
973 325 1090 363 vario
1129 324 1292 363 Veneris
1331 323 1491 372 decore,
1536 326 1574 362 et
1611 323 1706 376 quod
1746 328 1858 361 serta

225 401 388 440 Veneris
426 410 498 435 non
532 396 683 446 proprie
715 395 786 432 dici
820 393 969 431 viderit.
1029 394 1150 432 Serta
1190 392 1351 431 Veneris
1384 389 1479 430 Cato
1517 391 1629 430 flores
1668 394 1739 430 tam
1771 389 1858 440 pul-

224 469 335 507 chros
367 468 480 514 dicit,
514 470 551 504 et
582 468 652 503 tam
685 464 917 510 odoriferos7
951 465 989 500 ut
1013 465 1114 499 serta
1137 474 1185 500 ex
1212 461 1258 498 iis
1283 461 1380 499 necti
1403 459 1544 499 Veneri
1566 461 1738 511 possint:
1772 457 1858 511 vel,

222 536 319 589 quod
339 533 748 585 simplicius‚qualibus
760 531 891 570 Venus
912 534 1130 578 coronatur,
1150 529 1318 568 coronari
1339 528 1451 567 solet.
1479 530 1546 569 Sic
1564 528 1705 578 singuli
1725 527 1858 569 flores,

223 609 261 643 et
282 603 456 652 singulae
477 602 616 641 herbae
636 602 879 653 plantaeque,
903 611 1063 637 coronae
1083 599 1166 637 sive
1187 602 1310 648 serta,
1333 595 1463 647 ςέφη,
1482 597 1718 648 appellantur
1736 608 1860 634 eorum

221 674 378 711 deorum
409 671 685 716 mortaliumve,
719 671 780 722 qui
812 668 886 707 illis
919 667 1207 706 coronabantur.
1247 670 1416 717 myrtus,
1447 666 1599 704 Iunonis
1632 665 1860 704 Imbrasiae:

225 740 385 780 Nicand.
416 739 602 791 Alexipli.
623 743 716 778 540.
742 736 872 785 (618.)
906 733 1068 783 σαῦςια,
1105 736 1294 775 Plutonis:
1327 734 1489 774 Nicand.
1520 747 1582 785 ap.
1607 733 1750 773 Athen.
1768 732 1859 772 XV.

228 813 322 848 684.
345 809 389 847 Ε.
424 808 576 857 violae,
610 808 731 846 lonis:
765 807 814 846 id.
839 806 928 845 ibid.
953 809 1048 844 683.
1072 805 1123 843 A.
1155 805 1286 853 vitex,
1319 803 1473 844 Carum:
1506 803 1861 853 Nicaenet.Epigr.

226 878 297 917 Ill.
321 881 359 915 5.
386 878 601 925 narcissuS,
635 875 786 916 Cereris
807 876 1132 925 Proserpinaeque
1156 872 1306 924 ςὲφος,
1339 875 1424 911 sive
1450 868 1708 923 ςεφάνωμαε
1737 870 1859 922 Sopli.

226 946 324 987 Oed.
357 945 441 986 Col.
476 949 570 985 684.
603 945 856 996 da1)liiioideS‚
890 942 1074 992 ςὲφανος
1105 942 1316 981 Alexandri
1348 957 1380 981 s.
1414 942 1582 980 Paridis:
1616 940 1714 979 Plin.
1738 940 1788 978 H.
1810 939 1863 978 N.

223 1015 315 1056 XV.
349 1029 453 1053 xxx.
522 1014 599 1053 Sed
641 1013 818 1053 Nicandri
859 1012 977 1050 locum
1015 1026 1064 1050 ex
1106 1010 1436 1061 Alexipliarmaeis
1476 1010 1732 1062 apponendum
1774 1020 1861 1046 esse

223 1085 362 1133 video,
394 1086 434 1122 ut
463 1087 567 1121 recte
600 1081 847 1131 intelligatur.
908 1081 1002 1119 Nam
1033 1079 1126 1117 male
1157 1083 1194 1118 et
1225 1079 1309 1117 olim
1341 1083 1571 1131 aeceperunt
1600 1077 1749 1118 Natalis
1781 1075 1861 1116 Co-

223 1167 302 1192 mes
334 1154 368 1192 in
401 1153 524 1203 capite
556 1152 601 1190 de
631 1152 805 1198 Venere,
839 1148 1092 1200 Spanliemius
1124 1148 1168 1186 ad
1201 1146 1347 1187 Callim.
1378 1147 1415 1186 h.
1448 1149 1558 1187 Dian.
1592 1151 1686 1186 201.
1719 1148 1757 1185 et
1788 1158 1860 1197 po-

223 1226 363 1261 stremo
396 1220 668 1260 Sclineiderus.
730 1219 785 1257 lta
816 1220 865 1256 ibi
899 1216 1119 1265 legendum,
1152 1220 1358 1267 praeeunte
1390 1218 1596 1268 interprete
1625 1227 1794 1266 graeco:

394 1285 518 1337 Πρὸς
552 1287 593 1324 δ”
627 1285 687 1324 ἔτι
722 1300 787 1323 τοι
821 1286 1041 1323 Δίκτυννα
1072 1284 1169 1332 τὲης
1201 1282 1423 1334 ἑχθήρατο
1458 1284 1640 1329 κλῶνας,

384 1352 522 1407 (Ήρης
553 1356 586 1394 τ’
618 1354 862 1405 Ἰμβρασίης
892 1352 1003 1404 ¹uae'vrl
1039 1351 1169 1404 ςέφος
1200 1350 1254 1401 ‚5³2
1287 1350 1510 1392 ὑπέδεκτο.

224 1427 345 1479 τέης,
375 1440 447 1467 11011
481 1425 600 1476 τεῆςε
635 1430 694 1466 est
725 1425 819 1464 enim
849 1437 915 1476 pro
945 1416 1011 1473 ἧς,
1044 1423 1249 1473 singularis
1275 1428 1385 1475 atque
1409 1422 1577 1462 insolens
1603 1424 1741 1465 sonna,
1770 1433 1864 1460 con-

226 1498 380 1537 ferenda
411 1509 489 1535 eum
522 1493 593 1545 ἕης
624 1495 733 1534 Hom.
766 1494 874 1533 Iliad.
906 1493 1015 1533 xvi.
1050 1496 1144 1531 208.
1193 1495 1242 1531 cs.
1274 1492 1461 1542 Alexipli.
1491 1494 1530 1530 2.
1569 1491 1699 1543 ibique¹
1739 1490 1862 1529 schol.

227 1567 289 1607 Ad
323 1567 520 1605 dictionem
553 1564 709 1604 Catonis
740 1563 976 1615 anquatenus
1016 1562 1161 1600 aceedit
1202 1565 1335 1612 pocta,
1379 1561 1567 1599 inferioris
1599 1560 1665 1599 ille
1694 1560 1861 1608 ordinis,

229 1641 267 1675 et
298 1636 457 1683 aetatis,
489 1633 610 1673 Antli.
642 1633 724 1672 Lat.
756 1631 806 1669 V.
840 1648 903 1670 Lv.
972 1633 1068 1672 Vere
1108 1631 1237 1670 Venas
1276 1631 1425 1681 yaudet
1464 1629 1694 1681 florentibus
1737 1642 1864 1668 marea

228 1707 367 1745 sertis.
429 1703 588 1741 Versum
622 1705 688 1740 21.
721 1702 843 1740 omisit
875 1701 1188 1751 interpretatione
1222 1712 1290 1737 sua
1323 1699 1484 1738 Badius:
1517 1702 1627 1748 puto,
1659 1699 1754 1751 quod
1790 1710 1862 1736 non

230 1773 477 1822 intelligeret.
529 1772 577 1810 Et
607 1784 699 1810 sane
731 1784 862 1810 avena
895 1771 967 1808 ista
999 1782 1113 1819 supra
1144 1781 1283 1807 omnem
1316 1768 1541 1806 intellectum
1573 1771 1654 1813 est,
1688 1767 1760 1805 nisi
1794 1779 1860 1805 nc-

230 1844 310 1881 scio
351 1841 447 1894 quod
490 1854 624 1878 novum
663 1840 847 1891 nobisque
886 1840 1053 1888 ignotum
1095 1852 1250 1877 avenae
1289 1850 1412 1886 genus
1453 1838 1487 1875 in
1528 1840 1648 1875 mente
1689 1836 1864 1875 habuerit

231 1914 356 1963 poeta.
412 1909 462 1948 Ut
494 1910 586 1947 enim
620 1909 829 1957 eoncedas‚
861 1920 1002 1952 suave,
1036 1908 1254 1958 praesertim
1287 1906 1432 1945 domino
1465 1906 1562 1944 ruris
1594 1906 1752 1954 amanti,
1781 1905 1860 1956 spi-

231 1993 313 2019 rare
353 1983 424 2018 tum
462 1978 555 2017 alias
595 1980 749 2026 fruges,
789 1981 861 2016 tum
892 1976 1008 2023 hanc,
1048 1989 1153 2028 quam
1187 1988 1254 2013 nos
1292 1989 1460 2014 avenam
1498 1975 1674 2023 dicimus,
1715 1976 1865 2023 frugum

231 2050 367 2087 mentio
399 2060 467 2099 per
498 2060 541 2085 se
573 2048 657 2098 ipsa
695 2046 816 2085 aliena
855 2046 902 2084 ab
935 2044 1006 2084 1100
1038 2044 1120 2083 loco
1161 2047 1239 2094 est,
1282 2048 1475 2096 postquam
1513 2043 1575 2082 bis
1616 2046 1729 2094 poeta
1768 2043 1866 2081 omni

233 2119 378 2155 omnino
411 2117 536 2165 segeti
569 2117 755 2154 interitum
793 2120 905 2167 atque
945 2115 1232 2152 internecionem
1273 2113 1422 2151 indixit.
1482 2112 1531 2151 Ut
1561 2116 1726 2161 taceam,
1764 2125 1864 2164 pur-

232 2190 348 2239 purei
378 2186 412 2223 in
444 2197 567 2223 avena
597 2189 660 2223 aut
691 2184 779 2222 nihil
812 2196 922 2229 esse,
961 2188 1046 2230 aut,
1085 2183 1116 2220 si
1148 2182 1232 2234 quid
1265 2183 1336 2225 sit,
1382 2184 1420 2219 ut
1451 2182 1620 2219 invenire
1652 2181 1724 2219 sibi
1759 2181 1868 2219 visus

237 2258 297 2294 est
328 2253 544 2301 Arnoidus,
578 2265 649 2291 non
681 2256 840 2301 tantum,
881 2254 918 2290 ut
950 2251 1093 2290 coloret
1125 2263 1288 2301 campos.
1349 2251 1553 2289 Praeterea
1583 2249 1709 2300 paullo
1742 2250 1868 2288 durior

236 2326 333 2362 soret
364 2323 563 2360 verborum
595 2322 847 2365 constructio,
882 2324 919 2359 et
949 2334 1079 2360 avena
1112 2320 1333 2358 vocabulum
1366 2319 1448 2357 loco
1478 2320 1661 2370 iniquiore
1684 2320 1868 2369 positum:

238 2393 345 2431 Haec
386 2391 549 2429 Veneris
588 2392 711 2439 serta,
754 2394 792 2428 et
830 2402 924 2442 quae
963 2401 1114 2440 campos
1155 2388 1281 2427 colore
1320 2399 1510 2438 purpureo
1549 2388 1696 2438 pingit,
1733 2399 1868 2425 avena.

238 2461 411 2511 Recepta
450 2459 708 2497 emendatione
746 2459 833 2507 illa,
875 2458 920 2496 de
957 2457 1111 2495 floribus
1148 2457 1293 2505 loe-um,
1337 2459 1374 2495 ut
1411 2456 1538 2503 decet,
1580 2456 1680 2495 nulla
1719 2457 1868 2505 frugum

239 2530 426 2568 mentione
458 2528 641 2576 immixta,
674 2527 866 2566 habemus.
917 2526 1103 2575 Intelligit
1133 2529 1253 2564 autem
1286 2523 1381 2565 Cato
1414 2537 1545 2575 rosas,
1577 2528 1616 2565 et
1645 2537 1752 2563 rosas
1784 2525 1869 2576 qui-

241 2599 321 2638 dem
353 2610 458 2650 quam
488 2598 666 2644 maxime,
707 2597 773 2635 sed
807 2597 916 2634 etiam
953 2595 1049 2633 alios
1081 2594 1207 2633 colore
1237 2606 1424 2645 purpureo
1463 2594 1590 2634 flores.
1651 2593 1701 2632 Ut
1731 2593 1871 2632 indicat

240 2669 349 2719 ipse:
397 2667 512 2706 Haec
550 2666 713 2706 Veneris
746 2667 852 2703 vario
883 2665 1069 2716 florentia
1100 2670 1211 2703 serta
1243 2664 1394 2702 decore.
1456 2663 1597 2702 Moneo
1637 2661 1709 2701 1100
1741 2667 1870 2700 contra

241 2737 487 2775 Burmannum
519 2736 707 2785 patruum,
747 2734 807 2786 qui
840 2734 885 2772 ad
917 2732 1046 2771 Valer.
1080 2731 1134 2770 Fl.
1167 2731 1235 2770 VI.
1269 2735 1362 2771 492.
1394 2745 1431 2782 p.
1466 2736 1560 2771 548.
1598 2731 1645 2769 de
1684 2730 1756 2768 1100
1786 2730 1871 2769 1000

243 2817 386 2855 agens,
418 2816 525 2855 quem
555 2804 612 2841 sic
642 2802 759 2851 legit:
793 2803 883 2842 Nee
920 2802 1083 2842 Veneris
1114 2804 1230 2840 vario
1261 2802 1444 2852 florentia
1476 2815 1509 2840 s.
1542 2801 1683 2839 decore
1711 2799 1869 2852 Purpu-

243 2887 309 2913 reo
339 2886 501 2925 campos
533 2871 766 2921 distinguant
796 2883 915 2909 verna
946 2870 1099 2909 colore:
1140 2872 1241 2909 serta
1273 2870 1434 2908 Veneris
1473 2880 1591 2907 verna
1631 2867 1720 2906 dicit
1749 2881 1872 2908 rosas

246 2954 347 2980 esse.
407 2941 511 2980 Male
542 2940 638 2992 quod
670 2939 837 2978 excludit
867 2939 962 2978 alios
993 2939 1120 2977 flores.
1179 2938 1296 2977 Levis
1327 2950 1389 2977 res
1421 2941 1500 2985 est,
1532 2937 1600 2975 sed
1631 2936 1678 2976 de
1709 2949 1781 2989 qua
1810 2939 1873 2976 ta-

246 3021 326 3048 men
358 3009 494 3061 aliquid
526 3008 666 3060 dicam,
708 3011 747 3049 ut
777 3009 904 3058 magis
935 3008 1161 3060 perspicuus
1198 3007 1305 3047 locus
1337 3007 1493 3049 Catonis
1534 3004 1686 3045 aliorum
1719 3017 1876 3058 compa-
