2006 3365
520 183 575 223 IN
614 183 832 224 VALERH
865 183 1102 225 CATONIS
1132 181 1313 223 DlRAS.
1662 182 1729 227 85

187 297 237 337 V.
270 301 336 336 50.
383 306 597 340 ACCIPITE
624 307 716 342 HAS
743 306 914 341 vocEs.
941 306 1126 340 MJGRET
1150 305 1401 340 NEPTUNUS
1427 307 1494 338 etc.
1551 293 1729 344 Accipite

89 378 186 418 quae
217 366 385 405 dicturus
416 379 509 406 sum.
571 365 613 405 Si
647 379 718 405 non
748 366 937 417 accipiant
967 365 1086 403 undae
1116 377 1161 403 ac
1192 364 1339 415 littora,
1371 363 1455 414 vel,
1502 363 1600 416 quod
1631 362 1725 401 idem

89 437 170 480 est,
201 433 235 472 si
268 445 341 472 non
374 433 537 484 accipiat
567 434 788 485 Neptunus,
819 433 916 472 aliud
943 445 987 472 se
1011 433 1237 484 praesidium
1260 431 1424 483 hahere,
1456 434 1494 472 et
1524 443 1627 483 spem
1656 442 1728 482 po-

50 501 52 504 ’
90 514 180 541 nere
212 502 248 541 in
280 502 514 549 fluminibus,
546 503 737 552 significat
768 515 806 540 v.
842 504 909 540 63.
942 513 1022 552 seq.

174 572 226 610 A.
256 571 333 610 kas
368 572 471 609 vites
504 569 664 609 Helmst.
703 572 847 620 mima!
884 569 1021 608 Petav.
1060 569 1098 607 et
1129 566 1299 607 Lasseno
1340 570 1464 614 teste,
1495 567 1724 617 Thuaneus,

89 643 128 678 et
157 639 280 678 Paris.
314 638 361 678 ll.
393 641 528 689 niqrat
562 639 666 689 Aug.
727 637 873 676 Deinde
904 636 988 686 hic,
1021 638 1059 675 et
1091 637 1185 674 inl'ra
1216 649 1254 674 v.
1282 639 1347 675 58.
1374 640 1440 676 (33.
1472 637 1622 676 variant
1652 635 1728 675 ali-

88 707 172 759 quid
205 706 292 746 libri
326 708 360 746 in
394 708 538 746 nomine
570 708 760 759 Neptuni.
820 705 861 744 ln
894 704 1101 755 Romanis,
1132 703 1240 754 aliiS,
1263 704 1497 757 Neptunus,
1518 705 1724 758 Neptune,

89 787 172 814 cum
204 776 449 827 compendio,
483 776 579 828 quod
605 789 655 814 nn
683 774 798 813 valet.
845 780 1098 828 neptmnnas,
1131 779 1357 825 neplmnne,
1389 773 1526 825 ubique
1551 773 1585 811 in
1604 772 1726 823 Angl-

88 845 126 883 et
157 844 267 884 Vrat.
301 844 351 883 11.
410 852 630 897 neptunus,
662 850 852 897 neptune,
884 853 1034 893 semper
1064 841 1172 892 Aug.
1206 841 1303 881 Mut.
1335 841 1489 881 Vicent.

173 981 222 1019 V.
267 984 332 1020 51.
403 990 682 1031 FLUCTIBUS,
718 989 777 1022 ΕΤ
807 988 973 1023 SPISSA
1007 988 1195 1023 cAMPOS
1231 987 1514 1021 PERFUNDAT
1547 986 1728 1020 ARENA.

83 1051 293 1104 perfundit
322 1049 468 1088 Tltuan.
523 1050 676 1089 harena
707 1051 811 1098 Aug.
854 1051 892 1088 et
929 1047 1060 1100 reliqui
1100 1047 1169 1086 mei
1208 1050 1280 1087 tam
1321 1047 1453 1097 scripti
1491 1058 1597 1098 quam
1635 1046 1726 1086 editi

85 1122 173 1158 ante
204 1118 387 1167 Aldinas,
420 1119 499 1157 fere
530 1130 670 1157 omnes.
728 1131 854 1158 arena
886 1117 1010 1156 Paris.
1043 1116 1112 1156 lv.
1144 1117 1241 1156 Mut.
1274 1116 1372 1156 Ven.
1408 1117 1528 1154 1488.

172 1188 380 1226 Burmanno
413 1200 483 1226 una
514 1187 577 1226 illa
607 1186 738 1226 infelix
770 1185 1014 1233 observatio,
1055 1185 1101 1223 de
1131 1197 1204 1223 non
1244 1183 1414 1224 iterando
1447 1183 1575 1222 eodem
1608 1195 1724 1223 voca-

84 1255 197 1305 bulo,
238 1259 317 1294 tres
349 1256 585 1295 coniecturas
617 1256 789 1307 peperit,
831 1257 870 1293 ut
901 1254 1036 1306 quavis
1069 1253 1287 1293 conditione
1324 1251 1582 1303 expelleretur
1614 1252 1726 1290 inno-

84 1325 183 1363 xium
216 1323 371 1362 verbum
399 1325 636 1377 perfundat.
697 1326 878 1378 spissam
908 1325 1061 1376 campis
1093 1323 1259 1361 inducat
1288 1334 1463 1361 arenam.
1507 1320 1568 1359 vel
1602 1321 1727 1360 inlisa

85 1406 247 1445 campos
280 1400 507 1444 corrumpat
536 1400 574 1432 et
605 1393 725 1445 αἱμα.Δ
769 1391 829 1431 vel
862 1398 900 1432 et
930 1393 1052 1431 salsa
1082 1404 1245 1443 campos
1277 1397 1503 1443 corrumpat
1533 1389 1584 1429 ab
1615 1390 1726 1441 alya-

87 1462 225 1500 Eadem
255 1461 301 1500 de
333 1473 488 1507 caussa,
530 1473 576 1500 ne
608 1463 723 1501 toties
755 1463 924 1500 recurrat
955 1460 1108 1499 verbum
1138 1460 1334 1512 fundere,
1376 1457 1650 1497 Wakefieldius
1681 1457 1726 1495 ad

86 1529 236 1569 Lucret.
270 1530 338 1569 Ill.
373 1533 467 1569 854.
500 1531 551 1569 ita
583 1534 724 1569 tentat:
757 1537 795 1569 et
826 1532 970 1582 spissa
1001 1542 1163 1582 campos
1195 1528 1377 1579 perducat
1408 1539 1545 1566 arena.
1586 1525 1726 1565 Gravis

86 1599 286 1637 Burmanni
319 1599 353 1637 in
386 1612 431 1638 eo
464 1598 615 1650 lapsus,
655 1599 751 1651 quod
784 1599 919 1650 alqam
949 1596 1081 1636 melius
1119 1597 1324 1636 convenire
1353 1595 1439 1634 huic
1468 1595 1725 1646 imprecationi

87 1667 301 1716 existimat,
333 1680 438 1720 quam
469 1681 645 1708 arenam.
704 1667 789 1706 Non
821 1667 972 1717 legerat
1002 1678 1097 1718 quae
1128 1668 1357 1719 sequuntur,
1389 1664 1435 1704 de
1466 1664 1600 1715 Syrte.

169 1805 218 1845 V.
252 1808 319 1844 52.
380 1814 474 1857 QUA
501 1814 754 1849 VOLCANUS
786 1814 943 1849 AGnos
969 1813 1152 1849 PASTUS
1177 1813 1308 1848 lovls
1334 1811 1527 1847 1GN113US
1553 1811 1724 1846 AROET.

171 1875 262 1933 (hm
300 1870 521 1926 Volcanus]
556 1873 660 1913 locus
693 1875 1011 1925 corruptissimus.
1072 1873 1201 1923 Lego:

314 1945 399 2001 Quo
440 1944 641 1984 Volcanus
673 1956 771 1994 ayro
799 1950 950 1995 pastas
981 1943 1095 1982 Iovis
1127 1941 1286 1994 iynibns
1318 1941 1448 1980 ardet.

86 2012 167 2065 Quo
198 2025 293 2061 agro
326 2012 520 2051 Volcanus
552 2011 658 2050 lovis
690 2013 866 2061 ignibus,
911 2012 945 2050 id
978 2017 1039 2050 est
1069 2011 1223 2060 ignibus
1262 2009 1425 2049 fulminis
1464 2019 1650 2048 accensus
1679 2020 1724 2046 a«

86 2093 193 2130 grum
224 2093 338 2119 mcum
370 2080 593 2132 populatur,
626 2081 661 2118 in
693 2093 761 2130 eo,
792 2082 961 2133 inquam,
991 2092 1088 2129 agro
1121 2079 1303 2129 t'ulgurito
1335 2078 1477 2117 existat
1505 2076 1636 2128 Syrtis
1666 2077 1724 2114 si-

85 2149 183 2188 milis
214 2150 273 2200 ei,
305 2162 398 2201 quae
429 2153 489 2189 est
521 2150 555 2187 in
582 2149 718 2199 Libya.
750 2153 933 2187 SCALIG.
994 2148 1215 2199 Scriptura,
1247 2159 1342 2200 quae
1367 2148 1455 2186 ante
1481 2145 1613 2185 oculos
1636 2157 1726 2184 ver--

87 2219 244 2257 sabatur
281 2217 507 2268 Scaligero,
557 2218 736 2270 vulgata,
777 2217 850 2256 hoc
888 2220 967 2267 est,
1009 2217 1279 2267 Romanarum,
1318 2215 1544 2254 Venetarum
1584 2214 1722 2253 Acliat.

88 2288 188 2327 Ruh.
221 2286 320 2325 lens.
354 2287 603 2336 vicentinae,
644 2290 683 2326 et
722 2286 942 2339 reliquarum
982 2289 1072 2325 ante
1110 2285 1273 2324 Aldinas
1308 2283 1590 2336 plerarumque,
1629 2295 1724 2321 non-

87 2355 265 2395 nullarum
288 2356 395 2394 etiam
420 2359 509 2407 post
530 2356 715 2406 Aldinas‚
749 2360 786 2394 et
812 2355 978 2394 codicum
1003 2356 1094 2394 Bas.
1118 2354 1226 2393 Vrat.
1247 2353 1299 2392 ΙΙ.
1319 2353 1440 2392 Voss.
1458 2351 1506 2391 11.
1529 2350 1623 2391 haec
1644 2354 1723 2391 est:

317 2423 406 2481 Qua
437 2425 632 2464 vulcanus
664 2437 786 2476 aqros
817 2426 949 2475 pastor
979 2424 1089 2464 Inois
1121 2423 1279 2475 iynibus
1310 2425 1428 2461 arcet.

89 2492 223 2532 Altera
254 2495 314 2530 est
344 2504 562 2543 paucarum,
603 2505 802 2545 earumque
843 2505 915 2531 non
957 2492 1067 2531 valde
1098 2493 1352 2545 antiquarum,
1390 2489 1726 2539 Norimbergensis

94 2564 213 2601 1492.
263 2560 532 2601 Ascensianar.
566 2561 732 2612 Argent.
772 2566 890 2601 1502.
922 2564 960 2601 et
990 2561 1184 2601 Iuntinae:

772 2652 822 2658 —-
852 2638 999 2683 pastos
1032 2651 1083 2658 --
1118 2652 1169 2657 —-
1201 2635 1326 2667 arcet.

90 2700 255 2737 fortasse
279 2710 326 2736 cx
353 2696 505 2735 Domitii
536 2697 867 2748 interpretatione,
900 2700 934 2737 in
966 2711 1038 2751 qua
1069 2699 1126 2737 sic
1155 2698 1319 2747 legitur:
1348 2703 1512 2751 pastos.
1546 2708 1724 2735 consum-

87 2775 195 2820 ptos.
256 2766 334 2805 Sed
367 2769 427 2804 est
467 2767 574 2804 etiam
613 2775 758 2819 pastos
800 2769 834 2806 in
868 2767 1027 2806 Helmst.
1061 2769 1100 2805 et
1131 2767 1249 2806 Voss.
1282 2765 1314 2804 I.
1389 2765 1561 2817 Denique
1591 2762 1723 2811 tertia,

89 2837 277 2888 antiquior
307 2835 403 2879 illis,
444 2846 488 2872 ac
519 2846 629 2883 vera,
671 2837 704 2873 in
738 2836 872 2875 Petav.
911 2835 1060 2875 Thuan.
1100 2836 1241 2875 Medic.
1283 2835 1388 2874 beid.
1421 2834 1541 2873 Paris.
1573 2831 1621 2870 II.
1655 2830 1724 2869 IV.

91 2906 198 2954 Aug.
232 2904 337 2944 Mon.
369 2904 399 2943 1.
431 2903 479 2942 11.
515 2902 674 2942 Vrat.1.
706 2906 742 2942 in
773 2904 1003 2954 Mutinensi,
1036 2904 1210 2956 Aldinis⁷
1242 2905 1331 2955 post
1360 2902 1519 2942 Aldinas
1551 2900 1654 2945 aliis,
1687 2902 1726 2938 et

90 2973 177 3012 MS.
211 2974 272 3026 qui
305 2974 437 3012 dicitur
468 2973 606 3011 Pierii:

772 3062 822 3068 —-
854 3049 1003 3093 pastas
1038 3064 1087 3069 —
1123 3062 1172 3068 —
1207 3047 1330 3079 arcet.
