2006 3365
608 164 874 205 RECENSlO
907 163 1198 204 LlssliORUM.
1638 166 1739 210 363

101 281 227 320 eadem
258 282 355 327 sint,
388 292 484 333 quae
515 281 549 319 in
571 280 724 319 Monac.
744 281 775 319 l.
807 280 927 319 media
958 281 1055 318 inter
1080 279 1257 318 Daretem
1287 280 1326 318 et
1356 277 1428 317 tria
1445 275 1599 325 Virgilii
1623 288 1740 327 opera

101 350 293 399 leguntur.
355 349 461 402 Quae
491 351 610 388 autem
642 351 848 401 sequuntur
887 348 1120 395 Aeneidem,
1161 349 1336 386 accurate
1374 347 1583 384 numeravit
1626 349 1739 397 atque

100 419 282 457 indicavit
311 418 555 457 Passovius:
597 418 806 466 Moretum,
859 417 910 456 Ut
942 416 1036 455 belli
1066 429 1234 455 sonuere
1262 415 1405 464 tubae,
1466 415 1548 454 Sus
1580 416 1738 453 invenis

100 500 269 540 serpens
301 501 403 526 casu
434 500 578 525 venere
609 486 681 525 snb
713 500 847 534 namn,
893 486 928 523 in
967 485 1107 523 obitum
1140 484 1401 534 Maecenatis,
1448 484 1587 531 Dirae,
1633 483 1739 539 Quid

98 557 171 595 hoc
202 558 296 594 novi
326 562 410 603 est,
440 556 561 606 Copa,
588 567 744 606 prorsus
775 554 922 597 eadem,
944 552 1146 604 eodemque
1178 553 1333 601 ordine,
1359 564 1453 604 quae
1476 552 1513 590 in
1533 552 1686 590 Monac.
1706 551 1737 590 Ι.

99 624 181 662 Hac
212 628 350 662 tantum
383 623 613 672 differentia,
648 623 743 675 quod
777 624 1006 672 epigramma
1042 620 1093 659 Ut
1123 620 1217 659 belli
1248 634 1416 659 sonuere
1444 620 1565 659 tubae
1595 624 1738 670 septem

99 692 299 734 versibus,
334 694 371 730 et
403 691 489 729 illud
522 693 603 730 Sus
636 695 789 730 iuvenis
821 703 990 742 serpens
1023 689 1201 727 versibus
1223 687 1451 726 hexametris
1473 700 1544 726 sex
1575 690 1613 726 et
1642 701 1739 738 pen-

98 763 255 799 tametro
289 773 360 798 uno
393 764 568 798 constare
599 760 810 798 Passovius
841 758 1004 809 scribit3
1044 761 1081 796 et
1120 757 1217 809 quod
1257 757 1393 794 desunt
1423 755 1482 793 his
1515 757 1739 795 carminibus

98 829 267 867 onmibus
300 829 568 878 inscriptiones
600 829 685 865 sive
717 826 825 865 tituli.
898 826 1046 865 Deinde
1089 826 1302 864 consentire
1335 823 1675 864 Vratislaviensem
1706 823 1736 863 Ι.

97 909 176 935 cum
210 897 433 935 Monacensi
466 896 496 935 l.
531 897 666 947 ubique
697 895 966 933 observabitur
997 896 1031 933 in
1064 894 1239 934 Catone:
1272 906 1344 932 non
1376 893 1472 945 quod
1506 892 1594 931 nibil
1627 893 1738 931 dill'e-

96 970 203 1014 rant,
237 966 303 1004 sed
339 967 447 1016 pauci
481 969 566 1004 sunt
598 964 690 1009 loci,
734 964 797 1002 ubi
830 964 1024 1013 differunt,
1067 965 1099 1002 si
1137 965 1378 1002 conferantur
1417 975 1496 1001 curn
1540 962 1634 1009 illis,
1675 962 1738 1000 ubi

97 1035 366 1084 consentiunt3
407 1047 477 1086 qua
520 1035 554 1072 in
587 1046 627 1071 re
660 1032 746 1071 illud
780 1033 940 1071 maxime
971 1031 1210 1071 memorabile
1243 1034 1327 1080 est,
1368 1031 1464 1084 quod
1498 1031 1740 1070 consentiunt

97 1105 206 1143 etiam
239 1105 272 1142 in
313 1102 410 1141 locis
452 1103 668 1141 coriieetura
705 1101 959 1152 interpolatis.
1028 1101 1122 1140 Num
1162 1102 1277 1153 igitur
1315 1099 1655 1139 Vratislaviensem
1689 1111 1739 1137 ex

96 1172 320 1211 Monacensi
353 1175 416 1209 aut
439 1171 709 1210 Monacensem
742 1183 790 1208 ex
822 1170 885 1208 illo
918 1171 1144 1221 descriptum
1163 1164 1491 1209 existimabimus?
1522 1169 1606 1207 Non
1634 1170 1738 1218 puto.

97 1240 308 1280 Communis
340 1240 482 1279 codicis
515 1241 707 1291 utriusque
740 1242 824 1278 fons
857 1241 945 1289 suit,
978 1240 1101 1278 codex
1132 1252 1226 1277 unus
1259 1238 1579 1277 emendationibus
1608 1237 1738 1275 nescio

95 1310 202 1347 cuius
234 1309 391 1347 bominis
433 1309 707 1359 interpolatus:
752 1322 857 1361 quam
890 1307 951 1346 ille
983 1309 1178 1360 antiquus,
1210 1308 1351 1345 frustra
1382 1319 1535 1358 quaero.
1597 1306 1738 1344 Mona-

95 1389 244 1416 censem
279 1377 306 1415 Ι.
339 1378 383 1415 ad
417 1377 602 1415 saeculum
634 1377 743 1416 XIV.
776 1377 910 1416 referri
941 1389 1084 1428 posse,
1117 1376 1344 1415 Tbierscbio
1377 1376 1519 1420 iudice,
1554 1376 1737 1422 diximus3

94 1446 437 1484 Vratislaviensem
470 1445 499 1483 Ι.
546 1447 783 1495 Passovius‚
825 1446 897 1484 etsi
931 1459 1003 1484 non
1036 1449 1150 1484 totum
1183 1446 1229 1483 ab
1263 1445 1390 1483 eadem
1421 1457 1526 1482 manu
1559 1444 1737 1494 scriptum

95 1519 230 1565 putat:
264 1527 342 1552 nam
375 1515 409 1552 in
429 1514 603 1553 Aeneide
634 1515 740 1553 aliam
772 1528 913 1553 manum
945 1516 1124 1564 agnoscit
1154 1527 1260 1567 quam
1292 1515 1326 1552 in
1360 1513 1585 1552 carminibus
1616 1513 1736 1549 miuo-

93 1583 228 1621 ribus:
271 1586 389 1621 tamen
429 1586 543 1621 totum
581 1583 732 1621 saeculo
771 1584 879 1622 Xlll.
919 1587 1107 1630 exeunte,
1156 1582 1218 1621 vel
1258 1594 1360 1620 saec.
1401 1581 1511 1620 XIV.
1554 1581 1734 1628 ineunte,

94 1652 274 1701 scriptum
306 1653 487 1701 coniicit,
534 1656 571 1690 et
604 1651 831 1690 Waeblerus
864 1652 887 1690 l.
920 1652 944 1691 l.
986 1652 1151 1691 eumdem
1195 1664 1296 1690 saec.
1329 1650 1438 1690 Xlll.
1480 1650 1527 1688 ab
1566 1649 1736 1689 Arnoldo

92 1720 246 1758 Placido
279 1721 313 1758 in
353 1720 461 1759 Italia
501 1721 702 1771 scriptum,
744 1724 903 1771 emptum
943 1734 1037 1760 vero
1078 1721 1256 1760 Veronae
1300 1723 1363 1758 13.
1398 1719 1509 1758 Febr.
1543 1732 1576 1757 a.
1613 1720 1735 1756 1441.

93 1789 219 1827 tradit.
281 1787 509 1839 Compendia
541 1790 752 1839 scripturae
785 1791 819 1827 in
842 1790 998 1828 Vratisl.
1021 1790 1050 1828 Ι.
1085 1802 1226 1841 pauca,
1260 1792 1298 1828 ut
1330 1802 1450 1841 neque
1479 1790 1514 1827 in
1535 1788 1686 1827 Monac.
1708 1787 1737 1826 Ι.

92 1857 205 1895 multa
236 1862 335 1895 sunt.
397 1859 553 1895 Omnino
586 1862 758 1909 quantimn
792 1858 843 1896 illi
877 1859 999 1897 laudis
1031 1859 1249 1906 tribuimus,
1277 1859 1500 1896 tantmndem
1533 1859 1611 1895 sere
1635 1856 1737 1894 Vra-

93 1926 303 1965 tislaviensi
336 1926 364 1964 Ι.
399 1928 676 1977 impertiendum
709 1931 780 1965 est.
813 1930 851 1965 at
881 1927 995 1965 semel
1031 1926 1274 1965 veliementer
1304 1927 1501 1964 aberravit
1532 1926 1735 1963 librarius:

95 1996 188 2033 v.ad
210 1996 291 2033 Dir.
306 1999 373 2034 65.
389 2009 473 2048 sqq.
535 1998 573 2034 et
604 1996 716 2034 simili
748 1996 855 2034 modo
888 1996 1018 2047 lapsus
1050 2001 1110 2035 est
1140 2009 1178 2034 v.
1215 1999 1251 2033 ἶ.
1313 1997 1360 2033 cf.
1380 1995 1424 2032 ad
1444 2009 1482 2033 v.
1512 1999 1601 2034 ΕΠ.
1627 1992 1736 2043 (Μ.)

179 2207 226 2244 lli
259 2210 345 2244 sunt.
375 2207 613 2259 quindecim,
647 2207 734 2255 vel,
767 2209 799 2246 si
827 2207 1095 2247 Monacensem
1117 2208 1166 2247 ΙΙ.
1200 2220 1269 2246 non
1302 2220 1559 2257 numeramus,
1592 2210 1630 2246 et
1662 2219 1735 2245 ex-

92 2276 299 2323 cludimus,
341 2279 379 2314 ut
419 2276 595 2314 videntur
635 2276 870 2315 excludenda
913 2290 1030 2325 esse,
1073 2278 1266 2327 Excerpta
1309 2277 1406 2327 apud
1442 2276 1656 2324 lleinsium,
1699 2278 1736 2315 et

91 2345 314 2383 Leidensem
348 2344 568 2394 Burmanni,
602 2345 794 2383 duodecim
826 2345 910 2384 libri
944 2346 1075 2397 scripti
1108 2347 1268 2398 antiqui.
1330 2346 1521 2397 Antiquos
1555 2345 1638 2383 dico
1670 2357 1734 2383 re-

91 2416 224 2465 spectu
258 2425 382 2451 eorum
414 2415 474 2464 qui
507 2418 726 2465 sequuntur.
787 2414 879 2453 Nam
912 2421 1062 2466 praeter
1093 2415 1179 2454 illos
1211 2416 1344 2466 partim
1374 2415 1422 2453 ab
1455 2415 1582 2452 amieis
1613 2415 1732 2461 meis,

91 2487 154 2520 aut
187 2494 207 2519 a
239 2495 294 2519 me
327 2483 430 2531 ipso,
471 2483 603 2533 partim
636 2486 723 2521 ante
754 2496 810 2522 me
843 2484 968 2523 collati
1001 2487 1089 2523 sunt
1119 2487 1278 2536 quatuor
1309 2484 1585 2522 recentissimi:
1619 2483 1734 2521 Basi-

90 2551 258 2599 leensis,
294 2551 509 2589 Vossianus
541 2552 752 2601 secundus,
795 2553 1114 2591 Vratislaviensis
1146 2554 1359 2602 secundus,
1401 2552 1732 2590 llelmstadiensis.

91 2619 253 2671 Quorum
295 2622 374 2657 tres
407 2621 554 2669 priores
586 2632 655 2658 non
688 2633 736 2659 ex
778 2622 976 2660 codicibus
1008 2623 1186 2672 scriptis,
1227 2622 1294 2660 sed
1336 2634 1383 2660 ex
1417 2622 1543 2672 primis
1576 2620 1732 2672 Virgilii

91 2689 342 2736 editionibus,
389 2687 596 2737 Romanis,
639 2689 748 2739 aliis,
794 2691 1006 2741 descriptos
1047 2691 1223 2729 arbitror.
1284 2690 1386 2728 Mira
1431 2702 1516 2738 res,
1563 2693 1601 2729 et
1639 2702 1734 2742 quac

90 2757 214 2794 multis
247 2756 480 2795 incredibilis
515 2758 710 2796 videatur:
744 2761 810 2798 sed
846 2762 964 2798 tamen
998 2760 1031 2797 id
1065 2760 1112 2797 de
1145 2772 1240 2807 uno,
1273 2759 1508 2807 Basili-ensi,
1531 2761 1602 2797 tam
1631 2762 1734 2797 certa

91 2826 406 2864 demonstratimw
449 2826 692 2874 probabitur,
737 2833 775 2866 ut
805 2829 1003 2879 probabile
1036 2830 1098 2867 liat
1130 2831 1238 2867 ctiam
1271 2829 1317 2866 de
1350 2830 1524 2867 cacteris.
1587 2828 1635 2866 Et
1666 2840 1733 2878 per

90 2906 133 2931 se
165 2895 310 2946 quidem
343 2894 431 2932 nibil
467 2893 534 2931 bac
567 2895 600 2931 in
642 2908 680 2932 re
712 2899 807 2947 qued
841 2898 1064 2937 incredibile
1097 2899 1166 2944 sit,
1209 2898 1374 2935 codicem
1406 2897 1521 2935 scribi
1555 2910 1601 2934 ex
1634 2896 1731 2936 libro

89 2963 212 3013 edit03
246 2965 460 3016 poteritque
493 2967 530 3002 et
561 2963 644 3001 aliis
678 2966 882 3017 exemplis,
915 2968 948 3005 si
980 2980 1074 3017 opus
1107 2967 1182 3010 sit,
1217 2966 1497 3014 demonstrari,
1529 2967 1663 3003 l'actum
1695 2965 1731 3004 id

90 3045 178 3071 esse
210 3046 490 3086 nonnunquam,
534 3037 572 3072 et
617 3045 681 3072 cur
712 3037 844 3073 lactum
883 3036 954 3085 sit,
994 3034 1238 3087 probabiliter
1270 3034 1416 3073 coniici.
1492 3034 1618 3073 Veluti
1651 3035 1729 3072 lieri
