2006 3365
269 147 372 193 384
849 142 1210 183 DlSSERTATlo
1244 143 1311 183 lv.

269 259 415 310 niensi,
455 271 477 297 a
514 258 643 297 codice
674 257 909 308 Basileensi,
954 259 993 297 et
1031 269 1054 296 a
1084 256 1276 296 Vossiano
1308 257 1358 296 ll.
1420 257 1469 298 Ut
1499 271 1590 298 sane
1620 260 1697 299 sint
1727 259 1905 298 diversae

270 327 469 366 editionum
501 325 660 364 familiae
692 325 755 364 vel
786 325 965 365 classes:
998 338 1126 364 verum
1150 326 1339 366 Romanae
1369 326 1480 366 binae
1511 340 1532 366 a
1563 333 1671 379 parte
1701 330 1803 367 stant
1834 339 1906 366 una

269 395 493 446 eademque3
526 394 676 432 alteram
708 395 854 445 praeit,
886 398 1058 447 quantum
1090 407 1185 433 nunc
1217 395 1362 446 quidem
1395 400 1619 446 compertum
1651 399 1729 444 est,
1753 395 1906 435 Medio-

269 462 435 501 lanensis
465 462 683 511 Maittairii,
721 476 934 515 quamquam
981 476 1059 502 eam
1102 476 1174 502 non
1214 464 1365 514 primam
1404 463 1580 504 omisisse
1613 477 1749 504 versus
1780 465 1905 514 istus,

269 530 337 569 sed
369 530 442 569 alia
473 534 675 582 praeeunte
704 533 937 584 antiquiore,
970 532 1169 584 probabile
1200 535 1272 572 est.

355 667 449 706 Post
479 667 586 706 binas
617 667 807 707 Romanas
839 682 914 719 ego
946 673 1033 708 ante
1073 670 1257 709 Venetam
1297 668 1437 708 Achat.
1487 672 1605 709 1473.
1639 669 1771 708 nullam
1804 670 1907 720 vidi,

268 737 332 775 aut
363 736 533 775 collatam
564 736 611 774 ab
644 737 718 776 alio
750 737 876 776 habui.
946 738 1171 777 Prodierunt
1210 742 1330 777 tamen
1373 751 1417 777 eo
1459 740 1637 789 temporis
1677 740 1824 790 spatio,
1870 742 1910 778 ut

270 816 508 856 cognoscere
540 818 589 844 ex
622 805 796 856 lleynio,
837 807 958 859 iisque
1004 820 1098 859 quos
1130 809 1312 859 sequutus
1343 810 1402 846 est
1441 807 1633 857 lleynius,
1672 806 1787 856 licet,
1825 806 1909 846 edi-

268 874 392 913 tiones
414 873 568 924 Virgilii
601 887 674 914 non
706 887 861 925 paucae.
924 876 1028 929 Quae
1059 884 1220 926 possunt
1251 888 1379 914 omnes
1406 877 1440 914 in
1465 879 1542 914 ires
1562 875 1726 914 describi
1748 874 1908 914 classes.

269 941 366 982 Sunt
397 944 489 981 enim
521 956 616 995 quae
646 944 784 982 maiora
816 946 954 983 tantum
988 944 1141 993 Virgilii
1174 958 1290 995 opera
1324 946 1393 984 tria
1434 946 1656 984 continent:
1690 946 1786 983 inter
1817 957 1911 997 quas

269 1012 384 1062 prima
416 1015 503 1060 est,
538 1024 630 1064 quae
662 1012 864 1051 Romanam
896 1011 945 1051 ll.
980 1026 1049 1051 uno
1090 1026 1185 1052 anno
1226 1015 1455 1059 antecessit,
1504 1014 1654 1053 Veneta
1690 1015 1811 1052 1470.
1843 1026 1911 1064 per

270 1080 505 1119 Vindelinum
539 1081 584 1119 dc
627 1082 769 1132 Spira:
811 1094 890 1120 eam
933 1082 1123 1120 Lassenus
1165 1084 1331 1133 inspexit
1371 1084 1406 1121 in
1448 1082 1692 1121 Bibliotheca
1724 1082 1911 1122 Parisina.

268 1148 424 1197 Virgilii
460 1151 578 1188 1471.
612 1162 681 1201 per
712 1150 915 1199 Adamum‚
957 1152 1018 1202 qui
1058 1152 1197 1202 primus
1237 1152 1398 1190 Aeneidi
1431 1153 1539 1190 istum
1571 1151 1702 1190 librum
1735 1151 1912 1189 decimum

269 1219 415 1257 tertium
446 1217 612 1268 addidit,
644 1219 786 1268 insigni
818 1219 1093 1270 pulchritudine
1124 1232 1168 1258 ac
1199 1220 1495 1269 magnificentia,
1520 1220 1713 1271 exemplar
1737 1220 1913 1271 possidet

269 1286 513 1325 Bibliotheca
543 1287 814 1337 Friburgensis
848 1289 881 1326 in
918 1288 1148 1337 Brisgovia,
1193 1301 1299 1340 quam
1331 1289 1499 1327 notitiam
1533 1288 1775 1334 Welckeris,
1820 1289 1912 1326 viris

268 1356 526 1405 amicissimis,
558 1356 693 1395 debeo.
763 1356 883 1395 Porro
923 1356 995 1395 huc
1032 1358 1196 1407 pertinet
1240 1356 1387 1395 Veneta
1432 1360 1551 1396 1472.
1584 1369 1652 1408 per
1682 1356 1913 1395 Leonardum

269 1423 476 1473 Achatem,
517 1425 624 1464 cuius
657 1438 763 1463 unum
803 1425 996 1476 exemplar
1028 1439 1048 1464 e
1079 1425 1310 1464 bibliotheca
1352 1425 1617 1464 Sunderlandii
1652 1425 1810 1466 Comitis
1842 1424 1913 1463 ha-

268 1492 374 1536 buit,
416 1504 461 1531 ac
501 1493 726 1543 descripsit,
768 1495 1035 1546 variantesque
1076 1493 1261 1533 lectiones
1302 1494 1387 1533 inde
1428 1499 1635 1545 excerptas
1676 1493 1847 1534 exhibuit
1878 1495 1912 1532 in

271 1560 432 1599 editione
465 1561 618 1610 Virgilii
647 1561 875 1600 Londinensi
911 1564 1031 1602 1715.
1065 1563 1121 1601 Μ.
1156 1562 1410 1612 Maittairius,
1446 1564 1541 1602 unde
1574 1563 1748 1612 easdem,
1783 1563 1914 1601 saltem

270 1641 321 1667 ex
353 1634 482 1680 parte,
522 1630 557 1667 in
589 1643 691 1667 suam
726 1630 877 1679 Virgilii
918 1632 1117 1670 editionem
1162 1633 1391 1670 Burmannus
1431 1632 1644 1682 transtulit3
1692 1632 1844 1671 alterum
1877 1632 1913 1669 in

270 1697 513 1737 Bibliotheca
546 1698 760 1737 Basileensi
792 1701 959 1750 inspexit
991 1700 1273 1739 Broemmelius.
1338 1701 1392 1738 Ea
1425 1702 1547 1740 Vitam
1576 1702 1739 1750 Poetae,
1773 1705 1811 1739 et
1828 1713 1914 1738 car-

272 1769 367 1805 mina
399 1767 445 1805 de
478 1768 653 1806 Aeneide
686 1767 779 1816 duo,
822 1780 947 1818 unum,
996 1769 1092 1820 quod
1127 1767 1304 1808 Cornelio
1337 1768 1446 1808 Gallo
1476 1769 1672 1818 tribuitur,
1711 1770 1914 1820 Tempori-

273 1835 346 1874 bus
379 1835 482 1874 laetz’s
514 1838 724 1875 tristamur
756 1841 829 1875 etc.
861 1837 1038 1882 alterum,
1073 1838 1169 1889 quod
1204 1837 1418 1876 Octaviano
1449 1838 1557 1887 Aug.
1591 1837 1772 1886 Caesari,
1805 1838 1916 1888 Erqo

271 1918 318 1942 ne
349 1906 547 1956 supremis
587 1908 660 1943 etc.
700 1905 874 1943 subiecta
912 1904 1074 1943 Aeneidi
1115 1905 1242 1945 habet.
1304 1906 1440 1946 Altera
1471 1906 1608 1945 classis
1640 1907 1768 1944 addita
1798 1904 1915 1945 habet

273 1971 490 2022 Opuscula,
533 1973 598 2011 sed
640 1973 702 2011 illa
745 1977 905 2021 tantum,
947 1986 1042 2025 quae
1081 1975 1206 2014 insunt
1248 1976 1281 2013 in
1314 1975 1482 2014 Romana
1513 1974 1544 2014 l.
1605 1973 1823 2015 Cuiusmodi
1857 1976 1916 2014 est

274 2041 388 2079 editio
420 2054 453 2079 a.
493 2043 611 2081 1471.
651 2054 755 2093 quam
795 2042 976 2081 describit
1017 2043 1055 2082 F.
1090 2044 1135 2083 G.
1176 2045 1221 2083 de
1268 2046 1367 2084 Bure
1409 2043 1696 2096 Bibliographie
1737 2044 1914 2083 lnstruct.

272 2110 369 2149 Bell.
401 2110 576 2159 Lettres,
610 2110 657 2149 T.
691 2110 719 2149 1.
753 2124 789 2161 p.
824 2114 918 2150 282.
952 2125 1010 2164 sq.
1050 2125 1086 2151 n.
1123 2117 1245 2152 2661.
1305 2114 1438 2153 Tertia
1480 2114 1641 2161 classis,
1680 2125 1775 2166 quae
1806 2113 1915 2152 etiam

272 2177 375 2218 Cirin
408 2180 574 2218 continet
605 2184 642 2218 et
674 2178 882 2219 Catalecta.
945 2181 1039 2230 Sic,
1073 2182 1202 2220 eodem
1236 2183 1350 2221 Burio
1382 2183 1472 2221 ibid.
1505 2195 1540 2221 n.
1575 2185 1699 2221 2663.
1732 2185 1914 2230 testante,

272 2246 421 2286 Veneta
453 2247 727 2286 Bartholomaei
761 2247 1006 2288 Cremonens.
1043 2253 1163 2289 1472.
1197 2251 1243 2289 de
1276 2264 1345 2302 qua
1378 2250 1514 2302 aliquid
1547 2251 1699 2300 addam,
1732 2263 1838 2303 quum
1869 2251 1914 2290 ad

272 2315 472 2355 Romanam
509 2317 628 2354 1473.
662 2329 888 2367 pervenero.
950 2318 1274 2357 Mediolanensem
1308 2320 1433 2369 1472,
1466 2320 1497 2357 si
1531 2323 1650 2358 tamen
1683 2323 1743 2358 est
1760 2319 1915 2358 Medio-

272 2384 369 2432 lani,
402 2389 464 2432 et,
497 2385 592 2437 quod
629 2384 746 2433 vulgo
778 2386 975 2433 statuitur,
1008 2387 1053 2424 ab
1089 2388 1256 2425 Antonio
1289 2388 1428 2426 Zaroto
1472 2389 1677 2438 impressa,
1721 2391 1838 2426 utrum
1868 2387 1915 2426 ad

273 2454 418 2492 tertiam
451 2453 610 2491 classem
643 2456 822 2502 reseram,
855 2466 899 2491 an
932 2455 976 2492 ad
1010 2456 1233 2503 secundam,
1279 2456 1430 2504 dubito,
1474 2470 1579 2508 quum
1613 2469 1789 2509 nusquam
1821 2469 1914 2495 enu-

272 2526 412 2561 merata
460 2522 685 2568 invenerim,
733 2535 829 2573 quae
869 2535 912 2561 ea
958 2525 1218 2573 continentur,
1259 2523 1464 2575 Opuscula.
1538 2525 1619 2564 Has
1665 2538 1793 2564 omnes
1824 2524 1916 2564 utile

272 2591 383 2629 suerit
414 2591 626 2641 inspicere,
669 2602 742 2628 non
788 2591 884 2643 quod
927 2592 1225 2643 inexspectatam
1267 2592 1383 2631 lucem
1427 2594 1792 2646 emendationemque
1831 2593 1916 2632 inde

272 2672 421 2710 sperem
453 2659 641 2708 Virgilio,
681 2662 719 2698 et
751 2660 959 2709 Opusculis
992 2660 1245 2712 Virgilianis,
1286 2662 1352 2700 sed
1386 2666 1424 2701 ut
1455 2666 1711 2712 cognoscatur
1741 2664 1913 2713 penitus,

273 2728 332 2778 qni
372 2728 448 2766 sint
483 2729 755 2778 proximarum,
800 2740 892 2779 quas
932 2728 1192 2780 descripturus
1233 2744 1337 2780 sum,
1382 2731 1611 2770 Venetarum
1652 2731 1735 2769 veri
1775 2731 1913 2768 fontes.

273 2795 423 2834 Veneta
455 2797 548 2834 enim
580 2795 742 2835 Achatis
780 2799 898 2835 1473.
932 2799 970 2836 ut
1000 2796 1073 2836 hoc
1118 2798 1242 2837 statim
1283 2799 1456 2850 exemplo
1502 2802 1606 2846 utar,
1648 2811 1753 2851 quum
1794 2810 1913 2849 neque

271 2864 321 2903 ita
363 2864 536 2904 videatur
575 2865 700 2916 primis
741 2864 969 2903 editionibus
1012 2865 1191 2904 Romanis
1233 2868 1367 2906 similis
1417 2880 1531 2917 esse,
1585 2870 1623 2907 ut
1655 2879 1703 2905 ex
1734 2865 1914 2905 alterutra

273 2944 393 2971 earum
425 2947 647 2984 expressam
679 2946 766 2971 esse
798 2939 933 2984 putes,
966 2946 1085 2986 neque
1118 2935 1168 2972 itu
1201 2936 1353 2974 recedat
1372 2948 1392 2974 a
1414 2936 1618 2983 RomaniS,
1650 2936 1689 2973 ut
1720 2946 1786 2983 pro
1812 2946 1914 2973 nova

273 3001 405 3039 haberi
444 3003 665 3042 recensione
705 3002 867 3052 debeat,
908 3003 994 3056 quid
1036 3004 1158 3053 magis
1202 3005 1282 3043 veri
1324 3004 1467 3055 simile,
1514 3016 1618 3056 quam
1665 3003 1913 3053 expressisse
