2006 3365
218 128 285 172 28
782 116 1310 159 ANIMADVERSioNES

306 238 412 276 11300
443 239 689 275 SCALlGER.
752 232 897 271 Addam
935 231 984 270 N.
1017 230 1166 269 lleinsii
1207 230 1256 268 ad
1296 229 1394 268 hunc
1431 243 1580 268 versum
1622 229 1860 267 animadver-

220 307 385 354 sionem,
418 317 512 357 quae
544 303 605 341 illa
636 305 719 350 est,
761 302 795 338 in
829 312 901 352 qua
932 299 1129 338 veritatem
1162 311 1251 336 esse
1291 298 1529 336 observatam
1560 299 1721 337 Heinsio
1755 299 1861 336 dice-

220 376 324 414 bam:
373 376 548 412 Battarus
578 370 753 410 Siculum
792 383 925 408 nomen
965 369 1146 416 videtur,
1191 362 1431 414 Βάτταρος,
1477 368 1576 406 idem
1616 367 1861 417 desi'qnans,

222 444 327 497 quod
359 443 528 481 Graecis
561 434 861 487 βατταριστής.
895 437 944 476 de
976 448 1050 491 quo
1084 435 1331 486 Hesychius.
1372 434 1593 474 derivalum
1626 449 1650 474 α
1684 431 1862 477 Βάττος.

219 513 310 550 hiae
341 505 611 557 βατταριζειν
650 507 748 546 idem
781 506 886 560 qnod
918 504 1205 552 βαττολογεῖν.
1268 502 1448 541 Battara
1488 507 1525 542 in
1557 505 1758 557 Epistolis
1792 505 1862 543 Ci-

220 581 389 619 ceronis.
435 577 543 622 (Lib.
577 576 665 616 Vll.
697 577 741 614 ad
777 576 874 615 Fam.
909 576 977 625 Ep.
1014 575 1071 622 9.)
1134 574 1239 612 llaec
1270 572 1318 611 N.
1352 572 1531 610 Heinsius
1571 585 1631 623 ap.
1664 573 1862 610 Burmarm.

220 648 349 686 Gloss.
384 645 432 685 V.
465 645 494 684 l.
528 646 572 683 ad
615 657 745 683 vocem
774 644 950 683 Baliare
980 644 1050 681 ita:
1099 655 1119 681 ο
1152 642 1261 681 sili-a
1295 654 1410 696 quam
1441 654 1542 679 nanc
1572 648 1752 692 (luipulat
1778 641 1862 680 Mi-

219 717 364 755 lienus.
405 717 443 753 et
482 715 539 752 sic
577 714 717 765 passim
757 712 939 758 inculcat,
980 711 1116 750 silvam
1154 723 1241 749 esse
1280 712 1492 759 Battarum,
1534 709 1577 747 ad
1617 723 1654 747 v.
1701 712 1761 747 14.
1796 711 1864 748 27.

220 788 288 824 33.
323 788 388 822 54.
423 786 488 822 64.

306 854 489 906 Cyrneas
514 851 704 903 Scaligeri
737 851 953 889 coniectura
981 849 1113 887 nemini
1139 862 1182 886 se
1207 848 1455 898 approbavit,
1489 847 1559 884 nisi
1586 846 1682 898 quod
1699 847 1866 885 Wcrns-

220 922 359 961 don-nus
398 924 609 974 Cyrnaeas
650 919 850 969 legendum
891 918 1068 969 putabat,
1111 916 1147 955 11.
1179 930 1213 955 e.
1254 918 1511 969 Cyrenaeas,
1553 929 1579 953 a
1619 915 1866 954 Callimacho

220 992 449 1044 Cyrenaeo,
482 993 595 1029 caius
620 990 734 1028 diras
763 991 801 1027 in
827 987 915 1026 Ibin
947 989 1124 1025 imitatur
1155 986 1285 1034 Βαίας
1319 985 1379 1023 vel
1413 987 1622 1037 Cyrneas,
1656 996 1770 1022 sensu
1799 995 1866 1021 co-

220 1061 325 1109 dem,
356 1072 378 1097 a
409 1057 512 1109 Cyra
544 1061 685 1098 monte.
719 1058 754 1095 in
786 1068 857 1108 quo
890 1056 1038 1094 condita
1072 1055 1237 1105 Cyrene.
1280 1056 1474 1094 Sicanias
1507 1054 1722 1092 coniecerat
1743 1052 1867 1090 Hein-

220 1129 323 1177 sius,
355 1130 542 1166 referente
573 1127 804 1173 Burmanno,
838 1126 934 1178 quia
964 1124 1065 1163 haec
1096 1125 1264 1163 Catonis
1297 1124 1398 1163 villa
1430 1125 1468 1161 in
1499 1123 1646 1163 Sicilia
1675 1122 1771 1174 fuit.
1803 1119 1866 1159 vel

220 1211 414 1249 cyaneas.
464 1195 588 1234 Hodie
622 1207 724 1232 nemo
758 1193 1011 1241 dubitaverit,
1044 1193 1131 1245 quin
1165 1205 1292 1230 verum
1325 1193 1375 1230 sit
1406 1204 1602 1245 cycneas:
1637 1191 1731 1242 quod
1764 1201 1867 1228 00111-

219 1266 328 1304 mode
360 1264 531 1315 explicat
563 1262 764 1311 Scaliger,
796 1265 833 1299 et
864 1265 951 1300 ante
983 1261 1218 1313 Scaligerum
1251 1261 1477 1311 Pomponius
1509 1260 1697 1305 Sabinus,
1731 1258 1868 1297 Domi-

221 1335 294 1373 tius
322 1331 572 1380 Cafflcrinus,
604 1344 755 1383 quornm
788 1329 849 1368 ille
882 1329 1102 1370 Ciceronem
1134 1330 1180 1368 dc
1211 1329 1317 1369 Orat.
1344 1329 1480 1368 111.11.
1513 1329 1558 1366 dc
1587 1327 1752 1372 Crasso,
1786 1327 1869 1365 ma

222 1411 412 1456 tanquam
444 1415 592 1453 cycnea
622 1401 703 1452 sctit
736 1401 865 1439 divini
894 1400 1060 1439 hominis
1092 1413 1173 1438 voa·
1203 1406 1241 1438 et
1271 1401 1426 1448 oratio;
1467 1397 1527 1436 hic
1559 1396 1734 1435 Ovidium
1765 1395 1868 1434 Fast.

223 1471 273 1510 Il.
314 1475 401 1510 109.
434 1470 580 1518 laudat,
615 1470 738 1509 veluti
769 1472 954 1507 canentia
987 1469 1090 1506 dara
1124 1469 1198 1514 (sic
1231 1468 1435 1516 Domitius)
1474 1466 1715 1518 Transfisus
1737 1477 1870 1517 penna

224 1548 400 1593 tempora
432 1546 569 1577 cantat
601 1539 698 1576 olor.
728 1537 755 1575 l.
780 1537 917 1575 Badius
946 1537 1162 1575 Ascensius
1194 1536 1403 1574 Martialem
1428 1535 1537 1574 Xlll.
1564 1550 1717 1573 cxxvii·
1762 1533 1869 1572 Dul-

225 1613 290 1648 cia
323 1609 485 1659 desecta
515 1608 740 1646 modulalnr
779 1608 957 1644 carrnina
997 1605 1135 1656 linqua
1168 1606 1366 1644 Cantator
1405 1618 1557 1656 cyanus
1590 1605 1748 1656 saneris
1781 1605 1871 1655 ipse

225 1680 303 1717 sui.
364 1676 487 1725 Igitur
519 1678 709 1726 utrumque
742 1677 842 1713 inest
883 1675 916 1712 in
959 1686 1054 1712 voce
1094 1687 1291 1726 cycneas:
1335 1678 1372 1713 et
1408 1673 1618 1711 moestitiae
1661 1673 1786 1721 notio,
1831 1673 1869 1710 et

225 1747 322 1798 quod
355 1744 676 1793 lmiignatimrezu,
710 1744 865 1795 eiusque
898 1744 1181 1793 repetitionem,
1209 1743 1341 1788 Diras,
1371 1755 1543 1793 suprema
1577 1740 1657 1780 vult
1689 1753 1756 1779 sua
1782 1752 1868 1778 car-

225 1816 320 1853 mina
361 1826 470 1852 esse:
519 1825 589 1850 non
636 1813 731 1864 quod
774 1825 898 1850 veram
947 1812 1021 1849 sibi
1067 1813 1207 1850 instare
1249 1815 1400 1851 mortem
1450 1811 1614 1858 sentiat,
1658 1813 1697 1848 ut
1731 1809 1871 1859 accipit

226 1883 356 1923 Gloss.
397 1883 445 1920 V.
486 1882 515 1920 l.
565 1882 608 1919 ad
653 1881 790 1930 Eclog.
832 1884 898 1919 22.
937 1882 1004 1920 sed
1050 1881 1145 1933 quod
1185 1894 1278 1933 agro
1319 1882 1480 1929 amisso,
1523 1884 1561 1918 ut
1603 1877 1774 1918 Catullus
1814 1878 1871 1915 111-

226 1954 336 1992 teritu
369 1952 516 1994 fratriS,
559 1957 644 1989 tola
676 1951 724 1989 de
754 1958 878 1989 mente
908 1952 1109 1999 fugaturus
1151 1953 1232 1988 erat
1268 1951 1367 1988 haec
1407 1950 1546 1988 stadia
1585 1956 1707 2002 atque
1747 1949 1870 1986 omnis

228 2022 400 2060 delicias
433 2021 564 2059 (mimi.
626 2033 798 2071 cycneas
840 2019 997 2069 scripsi,
1038 2031 1107 2057 non
1140 2033 1338 2071 cyaneas,
1371 2030 1451 2056 cum
1482 2017 1606 2065 Aldo‚
1644 2028 1723 2055 cum
1757 2015 1872 2054 Aldi-

228 2092 306 2134 nis‚
352 2093 389 2128 et
419 2101 515 2140 quac
552 2087 650 2126 aliae
691 2088 925 2126 recentiores
964 2090 1170 2139 sequuntur
1202 2087 1385 2135 Aldinas,
1424 2087 1547 2136 Lugd.
1584 2088 1702 2124 1529.
1753 2083 1871 2123 Basil.

233 2161 353 2197 1543.
387 2157 484 2195 Ven.
525 2160 640 2195 1555.
678 2156 773 2194 Vcn.
811 2159 932 2195 1558.
966 2155 1088 2204 Lugd.
1123 2160 1160 2193 et
1194 2156 1382 2205 Antverp.
1412 2159 1530 2193 1556.
1565 2154 1680 2192 Basil.
1713 2153 1764 2192 H.
1786 2153 1871 2192 Pet.

234 2226 514 2274 l5t3l.Scalig.
536 2225 608 2273 al..
641 2237 711 2262 non
743 2224 871 2263 horum
902 2225 1128 2262 auctoritate
1151 2224 1345 2268 librorum,
1379 2223 1444 2261 scd
1479 2226 1710 2262 vetustorum
1734 2221 1875 2273 aliquot

231 2296 474 2345 scriptorum:
506 2293 703 2341 Τ111131101,
737 2295 770 2331 111
804 2306 876 2344 quo
909 2295 1097 2342 cicneas,
1130 2292 1299 2331 Lasseno
1332 2296 1453 2336 teste,
1488 2295 1526 2330 ut
1558 2293 1665 2330 etiam
1697 2293 1733 2329 in
1766 2290 1874 2329 Pari-

232 2365 314 2401 sino
336 2363 398 2412 11.,
417 2367 453 2401 et
472 2363 714 2411 Augustani,
747 2362 781 2399 in
815 2374 886 2413 quo
918 2360 1048 2400 Balla
1080 2364 1286 2400 recioneas
1321 2360 1473 2409 legitur.
1513 2360 1737 2412 Quamquam
1765 2360 1874 2397 etiam

231 2432 359 2470 horum
391 2431 567 2470 librorum
600 2443 670 2468 non
702 2443 872 2480 magnam
905 2443 992 2468 esse
1024 2430 1087 2468 tali
1121 2431 1155 2468 in
1189 2442 1230 2467 re
1260 2430 1517 2468 auctoritatem
1541 2431 1676 2467 fateor.
1709 2430 1873 2479 ciqneas

234 2500 495 2549 Anglicanus,
530 2499 687 2537 Vratisl.
721 2499 752 2538 l.
785 2500 938 2538 Monac.
970 2499 1021 2537 ΙΙ.
1055 2501 1092 2537 et
1124 2498 1240 2537 Basil.
1274 2501 1432 2549 tiyneas
1464 2498 1616 2536 Monac.
1649 2497 1678 2536 1.
1723 2495 1875 2545 Vulgo,

234 2570 305 2607 hoc
336 2573 414 2613 est,
448 2570 482 2607 in
516 2569 682 2608 Romana
716 2568 765 2606 11.
798 2569 960 2607 Venetis
992 2566 1132 2606 Achat.
1166 2567 1264 2606 Rub.
1298 2566 1400 2605 lens.
1438 2567 1473 2604 in
1506 2566 1713 2605 Mutinensi
1745 2569 1782 2603 et
1812 2576 1875 2602 re-

235 2638 367 2691 liquis,
401 2641 438 2677 et
469 2639 504 2675 in
539 2637 654 2675 Voss.
690 2637 738 2675 11.
773 2636 932 2676 Vratisl.
964 2636 1014 2675 11.
1048 2649 1226 2688 cyyneas
1259 2639 1298 2674 et
1328 2636 1384 2673 sic
1415 2635 1537 2673 Paris.
1562 2634 1632 2674 lv.
1676 2633 1878 2672 Vicentina

236 2720 386 2759 cyneas
418 2707 605 2745 mendose.

321 2777 483 2815 Bactare
514 2789 665 2828 semper
696 2777 735 2813 in
766 2775 853 2814 cod.
888 2775 1073 2814 Medic-eo
1105 2774 1318 2814 scribitur:
1352 2773 1472 2811 verba
1503 2774 1589 2811 sunt
1609 2771 1807 2810 Burmanni
1831 2771 1877 2808 ad

238 2844 275 2881 h.
308 2844 332 2882 l.
395 2844 443 2883 Et
474 2845 530 2882 sic
560 2845 595 2881 in
628 2843 791 2881 editione
822 2843 1029 2881 Mutinensi
1070 2855 1232 2893 semper.
1294 2841 1399 2895 Quae
1437 2844 1496 2880 est
1533 2840 1651 2878 minus
1683 2842 1875 2885 accurata,

242 2913 307 2949 sed
341 2914 436 2951 satis
471 2914 642 2959 vetusta,
677 2914 715 2950 ut
747 2912 918 2960 videtur,
956 2911 1143 2961 scriptura
1174 2913 1212 2950 ct
1242 2911 1522 2962 pronunciatio:
1563 2910 1602 2947 ut
1633 2908 1778 2947 blactis
1810 2920 1878 2958 pro

243 2980 382 3021 blattis
414 2982 528 3032 Virg.
561 2981 705 3031 Georg.
736 2980 808 3021 IV.
839 2983 936 3020 243.
969 2991 1049 3020 cum
1079 2980 1164 3020 aliis
1194 2980 1293 3032 apud
1324 2980 1567 3019 Burmannum
1597 2976 1707 3017 libris
1728 2977 1880 3016 Veneta
