2006 3365
573 166 642 207 DE
672 165 828 207 POESI
861 163 1197 208 CATONIANA.
1604 169 1701 213 311

72 281 189 322 verba
218 293 322 319 unam
348 283 486 321 tantum
509 280 830 332 exhortationem,
851 281 1158 329 admonitionem,
1189 280 1496 320 exclamationem
1521 279 1704 318 efficiant:

71 350 180 403 quale
212 354 272 389 est
303 350 414 399 illud,
446 364 493 390 ne
524 353 748 399 arcessite,
781 353 840 400 01,
873 353 1024 390 animos
1057 350 1265 398 adhibete,
1309 361 1378 400 pro
1409 361 1480 401 quo
1513 347 1614 387 Aen.
1637 347 1706 387 lV.

75 423 164 457 116.
197 419 381 458 brevius:
411 422 583 472 paneis,
616 420 797 468 adverte,
840 418 999 458 docebo.
1058 418 1168 457 Talia
1200 419 1317 468 igitur
1347 429 1420 456 non
1451 416 1599 456 multum
1631 416 1707 454 dif-

69 489 193 527 ferunt
224 488 271 526 ab
304 489 452 526 usitatis
495 487 830 526 exclamationibus
870 486 1167 537 parentheticis,
1207 487 1437 539 infandum,
1481 487 1628 538 nefas,
1670 488 1709 523 et

69 557 150 595 sim.
211 556 384 608 Denique
413 556 619 605 Virgilius,
652 561 689 595 et
719 556 778 608 qui
797 555 858 593 alii
883 558 1018 606 poetae
1040 554 1320 604 elegantiores,
1354 557 1392 593 ut
1422 566 1569 605 semper
1585 558 1710 592 amant

68 625 206 674 gravia
237 637 281 663 ac
312 625 526 676 ponderosa
559 625 676 663 verba
708 626 743 662 in
777 625 848 662 line
881 635 1042 670 versus,
1084 627 1156 661 1001
1188 623 1367 671 maxime,
1414 623 1476 660 ubi
1509 623 1709 661 interiecta

69 696 128 732 est
158 693 278 731 medio
311 705 424 731 versu
458 692 721 744 parenthesis,
755 693 906 739 curant,
941 693 979 730 ut
1011 691 1170 730 ultimum
1205 691 1386 739 verbum,
1433 691 1530 742 quod
1563 690 1710 740 excipit

69 760 330 812 parenthesin,
363 774 433 801 non
466 762 626 800 otiosum
658 762 728 809 sit,
759 760 827 798 sed
860 761 897 798 vi
930 759 1157 811 praeditum,
1190 761 1228 798 et
1252 758 1355 807 tale,
1387 759 1468 796 sine
1499 771 1571 811 quo
1596 771 1706 808 prae-

69 830 211 869 cedens
242 830 483 882 parenthesin
516 831 705 869 sententia
736 829 944 867 consistere
977 840 1049 866 non
1068 828 1222 878 possit:
1256 829 1295 866 ut
1326 826 1401 865 11118
1424 825 1518 865 10018
1540 826 1706 875 habebo,

68 906 241 951 tempus,
267 899 434 939 docebo.
496 898 601 951 Quod
635 909 706 935 non
750 896 991 936 observatum
1031 909 1053 935 a
1091 896 1238 936 Catone
1280 895 1358 936 Dir.
1395 898 1460 933 41.
1502 895 1562 932 uhi
1601 908 1708 947 quum

68 968 138 1005 iam
169 968 343 1007 absoluta
374 969 423 1007 sit
453 968 624 1018 satisque
657 966 858 1017 perspicua
884 966 1070 1004 sententia
1092 964 1150 1003 his
1177 964 1330 1012 verbis,
1363 970 1501 1003 noscet
1533 967 1606 1003 iter
1632 964 1709 1003 ‹ln-

69 1049 162 1075 eens
194 1036 351 1086 Erebo,
392 1049 478 1075 sero
510 1036 634 1074 venit.
673 1035 755 1073 sine
795 1034 856 1082 vi,
894 1035 1024 1074 Dicis.
1086 1045 1217 1084 nempe
1256 1033 1389 1072 Erebo
1428 1035 1709 1071 commemorato

69 1116 141 1142 non
174 1105 432 1156 requirebatur
462 1103 508 1142 ad
540 1104 762 1142 sententiam
794 1104 924 1142 Ditis.
1012 1101 1252 1141 Observetur
1283 1102 1394 1140 etiam
1427 1101 1508 1140 Dir.
1542 1115 1579 1140 v.
1617 1105 1710 1140 100.

70 1174 312 1225 Miqrabnnt
343 1187 467 1213 casus
499 1173 635 1212 aliena
666 1176 706 1211 in
737 1185 907 1226 corpora
939 1185 1088 1218 rernm,
1122 1171 1183 1209 ubi
1207 1185 1335 1210 rernm
1363 1182 1442 1209 0001
1465 1170 1710 1221 ambiguitate

70 1243 228 1294 positum
261 1243 296 1280 in
328 1246 497 1281 extremo
531 1255 668 1291 versu,
714 1255 821 1294 quum
862 1240 1161 1290 coniungendam
1199 1240 1250 1279 sit
1287 1253 1413 1280 casus
1445 1253 1585 1278 rerum.
1647 1238 1707 1279 Cf.

69 1323 164 1364 quae
195 1311 245 1349 ibi
278 1310 621 1349 animadvertinuis.

153 1376 449 1428 Ἀποστροφιί,
485 1382 523 1417 ut
554 1391 695 1430 graece
727 1379 843 1417 dicam
876 1390 954 1417 cum
976 1376 1206 1432 Quintiliano
1233 1377 1317 1416 1000
1349 1376 1474 1428 paullo
1506 1378 1593 1415 ante
1625 1375 1711 1414 lau-

69 1449 180 1497 dato,
212 1447 274 1486 vel
307 1448 339 1486 si
371 1447 487 1487 latine
519 1447 607 1487 licet
637 1460 716 1486 0001
748 1447 842 1486 Iulio
864 1447 1083 1495 Rutiniano,
1118 1447 1339 1489 conversio,
1373 1450 1443 1484 tam
1476 1446 1613 1484 usitata
1632 1443 1711 1484 Ca-

71 1517 149 1556 toni
182 1516 320 1565 figura,
354 1518 394 1554 ut
425 1528 470 1554 ea
500 1529 615 1567 supra
646 1516 808 1565 modum,
841 1528 888 1554 ne
920 1517 1057 1561 dicam,
1092 1528 1210 1567 usque
1236 1515 1281 1552 ad
1310 1515 1491 1561 taedium,
1525 1526 1616 1551 usus
1648 1514 1711 1552 sit.

70 1586 203 1637 Neque
234 1585 362 1623 dubito
395 1584 467 1623 1100
498 1597 645 1637 000000
676 1586 720 1623 ad
762 1584 1035 1635 simplieitatem
1073 1586 1217 1622 referre
1263 1581 1450 1622 Catonis:
1491 1582 1577 1634 quid
1616 1582 1711 1620 enim

70 1654 142 1692 nisi
173 1653 395 1704 simplicitas
427 1657 506 1704 est,
540 1654 571 1691 si
604 1654 686 1705 quis
718 1652 892 1705 loquendi
911 1652 1052 1691 modum
1079 1665 1147 1703 per
1171 1664 1214 1690 se
1237 1651 1371 1690 bonum
1399 1651 1711 1703 elegantemque,

68 1722 137 1761 sed
171 1723 231 1774 qui
264 1735 332 1773 per
364 1725 526 1761 naturam
558 1735 682 1768 suam,
716 1735 822 1774 quum
854 1720 1038 1770 singulari
1072 1720 1214 1759 cuidam
1246 1720 1354 1758 animi
1383 1721 1616 1759 commotioni
1650 1719 1712 1758 vel

67 1792 278 1830 sententiae
308 1791 493 1840 gravitati
527 1791 701 1842 proprius
733 1791 802 1840 sit,
834 1790 965 1841 paucis
998 1789 1217 1842 quibusdam
1240 1789 1336 1828 locis
1360 1789 1549 1828 reservari
1574 1788 1713 1837 debet,

68 1865 250 1910 perpetuo
285 1861 396 1899 utitur
407 1856 426 1899 ’ἔ
485 1859 569 1898 Non
590 1860 672 1897 (1100
694 1859 780 1898 11108
807 1859 936 1907 10008,
961 1858 1021 1897 ubi
1043 1858 1087 1896 ad
1116 1857 1271 1908 Lydiam
1292 1870 1500 1896 sermonem
1522 1858 1713 1897 convertit

69 1926 185 1977 Cato,
207 1928 267 1966 vel
291 1929 351 1967 ubi
369 1929 412 1966 ad
435 1928 498 1967 illa
519 1927 656 1966 dilecta
677 1940 762 1966 rura
779 1940 866 1977 sua,
886 1930 924 1966 ut
942 1927 1023 1966 Dir.
1041 1931 1100 1966 10.
1121 1929 1231 1966 senis
1253 1928 1405 1974 nostri,
1423 1926 1570 1978 felicia
1597 1939 1710 1974 rura,

70 2001 108 2035 et
139 1996 308 2045 Eelogae
340 1998 468 2046 initio,
511 1996 572 2035 vel
603 1996 648 2034 ad
682 1996 843 2046 silvam,
876 1996 959 2035 Dina
988 1999 1053 2034 26.
1081 2008 1164 2047 sqq.
1198 1997 1235 2033 et
1264 1994 1308 2032 ad
1338 1994 1506 2045 capellas
1538 2006 1712 2045 caprum-

69 2077 162 2117 que,
184 2078 221 2102 v.
240 2069 306 2104 91.
327 2079 410 2117 sqq.
437 2065 498 2103 vel
519 2064 578 2103 0111
600 2065 643 2102 ad
668 2064 786 2102 undas
809 2066 847 2102 01
867 2063 1017 2113 littora,
1039 2077 1077 2102 v.
1104 2067 1169 2103 48.
1192 2068 1230 2103 9.
1253 2066 1291 2102 01
1310 2063 1354 2101 ad
1388 2063 1556 2112 flumina,
1579 2076 1617 2101 v.
1644 2066 1710 2101 67.

68 2132 132 2171 vel
165 2133 226 2171 ubi
265 2133 309 2170 ad
350 2137 489 2171 taurum
529 2135 566 2169 et
607 2144 780 2182 caprum,
827 2131 905 2170 Εο1.
947 2135 1014 2171 28.
1054 2145 1137 2184 sqq.
1177 2134 1215 2171 et
1255 2132 1298 2170 ad
1329 2132 1492 2181 Liuiani,
1531 2130 1611 2170 Eoi.
1645 2134 1710 2169 41.

70 2201 152 2239 Hos
170 2202 275 2249 dieo,
298 2201 379 2239 Dir.
401 2206 438 2239 Β.
459 2207 530 2239 tna
550 2202 693 2252 faeta,
721 2200 920 2253 Lyenrye.
987 2203 1048 2238 15.
1074 2201 1180 2240 sulci
1201 2201 1404 2240 condatis-
1466 2204 1531 2240 35.
1553 2203 1591 2238 6.
1612 2200 1713 2254 Iup-

67 2273 195 2322 piter,
230 2272 332 2309 cinis
363 2271 463 2309 haec
492 2269 566 2308 tibi
595 2270 668 2322 fiat
694 2276 861 2321 oportet.
923 2273 988 2309 63.
1007 2269 1208 2322 IVepcmze.
1241 2270 1303 2307 ubi
1337 2282 1444 2322 quum
1468 2282 1536 2320 per
1561 2282 1604 2307 80
1630 2270 1714 2320 ipsa

70 2351 143 2376 non
176 2338 374 2388 displiceat
396 2337 629 2389 apostrophe
656 2337 700 2375 ad
723 2338 956 2388 Neptunum,
990 2337 1193 2389 displicent
1225 2340 1344 2377 tamen
1378 2338 1584 2377 cumulatae
1614 2350 1712 2388 apo-

71 2405 252 2457 strophae
272 2419 281 2443 :
315 2418 393 2443 nam
426 2407 547 2445 statim
569 2407 738 2459 sequitur
758 2405 898 2455 altera,
920 2408 1106 2446 Battare.
1167 2411 1235 2446 83.
1260 2408 1398 2461 Totque
1418 2409 1576 2447 inimica
1597 2409 1657 2446 tui
1676 2421 1711 2446 s.

72 2476 283 2514 discorde'n
301 2489 335 2513 e.
370 2474 505 2523 Eclog.
528 2479 588 2514 ls.
608 2475 787 2515 labentes
810 2479 956 2515 currite
972 2476 1168 2527 lymphae.
1201 2480 1267 2515 27.
1282 2477 1463 2529 Iuppiter
1485 2482 1652 2515 avertas
1673 2490 1712 2514 (ι.

73 2546 139 2582 45.
189 2544 332 2583 Omnia
370 2557 443 2583 ros
484 2546 599 2583 estis.
660 2543 746 2582 Non
779 2556 881 2593 nego
914 2546 1022 2583 etiam
1056 2545 1091 2583 in
1125 2544 1183 2582 his
1216 2557 1320 2583 uuam
1351 2545 1556 2584 alteramve
1587 2544 1712 2595 aptis-

73 2614 198 2651 simam
243 2626 331 2650 0880
371 2612 653 2663 apostrophen,
694 2616 734 2652 ut
765 2613 827 2651 illa
857 2613 1048 2652 admodum
1084 2616 1244 2652 venusta
1282 2617 1359 2663 est,
1393 2627 1414 2653 a
1453 2627 1509 2652 me
1552 2613 1713 2652 feliciter

73 2683 270 2730 restituta,
316 2679 396 2719 Eel.
441 2683 500 2719 is.
562 2680 617 2719 At
655 2681 691 2719 111
724 2694 829 2720 unum
869 2695 998 2721 omnes
1030 2684 1252 2721 coniunctae
1283 2684 1395 2721 mirae
1427 2683 1636 2730 cuiusdam,
1669 2693 1714 2719 ac

73 2753 152 2789 t'ere
195 2751 326 2788 nimiae
367 2749 624 2788 eounnotionis
666 2752 704 2789 et
741 2752 848 2803 quasi
891 2750 1154 2802 trepidationis
1195 2752 1358 2803 speciem
1391 2752 1576 2803 praebent
1607 2750 1713 2788 111800

74 2819 312 2858 carminibus,
375 2819 573 2857 Caeterum
606 2831 711 2870 quum
748 2832 881 2858 111010111
914 2818 1071 2859 Catonis
1103 2832 1175 2858 non
1209 2822 1303 2859 satis
1336 2820 1614 2859 observassent
1641 2819 1713 2857 viri

75 2888 197 2937 (10011,
231 2887 317 2925 mihi
351 2887 516 2925 relietum
548 2888 637 2935 suit,
670 2890 708 2926 01
738 2890 974 2927 restituerem
1006 2887 1204 2941 aliquoties
1227 2888 1515 2939 apostrophen:
1548 2888 1630 2926 Dir.
1645 2891 1711 2927 35.

76 2954 157 2995 Ecl.
183 2960 243 2995 18.
266 2960 303 2995 et
327 2959 390 2993 45.
453 2954 526 2993 1110
558 2957 667 2994 etiam
700 2958 911 2996 consistere
938 2956 1142 3008 paullisper
1168 2957 1292 3006 lubet,
1314 2970 1386 3008 quo
1412 2956 1547 2995 elarius
1564 2959 1713 2996 constet

75 3023 124 3063 de
154 3027 346 3075 poetarum
374 3023 658 3064 consuetudine.
718 3024 761 3064 In
784 3025 937 3077 Colice,
968 3026 1031 3065 ubi
1058 3026 1105 3065 de
1126 3028 1234 3066 cantu
1254 3025 1424 3077 Orphei,
1451 3039 1488 3063 v.
1512 3028 1606 3064 282.
1628 3038 1712 3077 sqq.
