2006 3365
449 156 504 196 IN
534 156 755 197 VALERH
786 156 1024 198 CATONIS
1063 156 1337 198 ECLOGAM.
1611 157 1711 202 125

74 271 192 310 Unum
223 271 410 315 variatur,
455 274 587 311 nostis
628 285 697 322 pro
728 275 860 313 estis:
893 286 1021 313 verum
1055 274 1135 312 eius
1166 272 1364 312 varietatis
1395 282 1552 322 prorsus
1582 269 1711 308 eadem

73 341 168 378 ratio
200 342 281 389 cst,
316 351 410 391 quae
442 344 745 380 commemoratae
776 341 902 392 paullo
933 346 1020 381 aute
1051 342 1281 391 scripturae,
1315 354 1418 395 qnae
1433 339 1556 379 Pana
1575 339 1709 385 deum,

73 420 117 446 ac
148 408 317 450 videtur,
351 411 390 447 ut
420 408 502 456 illa,
536 414 774 449 commentum
807 423 894 449 esse
924 410 1082 448 hominis
1114 409 1226 448 Itali:
1258 410 1445 460 reperitur
1465 409 1558 447 0111111
1578 408 1710 446 nostis

73 479 210 514 tantum
243 477 276 514 in
320 476 398 519 1113,
446 477 480 514 111
514 479 720 528 Excerptis
763 491 859 530 quae
899 478 1069 516 dicuntur
1107 478 1220 516 Pierii
1260 489 1378 528 penes
1416 477 1636 525 Heinsium‚
1676 476 1711 513 in

72 545 223 583 Veneta
255 545 361 583 Scot.
398 548 517 583 1555.
552 549 590 585 ct
622 547 658 584 in
690 559 809 595 marg.
841 546 1033 596 Antverp.
1067 544 1214 595 Scalig.
1246 544 1346 584 Pith.

158 613 317 652 Versum
353 617 417 650 ⁴6.
450 627 578 653 omnes
611 615 686 653 ita:

113 683 197 721 Ant
228 685 421 734 inspersa
444 682 526 729 (vel
553 684 770 736 insparsa)
793 682 903 722 videt
932 682 1096 721 mundo:
1131 695 1236 736 quae
1260 682 1393 721 dicere
1418 682 1572 733 longyum
1593 687 1668 721 esl.

156 750 231 789 lam
263 752 472 801 scripturae
503 752 686 801 vulgatae
718 765 756 789 v.
791 753 858 789 44.
918 751 974 790 Et
1006 764 1116 804 quem
1153 764 1299 803 pompa
1341 751 1452 789 deum
1483 763 1558 788 non
1590 751 1712 790 siluis

69 821 183 871 sama
215 819 351 858 locuta
382 827 467 868 est,
515 821 631 870 primo
670 819 913 857 distinctione
954 819 1130 858 videntur
1160 820 1289 857 1103010
1322 819 1504 871 quomodo
1536 818 1713 868 opitulari

72 888 258 926 voluisse.
306 891 395 938 post
427 889 537 928 deum
578 887 686 926 colon
719 890 859 938 ponunt
888 887 1059 926 Romana
1089 887 1120 926 Ι.
1157 890 1196 927 01
1226 887 1376 926 Veneta
1405 886 1548 926 Acliat.
1588 888 1626 925 01
1657 888 1715 925 310

71 956 201 995 Gloss.
235 956 284 994 V.
316 957 347 995 l.
408 956 594 994 Iensonus
634 960 755 994 autem
794 957 878 1006 ipse
918 957 954 994 in
994 956 1065 995 sine
1106 968 1222 995 versu
1263 956 1413 1005 signum
1452 955 1715 1004 interrogandi

71 1026 209 1073 posuit.
243 1038 314 1076 quo
346 1025 435 1063 1111111
466 1025 662 1063 lucramur.
711 1024 912 1064 Glossator
943 1025 1016 1063 iste
1047 1025 1091 1063 ad
1126 1038 1235 1078 quem
1266 1024 1420 1075 supplet
1450 1037 1640 1073 amorem,
1676 1027 1715 1064 et

71 1094 105 1131 in
137 1094 307 1142 margine
338 1095 520 1132 annotat:
565 1099 731 1145 propter
769 1107 936 1133 amorem
967 1094 1199 1133 Coronidis.
1259 1093 1354 1132 Tum
1388 1092 1433 1131 ad
1466 1091 1609 1132 Omnia
1639 1107 1713 1133 vos

69 1164 172 1202 estis
205 1161 358 1212 supplet
389 1162 471 1210 (lii,
507 1165 544 1201 et
576 1162 872 1212 interpretatur:
904 1165 1094 1202 mutastis
1118 1175 1192 1201 vos
1220 1164 1260 1201 in
1287 1175 1417 1201 omnes
1439 1163 1595 1214 formas
1614 1175 1714 1215 pro-

67 1239 158 1284 pler
197 1244 378 1269 artiorem.
439 1230 634 1283 Denique,
681 1231 778 1283 quod
822 1231 1055 1281 praeclarum
1097 1234 1179 1281 est,
1221 1230 1288 1269 scd
1328 1243 1400 1269 non
1443 1230 1713 1269 conciliandum

71 1312 149 1338 cum
181 1299 323 1352 reliqua
354 1300 434 1338 01113
468 1300 746 1350 explicatione,
785 1302 959 1338 annotat:
999 1300 1134 1352 puelle
1181 1313 1285 1354 quas
1324 1300 1383 1339 dii
1418 1307 1603 1339 amarunt
1641 1305 1714 1339 ant

71 1371 112 1407 in
142 1369 263 1407 celum
295 1375 389 1407 sunt
427 1370 630 1407 translate
670 1375 739 1407 (cut
777 1371 816 1407 in
854 1368 1022 1408 arbores
1059 1383 1132 1408 seu
1173 1369 1336 1420 slmnina
1375 1375 1469 1408 sunt
1505 1381 1710 1408 conuerse.

71 1438 138 1476 Ita
170 1444 211 1476 nt
242 1437 325 1476 diis
366 1451 520 1490 semper
558 1437 658 1476 illas
700 1439 845 1476 intueri
882 1437 1017 1476 liceat.
1076 1437 1185 1476 Badii
1228 1437 1498 1488 interpretandi
1539 1441 1711 1476 conatum

71 1509 200 1553 taceo,
241 1518 347 1557 quum
387 1507 470 1556 ipse
502 1508 682 1545 fateatur:
739 1506 881 1546 Omma
922 1511 1015 1545 sunt
1053 1511 1134 1544 tam
1174 1507 1340 1545 inversa
1369 1512 1413 1545 ut
1452 1506 1625 1558 difficile
1655 1509 1712 1546 sit

70 1578 305 1614 sententiam
337 1574 474 1614 bonam
504 1577 774 1615 comminisci:
807 1576 1018 1626 referimus
1051 1580 1179 1614 antem
1209 1576 1309 1614 haec
1339 1575 1395 1614 ml
1425 1588 1538 1613 suum
1568 1577 1711 1614 euius-

71 1658 146 1698 que
177 1644 376 1683 iudicium.
438 1644 486 1683 Et
517 1657 609 1683 sane
641 1644 766 1687 100113,
793 1647 831 1682 111
862 1644 980 1683 estin
1006 1642 1135 1692 libris,
1162 1642 1295 1681 nullam
1321 1643 1542 1682 sententiam
1574 1643 1708 1682 bonam

69 1713 199 1752 efficit.
260 1712 386 1766 Quare
418 1713 711 1752 emendationem
743 1715 985 1752 tentaverunt
1015 1711 1092 1750 alii.
1154 1711 1388 1761 Scaligerum
1424 1712 1634 1750 audivimus
1664 1711 1711 1750 ad

69 1795 108 1820 v.
141 1785 207 1820 42.
266 1782 359 1820 Eius
405 1783 652 1821 coniecturam
690 1788 817 1821 testes
858 1781 1005 1832 recepit
1047 1779 1257 1820 Arnoldus.
1328 1780 1473 1819 Heinsii
1512 1780 1624 1820 multa
1667 1792 1712 1820 ac

68 1851 176 1889 varia
207 1854 412 1889 commenta
443 1853 703 1889 commemorat
734 1851 990 1891 Burmannus:
1050 1850 1107 1889 Ec
1139 1863 1405 1904 quaecumque
1434 1851 1586 1898 Deum,
1626 1849 1712 1899 vel,

70 1919 125 1958 Et
157 1933 266 1973 quem
294 1933 424 1973 prona
457 1918 539 1967 (vel
568 1922 771 1973 prompta)
805 1921 932 1958 Deum
961 1919 1036 1957 tibi
1066 1919 1188 1958 silvis
1213 1918 1337 1958 Pana
1363 1925 1505 1958 secuta
1535 1932 1594 1958 es.
1626 1930 1712 1956 rur-

71 2000 158 2026 sus:
200 1989 255 2028 Et
296 2002 411 2042 quam
441 1988 564 2027 Pana
604 1989 717 2028 (leam
756 1988 831 2027 sub
872 1988 995 2027 silvis
1035 1989 1150 2039 fama
1187 1993 1378 2027 secutam.
1438 1986 1524 2036 vel,
1564 1988 1599 2025 in
1638 1999 1711 2038 quo

71 2058 292 2095 constitisse
323 2057 490 2105 videtur,
529 2058 585 2095 Ec
617 2071 721 2111 qnae
752 2058 874 2097 Pana
904 2057 1032 2096 Deum
1063 2056 1136 2096 sab
1169 2057 1292 2095 silvis
1321 2057 1438 2108 fama
1468 2057 1604 2095 locuta
1634 2063 1710 2096 est.

71 2137 176 2177 quam
209 2125 245 2163 111
277 2137 352 2163 rem
385 2124 510 2163 laudat
542 2125 697 2175 Virgilii
733 2125 874 2173 locum,
915 2124 1061 2173 Goon-g.
1095 2124 1163 2163 Ill.
1197 2127 1292 2164 392.
1354 2124 1460 2178 Quae
1498 2126 1620 2163 omnia
1650 2125 1712 2163 in-

73 2195 173 2233 1111110
205 2194 366 2232 nituntur
397 2194 657 2240 fundamento,
697 2194 846 2233 scilicet
877 2193 964 2241 illa,
1007 2193 1113 2232 0111113
1152 2193 1287 2232 nullam
1328 2206 1415 2232 csse
1451 2194 1711 2233 auctoritatem

73 2263 430 2312 demonstravimus,
475 2264 662 2314 scriptura
704 2263 840 2302 Pana.
914 2263 1041 2302 Versu
1082 2264 1148 2301 45.
1195 2262 1291 2301 idem
1331 2263 1513 2302 Heinsius
1556 2262 1713 2302 volebat

72 2334 202 2370 nostis
235 2343 314 2369 011111
346 2331 473 2369 iisdem
505 2331 708 2382 Excerptis
740 2332 850 2381 istis,
883 2330 946 2370 vel
981 2332 1144 2370 Somnia
1173 2345 1248 2371 vos
1279 2334 1382 2371 estis
1416 2330 1514 2377 (cum
1546 2333 1712 2371 interro-

71 2400 263 2449 gatione),
297 2399 359 2438 vel
391 2413 464 2439 vos
494 2406 644 2449 testes,
678 2403 716 2439 ct
747 2414 878 2440 secum
909 2414 987 2440 sua
1017 2401 1172 2452 yamlia
1204 2406 1390 2453 spectat,
1433 2400 1497 2439 vel
1529 2401 1608 2439 sic:
1653 2399 1713 2440 Ο-

72 2470 177 2507 mnia
210 2466 302 2515 (vos
334 2470 477 2518 testes)
511 2483 642 2508 secum
673 2483 752 2509 sua
782 2471 937 2522 yamlia
967 2475 1154 2523 qestant,
1187 2473 1227 2509 ut
1256 2475 1384 2509 testes
1418 2469 1587 2507 dicantur
1608 2481 1712 2508 corn-

74 2537 261 2575 memorati
295 2537 330 2574 111
362 2538 621 2587 superioribus
654 2537 831 2578 Phoebus
870 2551 915 2579 ac
947 2538 1064 2578 Luna.
1124 2539 1256 2579 Omnia
1298 2539 1393 2577 satis
1425 2537 1633 2584 violenter,
1675 2540 1714 2577 ct

76 2605 174 2644 nullo
206 2608 348 2653 tamen,
382 2608 421 2642 ut
453 2618 579 2644 verum
611 2608 810 2656 fateamur,
843 2608 979 2647 idoneo
1011 2620 1142 2646 sensu.
1202 2608 1251 2647 Et
1281 2619 1431 2645 sensum
1460 2606 1607 2658 quidem
1639 2606 1712 2645 loci

77 2687 125 2713 ex
156 2677 264 2725 parte
304 2673 463 2712 feliciter
502 2674 688 2714 divinavit
719 2677 1025 2726 Wcrnsdorlius,
1066 2678 1140 2716 etsi
1178 2689 1251 2716 non
1290 2675 1485 2724 intelligo,
1529 2675 1712 2727 quomodo

78 2743 322 2794 explicationi
356 2744 436 2782 eius
468 2743 722 2794 respondeant
751 2745 873 2784 verba
897 2747 1048 2796 poetae.
1080 2745 1139 2785 Ita
1161 2746 1256 2784 enim
1274 2741 1714 2794 uspcwpciCetWerns-

77 2811 238 2850 dorfiusx
286 2812 334 2851 Et
367 2814 456 2866 quis
494 2818 557 2851 est
587 2813 824 2867 reliquorum
855 2814 1036 2863 deorum,
1076 2826 1182 2866 quem
1220 2826 1374 2864 pompa,
1421 2813 1517 2853 ordo
1557 2813 1714 2851 deornm

78 2882 286 2931 aynoseic,
318 2893 390 2919 non
422 2880 566 2934 aliqua
598 2881 694 2919 sama
722 2882 869 2933 furtivi
899 2886 1047 2923 arnoris
1080 2885 1121 2922 in
1152 2882 1265 2922 silvis
1296 2881 1422 2921 locuta
1453 2884 1525 2919 est.
1575 2880 1713 2919 [snus-

80 2952 247 3003 qm'sque
277 2962 428 2998 eorum,
460 2962 533 2987 vos
565 2951 646 3001 ipsi
675 2950 818 3000 nostis,
852 2951 1010 2992 Phoebe
1040 2958 1079 2991 et
1111 2952 1252 3001 Luna,
1285 2963 1354 2989 sua
1383 2950 1521 2999 gaudia
1552 2948 1617 2987 vel
1639 2948 1713 2987 ‹lo-

79 3023 257 3057 camerata
286 3019 428 3071 qaudii
468 3024 505 3062 et
537 3019 683 3058 amoris
715 3020 803 3067 sui,
845 3031 970 3058 secum
1010 3022 1166 3070 gestat,
1207 3018 1276 3068 (ut
1305 3017 1491 3058 Phoebus
1533 3017 1711 3065 laurum,
