2006 3365
569 163 834 205 RECENSIO
871 161 1163 203 LlBRORUM.
1605 162 1707 207 353

66 280 128 319 vel
172 279 247 317 illis
290 279 509 327 codicibus,
551 291 601 318 ex
633 278 768 331 quibus
799 278 940 317 Aldina
979 276 1115 324 fluxit,
1156 276 1223 316 sed
1264 277 1373 316 etiam
1413 274 1466 314 illi
1506 274 1632 313 mutilo
1663 286 1709 313 ac

65 350 203 387 misere
236 348 363 387 habito
398 348 540 393 codici,
580 360 629 386 ex
661 361 733 400 quo
766 348 918 398 primum
950 347 1051 384 edita
1083 344 1299 395 Catali-cta,
1343 344 1438 384 loeis
1470 356 1541 382 non
1574 342 1709 394 paucis

64 416 317 467 posthabendi
358 419 458 455 sunt.
526 416 574 455 Et
616 415 709 454 haec
753 415 898 467 quidem
937 414 982 452 de.
1021 412 1241 453 Catalectis.
1311 413 1475 453 Similem
1517 411 1709 451 Vratisla-

65 486 188 523 viensi
220 485 290 524 111.
339 485 505 525 codicem
544 497 663 536 penes
712 484 953 534 Pomponium
1002 482 1155 521 Laetum
1199 483 1318 521 fuisse
1358 482 1501 521 conieci
1539 481 1647 520 Diss.
1679 479 1708 518 Ι.

64 565 102 603 p.
136 555 231 592 241.

636 728 1133 783 heiflensi-s,

152 882 223 921 Hie
256 886 316 922 est
347 882 410 921 ille
441 882 502 935 qui
538 882 696 933 reperiri
731 881 830 920 nulla
861 894 977 933 opera
1009 882 1144 932 potuit.
1216 879 1399 932 Inquisivi
1432 880 1516 930 ipse
1547 891 1621 920 non
1652 880 1712 919 in-

65 953 235 999 curiose3
270 957 357 1001 post
388 965 442 989 me
467 950 623 989 Geelius
645 950 819 1002 quicquid
847 951 1023 990 librorum
1052 950 1123 988 hue
1142 950 1334 988 videretur
1356 949 1546 999 pertinere
1570 962 1711 1000 posse,

64 1021 285 1070 congessit,
321 1020 450 1058 iterum
483 1020 685 1070 iterumque
718 1020 990 1069 pertractavit,
1032 1018 1286 1056 examinavit:
1320 1017 1495 1056 nonnulla
1526 1018 1622 1057 eruit
1652 1019 1712 1057 fe-

64 1090 189 1128 liciter
222 1102 267 1128 ao
298 1088 572 1140 probabiliter,
615 1089 736 1126 omnia
775 1088 956 1127 extricari
997 1100 1115 1138 posse
1153 1087 1346 1137 desperat.
1408 1086 1470 1125 Ac
1500 1087 1616 1137 primo
1649 1090 1712 1126 te-

64 1160 223 1198 nendum
255 1162 338 1206 est,
371 1171 483 1210 quum
516 1158 680 1197 codicem
715 1158 950 1197 Leidensem
982 1158 1016 1195 in
1051 1155 1288 1206 Anthologia
1320 1155 1453 1194 Latina
1483 1168 1601 1206 saepe
1630 1155 1713 1194 lau-

64 1228 129 1267 det
160 1228 410 1276 Burmannus,
433 1239 506 1265 non
539 1227 677 1278 ubique
711 1239 816 1264 unmn
839 1226 1080 1277 eumdemque
1110 1226 1278 1264 codicem
1297 1224 1579 1275 intelligendum
1598 1237 1711 1263 esse:

64 1295 198 1334 habuit
229 1295 291 1334 ille
322 1296 367 1333 ad
402 1295 475 1333 alia
507 1296 670 1334 carmina
696 1295 816 1343 alios,
851 1307 944 1345 quos
977 1299 1133 1333 cunctos
1165 1307 1292 1345 parum
1325 1300 1501 1332 accurate
1534 1294 1714 1332 communi

64 1364 320 1415 appellatione
353 1364 572 1403 Leidensis
615 1365 807 1413 designat.
869 1364 1002 1402 Eorum
1045 1363 1211 1401 codicum
1254 1366 1396 1413 partem
1429 1363 1511 1413 ipse
1543 1362 1714 1400 manibus

64 1434 165 1473 tenui
199 1434 233 1470 in
276 1432 515 1471 Bibliotheca
553 1432 757 1482 Lehlensi,
804 1433 936 1482 partim
983 1432 1171 1470 indicatos
1209 1444 1231 1470 a
1276 1431 1409 1470 Geelio
1448 1430 1586 1470 habeo.
1648 1431 1715 1470 Sic

64 1515 171 1554 quem
205 1503 436 1540 Burmannus
458 1503 580 1552 Epist.
615 1502 658 1539 ad
681 1501 866 1552 lloppium
900 1515 936 1552 p.
959 1517 1026 1539 ιιιι.
1059 1501 1264 1548 describit,
1297 1501 1420 1539 codex
1451 1501 1712 1549 Ausonianus,

65 1570 161 1608 haud
196 1570 330 1618 dubie,
363 1570 496 1609 Geelio
530 1574 728 1617 monente,
769 1574 830 1608 est
864 1570 1078 1608 Vossianus
1112 1569 1160 1607 N.
1198 1572 1290 1607 111.
1335 1569 1513 1618 Catalog.
1547 1581 1584 1618 p.
1618 1571 1713 1607 316.

65 1639 173 1691 Quod
207 1639 438 1677 Burmannus
460 1638 577 1677 Anth.
597 1638 758 1677 Lat.lib.
785 1637 852 1676 ΙΙΙ.
876 1654 1047 1676 ccxxiii.
1076 1652 1113 1677 v.
1139 1642 1175 1675 6.
1199 1640 1341 1688 pots.
1375 1638 1412 1676 b.
1445 1650 1465 1676 e
1486 1637 1569 1676 cod.
1595 1638 1714 1677 Voss.

64 1708 193 1748 all'ert.
226 1709 339 1757 sore,
374 1707 409 1744 id
442 1706 598 1745 Geelius
632 1708 800 1757 repperit
831 1708 865 1744 in
898 1707 993 1745 libro
1017 1707 1184 1746 Advers.
1215 1707 1408 1746 Vossiano
1428 1706 1478 1745 N.
1503 1709 1565 1744 15.
1592 1706 1714 1747 catal.

65 1790 101 1827 p.
137 1779 229 1814 too.
264 1777 323 1814 ubi
357 1776 464 1814 etiam
498 1775 694 1825 inscriptio
727 1777 808 1814 eius
842 1778 1015 1814 carminis
1048 1775 1134 1823 illa,
1169 1788 1274 1827 quam
1293 1775 1524 1813 Burmannus
1558 1789 1593 1825 p.
1615 1778 1714 1814 618.

65 1859 100 1884 a.
133 1858 182 1883 ex
216 1845 337 1883 veteri
371 1843 502 1882 Vossii
550 1845 681 1883 codice
723 1847 890 1895 profert,
931 1845 1001 1882 nisi
1044 1844 1140 1896 quod
1183 1856 1250 1894 pro
1292 1857 1401 1897 quem
1441 1845 1622 1893 scriptum
1655 1848 1716 1883 est

67 1928 185 1968 quae.
246 1913 421 1958 Deinde,
469 1912 565 1964 quod
600 1913 693 1951 idem
726 1914 864 1963 primns
895 1914 1120 1952 inonstravit
1160 1913 1340 1957 (leoffius,
1383 1916 1422 1952 et
1452 1912 1548 1964 quod
1582 1913 1714 1962 partim

66 1996 88 2021 a
118 1981 253 2021 Geelio
285 1981 503 2032 persuaderi
536 1980 622 2019 mihi
662 1983 807 2020 idoneis
840 1982 990 2020 indiciis
1024 1994 1161 2032 passus
1199 1994 1302 2029 sum,
1343 1981 1475 2032 partim
1508 1981 1591 2031 ipse
1623 1993 1714 2031 per-

66 2052 193 2098 suasi,
228 2062 321 2087 unus
354 2048 450 2087 liber
481 2052 568 2098 est,
601 2050 646 2088 de
677 2063 750 2101 quo
784 2050 1016 2088 Burmannus
1047 2050 1091 2088 ad
1119 2049 1230 2098 Eleg.
1254 2050 1288 2087 in
1317 2048 1442 2088 Maec.
1473 2048 1536 2087 ob.
1558 2062 1594 2099 p.
1619 2053 1713 2087 251.

66 2132 101 2158 a.
135 2126 175 2158 ut
208 2123 247 2158 in
279 2118 427 2157 Codice
458 2118 735 2158 Bibliothecae
778 2119 994 2158 Leidensis
1038 2119 1238 2158 Vossiano
1276 2118 1431 2158 titulum
1470 2120 1626 2168 inveni3
1668 2118 1714 2156 ad

66 2188 196 2226 Rosas
229 2201 266 2238 p.
301 2188 395 2225 701.
427 2187 465 2226 b.
507 2190 547 2225 in
589 2188 671 2226 alio
712 2188 988 2227 Bibliothecae
1028 2187 1248 2226 Leideusis
1288 2188 1425 2226 codice
1465 2189 1622 2236 inveni3
1668 2186 1714 2225 ad

68 2256 212 2307 Copam
244 2269 282 2306 p.
318 2259 410 2294 707.
440 2270 473 2296 a.
508 2257 697 2310 quomodo
728 2263 765 2295 et
796 2259 888 2309 ipse
918 2259 956 2294 in
990 2256 1185 2295 Leidensi
1215 2258 1371 2307 invem‘3
1402 2255 1448 2294 ad
1481 2255 1608 2295 Virum
1641 2256 1713 2294 bo-

68 2338 150 2363 num
181 2325 228 2363 T.
261 2324 308 2363 11.
344 2339 380 2376 p.
416 2326 510 2363 417.
535 2338 569 2363 a.
602 2327 643 2364 in
675 2326 762 2364 cod.
799 2326 1011 2374 Leidensi,
1045 2339 1155 2379 quem
1185 2328 1364 2364 excussi.
1426 2325 1496 2364 Est
1526 2328 1647 2364 autem
1681 2326 1714 2362 is

67 2394 287 2433 Vossianus
318 2393 366 2432 N.
393 2398 458 2432 96.
492 2393 615 2433 Catal.
647 2407 684 2444 p.
718 2398 813 2433 390.
847 2393 966 2433 chart.
998 2396 1114 2433 l'orma
1145 2394 1302 2432 minima.
1365 2393 1584 2446 Aliquoties
1619 2406 1713 2440 eum,

67 2475 174 2514 quem
208 2475 282 2512 ego
317 2462 541 2501 Vossianum
574 2461 622 2501 II.
655 2463 761 2511 dieo,
793 2462 1000 2502 adhibitum
1034 2476 1122 2501 esse
1153 2476 1175 2501 a
1207 2464 1439 2511 Burmanno,
1472 2462 1713 2501 animadver-

69 2532 113 2570 tit
144 2530 324 2577 Geelius,
357 2534 394 2569 ut
426 2530 544 2569 Anth.
577 2531 664 2571 Lat.
696 2531 766 2570 111.
800 2547 852 2570 LI.
890 2536 951 2571 16.
1014 2531 1075 2572 Cf.
1117 2544 1212 2584 qnae
1258 2533 1353 2570 infra
1396 2531 1600 2570 moniturus
1633 2544 1713 2569 sum

69 2600 114 2638 de
146 2612 191 2638 eo
224 2599 333 2638 libro.
397 2598 454 2636 De
485 2598 619 2649 libris,
652 2613 746 2652 quos
777 2601 821 2639 ad
856 2613 1000 2640 carmen
1033 2601 1101 2640 Est
1133 2605 1170 2640 ct
1189 2601 1273 2640 Non
1307 2599 1434 2639 laudat
1455 2600 1712 2648 Burmannus,

69 2681 184 2719 supra
215 2669 294 2706 dixi
320 2667 422 2705 Diss.
445 2666 471 2704 l.
506 2668 567 2705 ubi
600 2669 708 2707 etiam
740 2669 813 2707 alia
845 2669 964 2709 habes
995 2670 1040 2708 ad
1061 2670 1285 2709 Vossianum
1317 2668 1366 2707 N.
1389 2671 1454 2708 96.
1487 2670 1710 2719 spectantia.

70 2738 272 2776 Praeterea
304 2738 353 2774 ita
386 2737 566 2774 sentimus
597 2751 672 2786 ego
705 2741 742 2777 et
771 2738 948 2789 Geelius,
981 2751 1053 2777 non
1085 2751 1174 2778 esse
1206 2739 1450 2776 Burmannum
1483 2737 1519 2774 in
1555 2737 1611 2774 his
1643 2748 1712 2775 co-

68 2807 214 2844 dicibus
246 2806 483 2845 conterendis
517 2818 561 2843 ea
591 2806 790 2855 diligentia
822 2820 949 2856 usum,
990 2811 1029 2846 ut
1070 2819 1219 2857 semper
1260 2807 1366 2844 iidem
1408 2810 1569 2849 mereat,
1606 2810 1644 2844 et
1676 2808 1715 2844 ut

69 2874 179 2925 plana
211 2876 286 2914 sint
318 2875 453 2913 omnia.
514 2873 626 2921 Nam,
660 2877 699 2913 ut
730 2875 903 2926 exemplo
937 2878 1040 2924 utar,
1084 2876 1118 2913 in
1153 2875 1344 2913 Vossiano
1377 2874 1425 2912 N.
1459 2876 1525 2913 96.
1560 2875 1713 2925 partim,

69 2944 116 2981 de
148 2956 219 2995 quo
252 2943 408 2982 Geelius
441 2956 495 2981 nie
538 2943 749 2991 admonuit,
791 2943 885 2982 male
923 2943 1070 2994 legisse
1104 2944 1251 2982 videtur
1285 2943 1389 2980 locos
1421 2941 1587 2992 aliquot3
1620 2955 1711 2992 par-

69 3012 154 3063 tim,
186 3013 282 3064 quod
315 3013 518 3063 praecipue
549 3011 595 3050 ad
626 3011 950 3063 perturbationem
981 3012 1137 3052 lectoris
1161 3014 1295 3050 factum
1323 3012 1406 3057 est,
1441 3022 1512 3048 non
1537 3015 1713 3051 accurate

174 3091 329 3123 Valerius
356 3090 448 3123 Cato.
1371 3082 1438 3126 23
