2006 3365
503 141 571 180 DE
606 140 821 181 VIRGlLll
853 139 1259 180 Llss.1UVENALIS
1291 139 1426 179 LUDI.
1662 140 1764 183 235

210 257 377 296 Inseram
408 254 479 294 bac
509 257 791 307 opportunitate
824 255 897 293 alia
928 257 1197 306 epigrammata
1222 255 1417 304 nonnulla,
1450 254 1488 292 ut
1519 252 1601 304 quis
1632 252 1761 299 acuat,

121 326 154 364 si
187 339 284 377 opus
315 326 384 374 sit,
416 337 589 374 sensum,
631 331 669 364 et
708 325 792 377 quid
835 325 884 363 sit
926 324 1197 376 virgilianum,
1237 323 1322 376 quid
1366 323 1491 374 possit
1530 332 1641 369 esse,
1675 318 1760 370 quid

122 407 192 433 non
224 395 367 445 possit,
408 393 614 444 perdiscat.
673 393 842 445 Namque
880 393 968 441 illa,
1012 405 1105 444 quac
1143 393 1178 429 in
1221 391 1453 441 Catulcctis‚
1498 388 1644 428 etiamsi
1687 399 1761 425 non

120 464 195 502 sint
227 462 383 511 Virgilii
417 463 558 507 omnia,
602 464 802 512 potuerunt
835 464 953 499 tamen
987 460 1101 499 scribi
1136 462 1214 498 sere
1246 460 1379 498 omnia.
1442 461 1495 498 At
1534 469 1629 510 quae
1666 467 1762 494 nunc

119 532 350 579 videbimus,
386 531 450 569 vix
483 533 708 580 potuerunt,
739 530 806 567 scd
839 531 982 579 scripta
1013 529 1059 567 ab
1092 529 1388 575 recentioribus,
1413 528 1538 579 iisque
1568 525 1760 564 maximam

118 602 258 650 partem
291 599 429 649 ineptis
473 597 707 646 homiuibus,
748 598 795 636 ab
827 597 1077 647 incptioribus
1109 596 1232 634 al'licta
1265 598 1352 633 sunt
1392 595 1575 643 Virgilio.
1637 593 1760 632 Primo

118 680 212 720 quae
245 668 342 718 apud
376 667 560 706 Donatum
592 669 767 717 prostant
798 667 832 704 in
870 666 960 704 Vita
991 663 1160 713 Virgilii.
1222 663 1262 701 In
1295 663 1480 701 Balistam
1511 663 1761 712 epigramma,

117 737 163 774 de
195 750 267 789 quo
301 738 398 775 conl'.
432 736 550 774 Foras
584 734 781 773 Grammat.
814 732 934 773 Anth.
967 733 1048 772 Lat.
1084 733 1205 771 Burm.
1241 732 1305 770 lib.
1337 732 1385 770 ll.
1419 745 1617 781 ccxxxvi.

345 804 490 843 Monte
519 804 594 843 sul)
625 805 698 843 hoc
728 803 907 855 lapidum
937 805 1085 853 teqitur
1121 801 1293 841 Balista
1325 800 1532 854 sepultus:

400 873 532 912 Nocte
563 873 628 911 die
657 878 779 911 tutum
811 884 954 923 carpe,
997 873 1154 919 viator,
1188 873 1276 909 iter.

117 941 375 993 Epitaphium,
415 954 486 979 non
525 940 736 988 inficetum,
779 939 898 978 Antli.
931 939 1012 977 Lat.
1046 939 1096 977 11.
1129 954 1296 976 cxcvru.

342 1010 522 1049 Mantua
552 1023 609 1048 me
638 1013 796 1061 yenuit,
832 1008 1002 1047 Calabri
1031 1021 1225 1062 rapuere,
1268 1014 1372 1046 tenet
1402 1019 1506 1046 nunc

402 1079 676 1130 Parthenope:
709 1080 835 1117 cecini
863 1090 1047 1130 pascua,
1086 1090 1206 1126 rura,
1240 1077 1376 1117 (luces.

113 1147 282 1196 Deinde,
316 1146 414 1200 quod
447 1149 481 1185 ln
514 1147 632 1186 Antll.
676 1147 757 1186 Lat.
790 1146 839 1185 Π.
873 1162 1016 1185 vam.

341 1215 473 1255 Nocte
501 1217 606 1268 pluit
637 1222 744 1264 tota,
790 1216 953 1255 redeunt
985 1215 1223 1267 spectacula
1254 1225 1386 1253 mane:

401 1285 590 1324 Dii-isam
622 1287 823 1337 imperium
855 1298 938 1323 cum
970 1284 1068 1323 Iove
1099 1284 1262 1323 Caesar
1291 1282 1422 1323 habet.

113 1354 151 1392 et
188 1351 285 1405 quod
317 1353 424 1391 nimis
456 1352 621 1403 puerile,
664 1353 785 1391 Autb.
819 1352 899 1392 Lat.
933 1353 981 1392 ΙΙ.
1016 1368 1130 1391 ηιι.

342 1422 433 1461 Hos
463 1435 534 1474 eqo
566 1423 793 1462 versiculos
823 1423 932 1474 feei:
965 1423 1058 1462 tulit
1089 1422 1194 1461 alter
1223 1422 1415 1470 honores:

401 1492 473 1531 Sic
504 1504 577 1530 vos
609 1504 684 1530 non
715 1491 830 1531 vobis
863 1495 936 1530 etc.

117 1558 223 1613 Quae
254 1560 374 1598 onmia
405 1560 514 1599 etiam
560 1560 595 1598 in
634 1558 752 1598 libros
793 1559 1031 1608 Virgilianos
1078 1560 1149 1597 tarn
1181 1558 1348 1609 scriptos
1381 1569 1490 1609 quam
1522 1554 1608 1594 olim
1640 1554 1765 1593 editos

118 1640 283 1677 venere,
324 1629 411 1667 sive
452 1641 501 1667 ex
535 1629 706 1675 Donato,
750 1629 836 1666 slve
875 1627 1036 1666 aliunde.
1098 1626 1216 1666 Velut
1254 1628 1483 1677 epigramma
1515 1626 1551 1663 in
1582 1623 1764 1663 Balistam

118 1697 154 1735 in
187 1696 380 1735 Vossiano
413 1697 563 1735 membr.
582 1700 648 1736 Sl.
682 1696 823 1745 legitur
856 1697 1032 1735 insertum
1057 1697 1154 1734 inter
1176 1695 1316 1747 Copam
1350 1698 1388 1734 et
1414 1695 1484 1733 Est
1515 1696 1553 1732 et
1583 1705 1656 1731 uon
1680 1694 1764 1738 est,

118 1777 197 1804 cum
237 1764 308 1803 hac
346 1766 616 1816 inscriptione:
663 1765 926 1818 Epitaphium
969 1765 1117 1805 baliste
1159 1765 1357 1804 eonditum
1400 1777 1426 1802 a
1466 1764 1654 1803 Marone.
1713 1759 1766 1800 Ut

118 1837 261 1873 taceam
292 1833 390 1873 alios
421 1834 541 1873 libros
574 1835 670 1873 infra
700 1834 809 1873 Diss.
842 1834 912 1873 lV.
946 1834 1244 1884 describendos,
1277 1833 1339 1872 vel
1371 1833 1584 1884 descriptos
1617 1833 1653 1869 in
1685 1828 1765 1870 Ca-

118 1902 262 1951 talogis
303 1901 637 1942 Bibliotliecarum.
710 1902 948 1953 Epitaphium
991 1903 1169 1942 Mantua
1217 1916 1275 1941 me
1312 1906 1469 1953 yenuit,
1517 1902 1626 1940 etiam
1666 1899 1764 1949 apud

119 1970 282 2009 Probum
314 1969 457 2020 legitur
487 1972 522 2009 in
554 1972 647 2011 Vita
686 1971 858 2020 Virgilii.
919 1970 961 2009 In
994 1971 1126 2009 codice
1157 1971 1326 2010 Romano
1357 1971 1549 2018 Mariang.
1581 1967 1763 2007 Accursii

120 2039 164 2077 ad
198 2040 344 2078 Auson.
377 2052 415 2089 p.
449 2042 516 2078 68.
549 2040 607 2077 cd.
647 2039 748 2078 Toll.
786 2041 1014 2090 epigramma
1046 2040 1079 2077 in
1112 2038 1293 2077 Balistam
1325 2039 1532 2077 subiectum
1566 2040 1648 2076 erat
1679 2036 1765 2087 epi-

119 2109 313 2156 grammati
344 2108 478 2147 ]Vocte
506 2108 563 2160 pl.
595 2115 704 2156 tota,
737 2122 771 2146 r.
808 2122 873 2160 sp.
898 2122 944 2146 m.
1009 2109 1050 2146 ln
1091 2106 1164 2146 hoc
1194 2110 1314 2146 autem
1345 2106 1500 2146 alterius
1532 2107 1764 2156 scripturae,

121 2190 215 2227 quac
247 2179 305 2215 est
339 2177 435 2227 apud
475 2176 674 2215 Pitlioeum
707 2179 744 2215 et
784 2177 1045 2226 Burmannum,
1089 2177 1255 2216 redeunt
1285 2183 1328 2216 at
1357 2190 1472 2216 mane
1503 2187 1670 2222 serena,
1715 2186 1765 2213 ex

121 2245 211 2283 nwis
244 2244 351 2283 libris
384 2244 518 2283 nullum
559 2249 772 2285 annotatum
813 2246 1021 2297 vestigium
1058 2244 1195 2284 babeo.
1256 2244 1361 2284 Satis
1392 2244 1553 2294 bellum,
1596 2243 1695 2296 quod
1727 2243 1764 2281 in

122 2313 239 2353 Antll.
274 2314 356 2353 Lat.
390 2313 458 2353 ΠΙ.
491 2330 684 2353 CCLXVIH.

347 2384 453 2423 Dum
484 2384 642 2423 dubitat
672 2390 841 2432 natura,
881 2397 1023 2422 marem
1051 2384 1263 2435 faceretne
1289 2383 1488 2435 puellam,

406 2453 544 2492 Natus
577 2467 645 2501 es,
680 2467 701 2492 o
730 2454 898 2505 pulcher
925 2467 1055 2506 paene
1083 2453 1224 2505 puella
1252 2467 1364 2506 puer.

122 2520 163 2561 ld
195 2519 361 2569 Virgilio
394 2521 628 2560 tribuebatur
668 2523 703 2560 in
744 2523 873 2560 codice
912 2521 1082 2560 Romano
1125 2521 1179 2559 M.
1220 2522 1419 2570 Accursii,
1458 2520 1520 2558 ubi
1561 2518 1765 2567 legebatur

123 2602 202 2629 cum
235 2589 380 2628 duobus
413 2590 496 2627 istis
529 2591 659 2629 Nocte
685 2591 742 2643 pl.
767 2596 795 2628 t.
826 2593 862 2629 et
899 2591 1039 2629 Monte
1069 2590 1144 2629 sub
1174 2591 1248 2629 hoc
1279 2589 1472 2642 lapidum.
1510 2588 1652 2637 legitur
1670 2587 1763 2625 idem

124 2661 159 2698 iu
194 2659 276 2698 cod.
309 2658 517 2706 'I'lman‹·o,
557 2670 636 2696 cum
669 2659 913 2709 inscriptione
946 2668 1165 2708 VIRGILH,
1200 2659 1327 2698 Tullio
1360 2659 1393 2696 in
1428 2658 1578 2697 Auson.
1611 2656 1634 2694 l.
1668 2655 1692 2694 l,
1726 2657 1764 2693 et

124 2729 176 2767 Is,
209 2728 352 2766 Vossio
385 2729 420 2765 in
453 2727 655 2777 exemplari
686 2728 858 2767 Leideusi
884 2727 1123 2778 Appemlieis
1156 2729 1270 2777 Virg.
1295 2726 1440 2779 Scalig.
1462 2728 1582 2765 1573.
1615 2728 1763 2764 testau-

125 2798 239 2836 tibus.
299 2797 338 2835 ln
374 2796 453 2834 coil.
476 2795 688 2834 Basilecnsi
720 2809 854 2834 versus
886 2800 1024 2834 tantum
1056 2798 1249 2846 posterior
1280 2801 1361 2845 est,
1395 2809 1472 2835 cum
1494 2794 1761 2844 inscriptione:

125 2867 191 2905 De
205 2866 504 2919 pulchritudine
526 2865 723 2904 Caesaris
750 2866 942 2916 Augusti.
1002 2866 1143 2905 ZVatus
1165 2866 1301 2916 scripsi
1327 2878 1404 2903 cum
1431 2864 1490 2902 his
1514 2863 1645 2909 libris,
1669 2874 1763 2913 quos

127 2935 224 2981 (lixi,
248 2935 431 2973 omnibus.
492 2933 540 2972 Et
560 2932 617 2970 liis
641 2934 785 2985 quidem
807 2946 997 2974 commune
1017 2937 1099 2982 est,
1121 2934 1218 2986 quod
1239 2933 1284 2972 ad
1306 2933 1490 2982 vulgares
1513 2932 1559 2969 tle
1577 2931 1655 2969 vita
1672 2929 1763 2968 Vir-

127 3002 208 3051 gilii
226 3003 372 3042 l'abulas
391 3005 523 3042 cuncta
544 3002 744 3054 pertinent.
777 3000 859 3054 Quo
881 3003 988 3042 etiam
1007 3002 1193 3043 retulerim
1214 3001 1326 3052 illud,
1345 2999 1618 3040 Ant11.Lat.11.
1634 3013 1762 3038 Lxrn.
