2006 3365
559 146 629 186 DE
660 146 816 187 POESI
847 144 1185 187 CATONIANA.
1589 150 1690 194 323

53 261 178 314 paullo
209 264 297 312 post
328 261 498 309 dicetur,
531 261 730 312 nonnulla,
770 274 921 314 quorum
954 274 999 301 ea
1033 261 1198 301 conditio
1232 263 1314 310 est,
1360 261 1399 300 ut
1430 261 1542 300 eximi
1574 272 1692 311 posse

54 343 103 369 ex
133 342 283 368 numero
316 329 527 368 videantur.
588 329 777 369 Eiusmodi
809 343 900 369 vero
933 330 1127 381 exempla,
1159 343 1253 383 quae
1289 343 1368 369 cum
1400 328 1621 370 Catonianis
1653 332 1692 369 et

53 398 284 437 Lucretianis
324 397 451 436 libera
490 412 624 438 avena
637 427 650 446 ,
688 406 853 451 peccora
894 412 1059 438 amorem
1096 401 1170 437 cte.
1210 399 1415 450 comparari
1446 399 1618 449 possint,
1651 399 1687 437 in

52 467 213 518 quinque
244 466 400 515 Virgilii
432 465 539 505 libris
571 468 642 505 duo
675 470 850 515 exstant,
884 467 954 506 IV.
987 469 1082 505 322.
1115 468 1255 506 sidera
1286 467 1447 507 adibam
1477 467 1565 507 ΧΠ.
1593 468 1688 505 741.

48 536 253 587 fraqmz'na
285 548 423 574 arena.
485 535 557 573 Vel
590 536 715 586 potius
747 547 881 573 uuum:
914 548 994 573 nam
1016 536 1228 585 posteriore
1251 535 1336 574 loco
1353 537 1538 587 fraymen
1568 536 1687 574 resti-

50 603 222 641 tuendum
253 601 348 640 baud
391 603 516 641 dubie.
564 604 820 654 resplendent
854 605 1060 655 fraqmina
1103 602 1193 641 editi
1226 604 1384 642 maxime
1414 603 1522 653 libri,
1555 607 1594 642 ut
1624 604 1686 642 vi-

50 671 183 709 detur:
222 671 331 709 etiam
372 671 623 719 Mutinensis,
663 674 701 709 et
738 671 887 709 Veneta
933 671 1078 719 Rubei,
1121 670 1156 708 in
1199 683 1271 723 qua
1311 672 1480 723 srayina
1519 673 1685 721 vitiose3

48 740 199 779 Veneta
239 738 437 778 Maittairii
479 751 556 778 cum
606 739 730 778 multis
775 742 838 777 aut
874 738 1040 789 plurimis
1085 738 1193 778 libris
1236 740 1418 790 scriptis,
1457 730 1688 793 resplendet

44 808 245 860 fragmen.
307 807 488 858 Ovidius,
528 809 631 846 cuius
669 809 827 859 quatuor
857 806 1005 859 perlegi
1037 806 1400 859 Metamorplioseon
1430 807 1551 847 libros
1582 809 1686 859 prio-

47 888 130 925 res,
164 879 201 914 et
232 876 409 914 decimum
432 878 615 927 quintum,
641 876 780 913 minore
802 876 911 913 etiam
940 887 1112 921 numero,
1148 888 1253 928 quam
1271 876 1480 927 Virgilius,
1505 876 1687 916 elisiones

46 945 81 982 in
112 945 233 983 medio
266 945 361 995 pede
400 945 526 996 ‹piinto
570 943 714 982 hahet:
755 944 790 981 in
830 942 927 982 libro
960 943 990 982 Ι.
1030 944 1171 993 octies,
1211 957 1248 982 v.
1284 949 1320 983 S.
1361 948 1425 985 18.
1460 949 1554 984 222.
1587 948 1683 984 280.

45 1016 141 1052 31-1.
176 1015 269 1052 617.
304 1014 396 1052 757.
431 1014 524 1051 775.
587 1012 622 1050 in
655 1011 751 1050 libro
778 1010 826 1050 11.
860 1013 1014 1057 sexies3
1048 1013 1082 1050 in
1113 1011 1208 1051 libro
1230 1012 1299 1051 ΙΙΙ.
1338 1013 1490 1063 sexies3
1522 1014 1557 1052 in
1588 1012 1684 1052 libro

44 1080 115 1121 lv.
154 1086 304 1134 quater3
356 1081 392 1119 in
434 1080 531 1119 libro
569 1079 657 1119 XV.
700 1081 837 1119 octies.
913 1078 1156 1120 Collisionem
1197 1084 1319 1121 autem
1358 1081 1543 1121 vocalium
1575 1096 1601 1121 a
1633 1096 1680 1132 a,

43 1150 164 1202 qualis
195 1152 253 1188 est
284 1149 424 1189 sidera
454 1148 639 1197 adibam,
673 1149 707 1186 in
740 1148 838 1199 pede
869 1150 996 1201 (printo
1029 1161 1210 1202 nunquam
1241 1150 1412 1199 admisit,
1445 1149 1504 1189 his
1537 1152 1682 1204 quidem

44 1219 79 1256 in
111 1218 244 1266 libris3
277 1217 392 1256 semel
425 1230 469 1256 eo
501 1216 607 1266 loco,
643 1217 678 1254 in
711 1229 783 1268 quo
815 1229 934 1267 saepe
966 1219 1099 1256 factam
1126 1230 1147 1257 a
1169 1218 1334 1268 Virgilio
1366 1220 1553 1269 vidimus,
1586 1221 1683 1259 inter

42 1287 174 1337 pedem
206 1289 372 1338 quartum
405 1289 443 1325 et
474 1287 660 1338 (piintum,
691 1286 845 1324 Metam.
870 1286 960 1324 XV.
995 1288 1088 1326 763.
1121 1289 1333 1327 coniurata
1363 1302 1476 1327 arma
1506 1292 1680 1329 moveri:

42 1356 91 1393 cf.
131 1354 195 1392 lib.
229 1354 276 1392 V.
322 1358 411 1393 150.
462 1356 673 1393 coniurata
711 1355 885 1407 undique
925 1361 1107 1406 paynant
1156 1358 1194 1394 et
1240 1356 1310 1395 lv.
1353 1359 1448 1396 403.
1487 1358 1686 1398 collucere

40 1423 200 1474 iynibas
245 1423 396 1462 aedes:
459 1435 552 1474 quae
600 1424 671 1460 tria
712 1426 798 1460 sunt
849 1426 999 1473 praeter
1041 1425 1346 1463 consuetudinem
1400 1425 1527 1464 Ovidii
1574 1427 1679 1467 dura.

42 1492 199 1531 Omnino
241 1492 352 1529 utitur
392 1492 537 1543 quidem
580 1491 738 1529 elisione
770 1490 931 1530 Ovidius
970 1493 1006 1530 iu
1038 1491 1107 1530 bac
1138 1494 1350 1543 posteriore
1381 1506 1517 1533 versus
1548 1499 1678 1547 parte,

40 1561 106 1599 scd
126 1560 236 1599 multo
269 1561 439 1610 parcius,
473 1574 577 1611 quam
612 1559 814 1609 Virgilius.
874 1560 916 1599 In
948 1561 1067 1599 medio
1100 1561 1196 1612 pede
1228 1565 1380 1613 quarto,
1400 1562 1487 1613 his,
1516 1565 1548 1601 si
1575 1568 1679 1603 recte

39 1630 270 1678 observavi,
312 1629 454 1667 collidit
494 1628 647 1666 vocales
686 1642 712 1667 a
753 1643 799 1678 a,
838 1629 907 1667 ΙΙΙ.
942 1632 1035 1668 585.
1069 1642 1143 1667 non
1174 1629 1261 1668 ulla
1292 1638 1470 1670 armenta
1501 1632 1676 1686 reliquit.

36 1698 127 1736 XV.
152 1700 245 1737 363.
262 1711 398 1750 parca
419 1698 613 1737 animalia
645 1700 760 1736 verli.
795 1696 854 1737 Cl'.
875 1698 963 1739 XV.
988 1701 1080 1736 145.
1108 1698 1296 1737 reserabo
1328 1700 1497 1739 oracula
1521 1703 1677 1741 mentis.

36 1766 142 1818 Quod
176 1766 349 1816 exempla
380 1767 535 1804 maxime
579 1765 759 1804 eiusmodi
807 1767 1082 1817 circumspexi,
1127 1768 1162 1805 in
1203 1767 1338 1819 quibus
1380 1767 1525 1807 collisio
1571 1773 1678 1809 esset

35 1834 218 1873 vocalium
251 1848 275 1873 a
308 1849 356 1883 a,
399 1838 555 1885 propter
595 1833 774 1874 Catonem
815 1835 1100 1887 Lucretiumque
1132 1837 1224 1884 feci,
1265 1848 1359 1887 quos
1391 1836 1503 1875 multa
1534 1836 1675 1876 habere

34 1902 123 1940 talia
154 1903 457 1941 observavimus.
518 1903 595 1942 Sed
630 1903 778 1941 omnino
811 1903 1007 1942 tenendum
1039 1906 1100 1943 est
1119 1904 1310 1942 admodum
1334 1916 1418 1942 raro
1444 1904 1543 1953 fieri,
1575 1905 1673 1956 apud

34 1970 233 2019 Virgilium
267 1976 304 2010 et
324 1971 518 2020 Ovidium,
550 1972 585 2009 in
617 1971 747 2022 quinto
781 1972 925 2023 quidem
957 1973 1078 2022 pede,
1112 1977 1150 2011 ut
1182 1972 1309 2010 eadem
1338 1972 1486 2011 vocalis
1514 1972 1673 2012 elidatur

34 2040 70 2077 in
103 2039 280 2077 eamdem.
340 2039 552 2090 Nusquam,
587 2041 622 2078 in
656 2039 730 2077 illis
763 2039 869 2077 libris
901 2052 995 2091 quos
1026 2039 1194 2091 perlegi,
1228 2053 1249 2079 o
1281 2040 1316 2078 in
1349 2053 1396 2089 ο,
1429 2043 1493 2080 aut
1524 2056 1548 2081 a
1579 2042 1615 2080 in
1647 2056 1672 2081 a

33 2108 183 2147 eliditur
213 2109 247 2145 iu
281 2108 409 2159 qllinto
442 2108 551 2157 pede.
613 2108 738 2147 Semel
771 2110 785 2146 ἱ
816 2109 850 2146 in
883 2110 919 2157 i,
952 2109 1050 2147 Aen.
1083 2108 1113 2147 Ι.
1141 2113 1208 2148 99.
1269 2108 1485 2161 Aliquoties
1516 2125 1537 2150 e
1568 2112 1602 2149 in
1634 2125 1669 2150 e.

32 2177 137 2231 Quos
177 2176 283 2215 locos
329 2177 535 2215 iudicabo:
578 2176 676 2215 Aen.
725 2176 771 2215 ΙΙ.
815 2179 909 2215 210.
971 2177 1039 2216 111.
1085 2182 1178 2217 418.
1212 2180 1306 2216 56⁴.
1371 2176 1439 2216 lV.
1478 2182 1538 2217 ll.
1572 2180 1667 2219 373.

31 2245 147 2285 Ovid.
181 2246 334 2284 Metam.
366 2245 397 2284 Ι.
429 2249 467 2284 8.
504 2248 595 2284 757.
655 2245 745 2284 XV.
779 2249 874 2284 259.
936 2246 1098 2300 Quorum
1130 2259 1289 2296 magnae
1320 2247 1417 2297 parti
1449 2249 1667 2287 excusatio-

31 2327 111 2353 nem
144 2320 234 2365 puto
267 2313 512 2352 adhibendam
544 2326 643 2362 eam,
685 2314 730 2352 de
771 2326 843 2365 qun
882 2328 967 2353 mox
1008 2315 1164 2354 dicetur.
1225 2315 1349 2364 Igitur
1390 2317 1430 2354 ut
1470 2315 1666 2367 colligam,

29 2396 125 2435 quac
156 2382 399 2432 particulatim
431 2383 722 2434 disputavimus,
763 2385 1003 2422 monstratum
1036 2387 1096 2423 est
1127 2385 1222 2423 satis
1254 2384 1522 2435 probabiliter,
1568 2397 1666 2424 non-

30 2452 119 2491 nihil
151 2453 298 2490 ‹lill'crre
330 2452 363 2489 in
396 2452 562 2490 elisiouis
594 2453 678 2490 sive
710 2466 777 2490 usu
809 2453 894 2491 sive
926 2452 1080 2491 licentia
1107 2453 1204 2491 inter
1227 2452 1429 2502 Virgilium
1462 2456 1500 2492 et
1531 2458 1665 2503 poetas

29 2526 204 2566 veteres,
237 2526 274 2559 et
306 2520 389 2571 plus
422 2522 529 2559 etiam
561 2522 656 2559 iuter
698 2520 768 2559 hos
809 2524 847 2559 et
887 2520 1075 2560 Ovidium.
1141 2521 1429 2571 Temperantior
1473 2521 1662 2573 aliquanto

29 2589 241 2640 Virgilius,
283 2590 343 2640 qui
375 2590 495 2639 parcit
526 2589 674 2628 elisioni
707 2590 740 2627 in
772 2590 868 2641 pede
899 2590 1051 2642 quint03
1092 2589 1204 2628 multo
1240 2590 1436 2639 severior,
1479 2589 1660 2636 Ovidius,

27 2660 88 2711 qui
119 2671 224 2710 quum
257 2657 413 2695 elisione
444 2658 477 2695 iu
518 2659 729 2696 universum
771 2671 884 2709 parce
931 2662 1072 2708 utatur,
1113 2658 1270 2697 elisione
1309 2670 1371 2704 ea,
1419 2670 1512 2710 quae
1554 2659 1593 2698 lit
1624 2661 1659 2698 in

27 2727 224 2766 vocalibus
256 2726 406 2773 iisdem,
440 2725 553 2764 utitur
585 2727 815 2775 parcissime.
879 2725 1060 2767 caussam
1092 2729 1175 2765 sive
1195 2728 1464 2777 temperantiae
1485 2728 1570 2765 sive
1591 2741 1658 2766 se-

26 2796 200 2834 veritatis
246 2794 341 2832 lianc
381 2793 499 2831 fuisse
537 2793 716 2844 arbitror,
764 2797 860 2847 quod
905 2796 986 2843 ini,
1036 2808 1141 2848 quim}
1191 2798 1373 2835 sentirent
1411 2797 1446 2834 in
1489 2802 1657 2834 extrema

25 2864 182 2902 maxime
211 2875 347 2902 versus
387 2866 494 2913 parte
533 2861 725 2901 iucundum
768 2876 877 2913 esse,
916 2866 949 2904 si
980 2864 1113 2904 leuiter
1142 2868 1254 2916 atque
1285 2877 1359 2903 non
1391 2865 1553 2915 impediti
1586 2865 1654 2902 de-

25 2932 139 2971 fluant
168 2933 330 2982 numeri,
363 2944 558 2970 removere
590 2935 700 2983 atque
732 2933 935 2972 excludere
965 2934 1012 2972 ab
1038 2946 1082 2972 ea
1109 2936 1216 2984 parte
1238 2932 1413 2981 volucre,
1446 2933 1540 2983 quod
1574 2945 1653 2971 mo-

25 3001 99 3040 rari
130 3013 260 3040 vocem
292 3000 574 3052 pronunciantis
604 3003 749 3051 posset.
824 3002 891 3041 Sic
923 3002 1109 3052 Virgilius
1142 3002 1367 3040 sslonstrnm
1397 3001 1650 3050 horrendum,

1284 3071 1379 3113 ⁶21*
