2006 3365
562 183 632 224 DE
664 183 817 224 POESI
850 183 1190 226 CATONIANA.
1599 188 1702 233 28?

64 296 207 337 Heinsii
241 296 398 335 vidimus
429 309 497 335 suo
529 298 626 338 loco.
688 298 864 338 Nonnihil
896 302 1017 338 autem
1049 299 1121 339 hoc
1142 312 1289 353 quoque
1311 299 1560 340 commovisse
1578 299 1700 339 Hein-

63 365 156 404 sium
187 365 414 415 putaverim,
457 367 553 418 quod
595 379 666 406 non
703 368 798 407 satis
837 367 999 417 elegans
1039 369 1233 408 videretur
1270 369 1469 408 verborum
1500 367 1699 408 collocatio

70 433 233 473 Vicinae
267 433 460 484 flammae.

148 501 228 540 Dir.
262 515 300 540 v.
335 503 399 540 Π.
454 504 507 542 Ee
549 504 632 544 lale
669 509 830 544 teneant
868 504 1029 556 diffuso
1060 507 1221 556 qetryite
1252 518 1428 557 campos.
1488 505 1698 545 Heinsius:

62 571 116 610 Ee
147 570 229 609 lato
260 577 420 610 teneant
453 572 641 623 diffusos
671 575 829 623 (surpite
850 586 1029 624 campos.
1092 572 1387 621 Elegantissima
1410 574 1638 618 emendatio,
1666 575 1699 612 si

62 640 96 678 in
117 639 285 688 Virgilio
318 642 416 678 faeta
441 644 568 689 esset,
599 644 662 679 aut
687 640 849 689 Ovidi03
881 642 915 678 in
936 639 1082 680 Catone
1114 641 1275 691 inutilis,
1308 654 1445 692 prava,
1478 642 1540 681 vel
1572 644 1700 693 potius

63 708 266 758 corruptio.
328 708 435 746 llaud
469 709 582 748 dubie
614 708 842 759 displicebat
874 708 1031 746 Heinsio
1070 709 1153 748 late
1189 709 1424 748 adverbium.
1459 709 1535 755 *Ut
1565 710 1698 762 displi-

62 780 123 815 cet
153 777 274 815 eidem
306 776 437 816 subito
470 778 551 816 Dir.
585 780 650 816 72.
694 777 879 826 Comparo
913 776 1054 816 Culicis
1086 777 1205 816 locum
1239 791 1276 815 v.
1311 780 1404 816 165.
1453 780 1700 830 Sqemmosos

61 845 146 884 late
174 845 384 899 torquebat
414 846 608 885 montibus
640 845 784 884 orbes:
819 844 880 883 ubi
912 845 995 884 late
1026 848 1064 884 et
1094 846 1287 885 montibus
1321 847 1417 895 mei,
1452 847 1700 896 petavianus,

60 914 289 962 Thnancus‚
323 915 599 964 Augustanus,
642 913 856 952 Vossianus
887 917 954 953 Sl.
999 914 1158 966 itemque
1197 915 1336 966 antiqui
1381 914 1465 953 libri
1501 916 1591 954 editi
1623 927 1701 954 cum

62 983 144 1022 cod.
178 983 389 1022 Basileensi
434 987 472 1023 et
507 983 697 1021 Vossiano
728 981 778 1020 11.
811 994 963 1031 omnes,
1012 986 1164 1033 praeter
1203 983 1387 1022 Venetam
1435 984 1624 1032 Acbatis,
1666 985 1701 1023 in

61 1064 152 1103 qua,
183 1053 313 1090 nescio
349 1056 464 1091 utrum
497 1051 692 1100 consulto,
731 1064 778 1090 an
811 1064 922 1099 casu,
955 1052 1145 1100 motibus,
1190 1054 1228 1091 et
1266 1056 1417 1103 praeter
1449 1053 1700 1102 Vicentinarn,

61 1122 200 1173 inqua
238 1123 379 1161 montis
417 1122 572 1159 vitiose.
642 1119 774 1173 Itaque
820 1133 947 1171 parum
989 1125 1164 1159 accurate
1208 1120 1381 1171 Heynius
1424 1122 1475 1161 ita
1519 1121 1701 1174 loquitur,

60 1192 140 1229 acsi
171 1191 338 1230 molibus
372 1190 530 1239 vulgata
562 1190 612 1229 sit
643 1191 832 1241 scriptura
851 1220 860 1238 ‚
893 1192 930 1228 et
962 1189 1062 1229 latis
1096 1202 1185 1228 esse
1217 1190 1307 1228 dicit
1337 1190 1372 1228 in
1404 1190 1467 1230 ecl.
1490 1197 1568 1230 vet.
1615 1191 1701 1240 Ego

61 1271 158 1298 nunc
188 1259 540 1300 latis—motibus
573 1260 607 1297 in
641 1258 739 1297 nulla
772 1259 940 1297 editione
971 1258 1182 1311 antiquiore
1206 1259 1384 1307 invenio,
1418 1263 1571 1310 praeter
1602 1272 1701 1309 eam,

62 1342 168 1382 quam
199 1328 290 1368 Aldi
322 1329 522 1367 editionem
554 1327 729 1378 appello,
763 1327 948 1365 diversam
981 1327 1027 1366 ab
1060 1327 1211 1366 Aldiuis
1248 1331 1366 1367 1517.
1399 1333 1437 1367 et
1471 1332 1592 1368 153⁴.
1653 1330 1702 1368 Et

61 1398 229 1438 motibus
261 1398 406 1449 quidem
440 1409 530 1435 vera
561 1396 655 1434 baud
689 1396 799 1434 dubie
831 1397 1018 1447 scriptura
1045 1399 1129 1435 est:
1164 1400 1202 1436 ut
1231 1399 1397 1437 motibus
1430 1398 1702 1437 restituendum

63 1480 131 1519 pro
162 1467 355 1506 montibus
385 1465 468 1506 Cul.
508 1466 597 1504 137.
631 1465 675 1504 de
707 1477 778 1517 quo
809 1465 853 1503 ad
886 1465 969 1503 Dir.
1005 1468 1070 1503 Η.
1155 1465 1254 1505 latis
1287 1467 1579 1506 emendationem
1611 1471 1701 1518 puto

64 1548 153 1575 esse
184 1536 289 1583 eius,
326 1536 385 1587 qui
416 1535 583 1575 motibus
617 1547 687 1573 non
720 1534 818 1573 bene
850 1534 922 1572 dici
954 1535 1037 1572 sine
1068 1533 1238 1585 epitheto
1271 1539 1458 1574 censeret.

150 1604 230 1643 Dir.
264 1618 303 1641 v.
337 1605 402 1643 97.
437 1605 660 1643 Ertremmn
693 1616 851 1642 carmen
882 1616 1110 1642 revocemus
1137 1603 1313 1643 Battara
1343 1617 1489 1643 avena.
1522 1604 1702 1643 Heinsius

62 1675 135 1713 tum
167 1673 262 1725 quod
295 1685 367 1711 non
401 1671 637 1722 intelligeret
656 1671 807 1720 docum,
840 1674 913 1710 tum
944 1675 1101 1722 propter
1125 1671 1343 1722 elegantiae
1366 1672 1466 1712 illius
1488 1674 1701 1713 caritatem:

60 1742 254 1781 Extrema
293 1754 438 1780 avena.

145 1810 280 1860 Eclog.
313 1826 351 1848 v.
379 1813 442 1848 11.
473 1810 557 1849 Aut
587 1812 716 1849 roseis
749 1809 891 1861 ‹liqitz's
923 1809 1090 1849 viridem
1123 1809 1372 1862 decerpserit
1394 1823 1526 1850 uvam.
1582 1810 1703 1849 Fran-

61 1879 168 1918 cius:
199 1880 282 1918 Aut
313 1881 443 1919 roseis
475 1879 639 1918 viridem
672 1879 814 1930 dissitis
847 1878 886 1917 d.
918 1892 957 1918 u.
1028 1877 1128 1916 Idem
1160 1876 1206 1917 C.
1240 1878 1382 1917 Bartbii
1428 1892 1566 1918 sensus
1610 1881 1701 1928 fuit,

62 1950 100 1986 et
133 1951 218 1986 ante
250 1949 371 1986 fuerat
407 1947 550 1986 librarii
596 1947 902 1998 interpolatoris,
935 1959 956 1985 0
988 1946 1095 1985 cuius
1128 1947 1272 1985 fabrica
1304 1947 1476 1998 prodiere
1507 1949 1575 1986 mei
1609 1948 1703 1987 Mo-

61 2027 248 2053 nacenses
280 2016 351 2054 duo
383 2021 420 2054 et
450 2015 607 2054 Vratisl.
639 2015 669 2053 Ι.
730 2016 868 2055 Verum
899 2014 972 2053 boc
1002 2027 1074 2053 non
1114 2014 1272 2062 inutile,
1313 2027 1496 2066 pravum,
1541 2017 1608 2055 sed
1643 2017 1702 2055 in-

62 2087 186 2135 eptum
217 2084 374 2122 dixerim
406 2088 561 2135 propter
592 2085 735 2123 nimiam
768 2083 1014 2135 epitheton-um
1047 2084 1343 2132 similitmlinem‚
1376 2097 1483 2136 (lurnn
1511 2086 1544 2123 in
1574 2086 1702 2125 colore

62 2156 240 2191 versetur
280 2156 496 2204 utrumque:
539 2165 633 2205 quae
673 2152 842 2203 epitheta
874 2165 918 2191 eo
949 2153 1056 2190 modo
1102 2154 1299 2192 coniuncta
1341 2152 1436 2192 lianc
1470 2154 1581 2193 facile
1611 2168 1702 2193 sus-

62 2222 246 2272 picionem
278 2223 501 2268 moverent,
533 2224 679 2272 poetam
712 2233 906 2272 opponere
938 2221 1009 2260 sibi
1043 2221 1220 2260 diversos
1252 2222 1351 2260 inter
1382 2235 1424 2260 se
1456 2222 1630 2271 colores,
1664 2226 1702 2264 et

62 2290 97 2327 in
130 2302 175 2328 ea
205 2290 445 2340 oppositione
477 2289 604 2328 ludere
637 2290 820 2330 voluisse.
882 2289 954 2344 Qui
993 2292 1032 2328 et
1070 2302 1137 2341 per
1177 2303 1222 2329 se
1259 2291 1411 2342 ineptus
1443 2290 1547 2330 lusus
1579 2292 1699 2341 soret,

62 2363 101 2398 ct
131 2358 332 2407 Catonem,
364 2372 470 2411 quum
501 2360 666 2399 viridem
697 2360 792 2398 dixit
824 2372 956 2404 uvam,
995 2372 1066 2398 non
1099 2363 1169 2399 tam
1201 2360 1248 2398 de
1280 2359 1406 2399 colore
1438 2362 1699 2411 cogitavisse,

63 2439 170 2480 quam
202 2427 426 2465 immaturam
457 2428 697 2477 significare,
744 2441 881 2466 versus
929 2429 1044 2468 docet
1083 2430 1143 2482 qui
1185 2430 1365 2482 sequitur.
1427 2429 1569 2469 Similis
1608 2431 1703 2469 ratio

65 2496 204 2536 Catulli
236 2499 318 2542 est,
358 2496 483 2547 Epitb.
518 2498 559 2536 P.
592 2500 629 2536 et
659 2496 734 2536 Th.
767 2500 863 2537 309.
895 2497 959 2536 ubi
991 2497 1140 2547 vulgo:
1188 2498 1244 2536 Ac
1275 2511 1390 2538 roseo
1422 2501 1567 2539 niceae
1596 2501 1703 2539 resi-

64 2565 212 2605 debant
242 2569 391 2605 eertz'ce
421 2569 560 2605 vittae.
621 2566 779 2605 Nimium
811 2566 883 2606 1100
916 2567 1081 2606 colorum
1109 2568 1223 2606 estin
1251 2579 1322 2606 uno
1346 2567 1444 2607 loco.
1506 2567 1600 2622 Quis
1631 2580 1702 2606 non

64 2633 310 2685 amplectatur
342 2634 632 2673 emendationem
664 2634 820 2686 Vulpii:
852 2632 1100 2676 Ambrosio?
1139 2634 1365 2688 Quamquam
1398 2637 1511 2687 ipse,
1551 2637 1584 2674 si
1615 2637 1702 2688 quid

64 2702 224 2742 liaberet
254 2716 325 2755 quo
357 2715 400 2741 se
434 2705 599 2741 tueretur
629 2716 769 2743 roseus
802 2705 1001 2744 Parcarum
1041 2707 1202 2753 vertex,
1234 2705 1513 2757 acquiescerem
1545 2706 1580 2743 in
1612 2704 1703 2743 vul-

65 2775 182 2822 gata:
221 2772 343 2823 potuit
375 2772 469 2809 enim
500 2771 607 2810 etiam
640 2769 787 2811 Catullo
818 2774 1021 2819 excidere,
1063 2773 1160 2826 quod
1193 2774 1322 2812 merito
1362 2774 1575 2825 displiceat.
1635 2773 1704 2813 Sic

66 2841 102 2879 in
133 2839 212 2881 Ciri
244 2854 282 2879 v.
317 2842 354 2879 4.
387 2844 497 2879 teneo
529 2851 632 2891 quam
663 2839 750 2879 libri
782 2843 956 2890 tuentur,
988 2842 1189 2882 verborum
1223 2841 1536 2882 collocationem:

354 2910 553 2949 Florentes
591 2909 716 2948 viridi
745 2910 922 2963 Sophiae
953 2912 1225 2964 complectitur
1256 2911 1418 2951 umbra:

68 2980 237 3031 quamvis
268 2979 359 3019 ordo
392 2977 605 3027 Scaligcri,
655 2978 852 3019 Florentis
883 2979 1064 3033 Sophiae
1093 2981 1219 3019 viridi
1250 2993 1283 3019 c.
1318 2994 1354 3018 u.
1387 2979 1431 3017 ad
1464 2991 1579 3018 meum
1610 2991 1701 3018 sen-

68 3061 147 3087 sum
192 3050 367 3094 suavior,
417 3052 489 3089 tum
534 3047 621 3100 quia
658 3047 887 3099 simplicior,
929 3050 1002 3088 tum
1040 3048 1135 3101 quod
1175 3047 1375 3100 displicent
1413 3047 1485 3086 duo
1528 3051 1704 3089 contiuua
