2006 3365
457 147 527 187 DE
559 147 780 188 VIRGILII
811 147 906 187 [ΑΒ.
932 145 1220 187 IUVENALIS
1245 145 1382 186 LUDI.
1651 146 1752 190 233

117 265 156 302 ut
187 262 386 301 communis
416 260 513 299 haud
546 261 656 300 dubie
687 263 846 300 sermoni
880 261 1030 310 vulgari
1068 262 1160 310 fuit,
1202 263 1252 300 ita
1284 261 1392 300 etiam
1424 258 1485 299 alii
1516 259 1654 309 poetae
1683 268 1751 295 re-

117 330 308 369 centiores
350 331 606 381 frequentant:
647 330 814 369 Martial.
854 329 924 369 xl.
964 345 1029 368 xc,
1074 336 1110 370 8.
1145 330 1266 368 Anth.
1306 330 1388 368 Lat.
1430 327 1480 367 11.
1522 341 1648 364 Lxxv.
1680 324 1750 363 Ill.

117 413 224 437 cmx.
261 401 295 436 l.
330 402 367 437 7.
399 400 437 436 et
469 399 593 448 epigr.
627 399 722 449 apud
755 400 998 437 Burmannum
1039 398 1159 437 eiusd.
1201 398 1308 437 'l‘omi
1341 397 1370 436 I.
1403 410 1439 448 p.
1474 400 1568 435 (ΠΟ.
1602 407 1636 433 a.
1694 392 1751 431 At

114 479 162 505 ne
192 466 337 504 minima
368 466 511 517 quidem
543 466 775 515 negligenda
807 469 893 504 sunt
924 465 994 504 hac
1027 466 1063 503 in
1095 466 1393 515 comparatione:
1431 464 1551 503 veluti
1582 462 1678 514 quod
1712 463 1752 501 si

114 535 262 573 eliditur
302 533 423 573 Carm.
459 534 487 572 l.
528 535 573 572 ad
611 535 794 573 Tuccam:
835 535 882 573 Si
911 534 1128 582 occulitur,
1170 533 1286 583 lonye
1323 540 1385 572 est
1417 537 1490 571 etc.
1524 531 1656 569 duritie-
1687 529 1749 568 vel

114 603 288 641 libertate
320 600 544 641 Catulliana.
606 603 776 651 Elegiam
809 603 851 640 ad
887 601 1113 643 Messalam,
1149 614 1242 652 quae
1271 603 1330 638 est
1361 601 1398 639 in
1423 599 1629 640 Catalectis
1651 598 1749 649 apud

113 671 302 721 Heynium
334 670 456 709 carm.
487 671 556 711 XI.
589 670 707 710 Anth.
741 671 823 709 Lat.
849 670 901 708 ΙΙ.
926 684 1056 707 CXXII·
1118 670 1264 709 Pauca
1288 670 1404 716 mibi,
1437 672 1550 707 niveo
1578 667 1651 706 sed
1675 680 1751 705 nrm

113 741 316 791 incoynila
346 738 529 787 Phoebo,
563 742 602 778 ut
632 738 797 787 Virgilio
830 738 1015 785 tribuere,
1048 739 1079 775 si
1105 751 1177 790 qua
1202 738 1326 788 possit
1353 737 1455 788 lieri,
1490 735 1621 782 velim,
1653 735 1750 785 apud

112 820 168 845 me
199 820 270 845 non
304 811 374 846 tam
408 809 529 846 virtus
561 808 755 852 carminis,
797 818 902 858 quam
936 807 1038 845 rudis
1070 806 1332 851 mediocritas,
1367 805 1521 856 stilique
1552 815 1623 841 non
1657 804 1751 841 satis

112 877 311 914 exercitati
337 889 453 927 saepe
476 876 679 925 conspicua
704 874 891 912 aberratio
918 875 1096 913 efficiunt.
1158 875 1326 926 Namque
1353 876 1392 912 ut
1416 873 1634 923 plerumque
1659 871 1752 909 vitia

111 943 241 981 malum
273 945 514 995 scriptorem,
547 943 609 981 vel
642 943 890 980 recentiorem
922 943 1120 992 scriptoris
1152 945 1311 981 aetatem
1333 943 1517 991 arguunt,
1549 941 1620 988 ita,
1654 940 1750 991 quod

112 1013 179 1050 iam
212 1013 452 1051 observatum
485 1012 520 1049 in
554 1011 708 1059 Culice,
751 1010 824 1049 alia
856 1011 1094 1049 mediocritas
1125 1011 1346 1063 antiquioris
1389 1010 1550 1057 aetatis,
1595 1009 1752 1047 nondum

111 1080 282 1118 omnibus
315 1080 530 1129 elegantiae
562 1080 684 1130 copiis
715 1079 930 1134 affluentis,
970 1079 1113 1127 ingenii
1145 1079 1256 1127 boni,
1288 1079 1354 1117 sed
1389 1091 1459 1117 non
1493 1077 1658 1126 exculti,
1692 1077 1752 1115 in-

110 1149 242 1187 dicium
282 1151 353 1188 est.
415 1149 511 1187 Mihi
553 1149 690 1197 Elegia
727 1148 771 1186 ad
816 1147 1022 1186 Messalam
1063 1160 1143 1186 cum
1184 1148 1367 1197 singulari
1405 1147 1645 1197 simplicitate
1685 1158 1754 1184 sua

110 1222 222 1269 atque
254 1218 288 1256 in
319 1219 477 1257 transitu
511 1217 557 1256 ab
600 1230 670 1256 una
701 1217 889 1255 sententia
921 1217 964 1254 ad
997 1215 1151 1254 alteram
1184 1217 1409 1254 inveniendo
1440 1218 1663 1266 paupertate
1696 1216 1752 1252 in—

110 1286 292 1337 opiaque,
322 1286 465 1338 qualem
489 1287 632 1338 quidem
655 1286 727 1324 vix
752 1286 787 1323 in
815 1284 889 1324 ullo
915 1289 1028 1335 poeta
1052 1287 1140 1335 post
1158 1284 1374 1334 Augustum
1399 1285 1587 1335 reperias3
1620 1283 1753 1321 deinde

112 1365 190 1392 cum
222 1355 294 1393 isto
318 1367 386 1393 suo
413 1355 558 1393 erudito
583 1366 746 1393 excursu
775 1354 819 1391 de
845 1355 961 1392 amica
982 1352 1200 1401 Messalae,
1235 1358 1272 1392 et
1304 1365 1382 1391 cum
1410 1354 1602 1391 ieiunItate-
1627 1363 1752 1389 eorum

110 1423 267 1461 maxime
306 1422 491 1471 locorum,
532 1423 593 1461 ubi
634 1423 681 1461 de
712 1435 756 1460 se
787 1435 930 1473 suoque
963 1422 1120 1460 consilio
1152 1424 1267 1472 poeta
1298 1423 1483 1472 exponit,
1518 1432 1612 1458 nunc
1644 1418 1752 1459 Culi-

112 1503 191 1530 cem
225 1492 426 1543 Cirinque,
460 1504 556 1529 nunc
590 1489 726 1530 Catulli
758 1491 931 1539 elegias,
962 1491 1006 1529 ad
1041 1490 1232 1540 Ortalum,
1265 1490 1310 1528 ad
1344 1489 1545 1538 Manlium,
1578 1489 1614 1526 in
1647 1500 1752 1526 men-

112 1562 183 1598 tem
221 1562 401 1608 revocat,
440 1562 478 1598 et
518 1560 624 1611 quasi
665 1561 938 1609 repraesentat.
1008 1559 1188 1597 Profecto
1235 1559 1303 1597 vix
1346 1559 1540 1610 quicquam
1579 1557 1753 1595 invenias

112 1628 208 1680 quod
241 1628 364 1676 magis
395 1627 515 1666 simile
547 1628 615 1675 sit,
649 1640 753 1679 quam
784 1628 858 1666 ista
889 1626 1050 1676 Elegiae
1081 1627 1126 1665 ad
1164 1625 1324 1666 Messal.
1357 1639 1396 1664 v.
1432 1629 1469 1664 1.
1502 1629 1541 1665 2.
1576 1630 1613 1665 9.
1646 1637 1752 1676 seqq.

112 1700 178 1735 55.
210 1709 270 1748 sq.
302 1700 340 1735 et
380 1700 479 1735 extr.
521 1696 724 1746 disputatio
768 1699 880 1747 atque
919 1696 1142 1744 excusatio,
1182 1696 1279 1747 quod
1320 1695 1491 1734 scribere
1533 1694 1645 1743 velit,
1685 1693 1754 1732 sed

111 1777 185 1803 non
215 1765 364 1816 possit,
409 1764 505 1816 quod
539 1766 659 1803 tamen
691 1764 853 1813 scribat,
895 1766 933 1803 et
963 1765 1049 1816 quid
1082 1765 1245 1813 scribat,
1288 1763 1437 1804 Catullo
1470 1767 1530 1803 est
1561 1763 1674 1812 Eleg.
1708 1761 1755 1800 ad

111 1833 233 1873 Manl.
264 1833 424 1871 maxime
455 1846 495 1872 v.
529 1836 594 1871 31.
629 1845 736 1885 seqq.
797 1832 970 1882 Insignis
1003 1834 1039 1872 in
1072 1836 1229 1885 utroque
1256 1833 1338 1872 loco
1371 1834 1556 1879 tenuitas,
1590 1832 1675 1877 illa,
1709 1831 1755 1869 de

113 1914 185 1954 qua
215 1902 340 1953 paullo
372 1906 458 1941 ante
489 1903 631 1948 monui,
672 1902 718 1940 ad
757 1914 906 1953 prosam
948 1903 1151 1941 orationem
1194 1901 1468 1952 vulgareni(pie
1513 1900 1755 1951 epistolarum

115 1970 418 2008 consuetudinem
450 1971 663 2009 accedens:
697 1973 736 2009 ut
767 1975 853 2009 sunt
885 1971 960 2009 ista
991 1971 1025 2008 in
1058 1970 1197 2018 Elegia
1228 1970 1272 2007 ad
1306 1969 1465 2008 Messal.
1500 1969 1608 2025 Quid
1639 1969 1688 2008 de
1717 1974 1757 2007 te

112 2041 266 2091 possim
306 2038 501 2087 scribere,
549 2039 696 2092 quidve
725 2039 823 2088 tibi,
867 2042 905 2077 et
946 2040 1048 2096 Quin
1081 2041 1212 2078 ausim
1241 2039 1316 2077 boc
1345 2042 1462 2078 etiam
1493 2038 1652 2086 (licere,
1685 2039 1757 2076 via:

115 2108 304 2145 bominum
335 2115 410 2146 est.
453 2107 590 2158 quibus
630 2108 737 2146 etiam
778 2108 1001 2157 frigidiora,
1043 2107 1105 2146 vel
1144 2107 1398 2158 simpliciora:
1432 2120 1503 2145 non
1535 2108 1618 2145 dico
1660 2107 1756 2145 enim

117 2175 188 2214 hoc
220 2180 258 2214 ut
296 2176 505 2226 vituperem
543 2176 677 2214 boumn
718 2182 886 2227 poetam:
934 2176 997 2214 illa
1041 2175 1200 2223 Catulli,
1242 2176 1324 2215 loco
1357 2189 1463 2228 quem
1495 2176 1592 2214 dixi.
1652 2175 1757 2213 Haec

117 2248 176 2284 est
206 2245 253 2283 de
285 2244 371 2283 stilo
404 2244 565 2292 Elegiae
596 2246 641 2283 ad
682 2245 887 2283 Messalam
928 2246 1148 2285 observatio
1186 2246 1401 2296 praecipua.
1462 2244 1573 2291 Alia,
1621 2243 1756 2296 quihus

117 2313 180 2352 illa
210 2312 376 2362 Virgilio
407 2313 562 2362 similis,
603 2314 866 2353 animadvertit
896 2314 1095 2366 Scaliger,
1137 2321 1174 2354 et
1214 2314 1498 2353 Wernsdorfius
1530 2314 1640 2352 Poet.
1673 2313 1755 2352 Lat.

117 2382 213 2421 Min.
246 2381 293 2420 T.
327 2381 394 2420 Ill.
426 2395 464 2433 p.
499 2385 591 2422 121.
623 2383 684 2434 qui
727 2383 835 2421 etiam
867 2382 914 2421 de
953 2382 1169 2435 loquutione
1210 2382 1425 2432 Virgiliana
1470 2383 1654 2436 Namque
1682 2383 1758 2433 sa-

117 2451 227 2490 tebor
252 2452 351 2489 enim
371 2451 509 2488 monuit
528 2454 615 2501 post
636 2452 892 2489 Burn-›annunn
953 2452 1056 2490 Add.
1082 2452 1289 2501 Virgilius:
1322 2452 1479 2491 Dulces
1513 2452 1756 2491 Camoenae:

118 2534 206 2558 nam
236 2519 451 2571 fatebimur
480 2532 638 2568 verum,
672 2520 825 2558 Dulces
856 2521 1016 2571 sitistis.
1079 2519 1181 2560 Ciris
1213 2535 1250 2559 v.
1282 2524 1348 2559 55.
1381 2521 1488 2560 IVam
1520 2534 1655 2560 veram
1684 2520 1757 2570 sa·-

118 2595 301 2628 teamar:
345 2595 451 2627 ama!
494 2589 756 2640 Polyhymnia
788 2603 934 2627 veram.
1009 2589 1069 2628 De
1113 2603 1226 2628 versu
1268 2589 1428 2638 Elegiae
1471 2594 1534 2629 17.
1576 2593 1614 2628 et
1646 2589 1758 2636 Virg.

120 2658 259 2707 Eclog.
302 2657 332 2695 1.
366 2670 403 2694 v.
442 2660 473 2694 Ι.
515 2657 732 2708 ll‘agnerus
764 2659 915 2696 monuit.
957 2659 1051 2696 idem
1091 2659 1135 2696 dc
1168 2672 1206 2697 v.
1243 2663 1276 2698 l.
1310 2661 1348 2696 2.
1381 2662 1419 2697 et
1451 2659 1564 2707 Virg.
1595 2657 1676 2696 Ecl.
1707 2656 1757 2696 X.

121 2744 159 2766 v.
196 2732 230 2766 l.
265 2732 301 2765 2.
364 2726 522 2764 Versum
555 2730 592 2763 5.
638 2727 820 2766 Horrida
866 2727 1106 2767 barbaricae
1145 2734 1313 2779 portans
1355 2730 1535 2777 insiynia
1575 2738 1756 2778 pamiae,

123 2809 201 2836 cum
234 2795 370 2836 Catuli.
406 2793 520 2833 (foma
548 2796 591 2833 Β.
613 2798 676 2833 13.
709 2799 1020 2847 comparaverunt
1053 2796 1216 2847 Vulpius
1248 2799 1285 2834 et
1319 2796 1549 2834 Burmannus
1582 2794 1755 2833 Addend.

124 2867 159 2903 in
192 2865 310 2905 Antli.
344 2865 384 2904 L.
417 2865 465 2903 T.
498 2863 528 2903 Ι.
561 2877 598 2914 p.
634 2867 726 2903 733.
757 2865 795 2903 h.
856 2865 919 2904 Ad
955 2877 1104 2904 versum
1141 2869 1175 2904 ἶ.
1208 2865 1293 2903 mihi
1325 2865 1359 2902 in
1392 2868 1549 2902 mentem
1584 2862 1760 2901 veniebat

124 2934 284 2983 Elegiae
313 2935 360 2973 ad
401 2932 568 2973 Ortalum
609 2945 645 2970 v.
678 2936 716 2972 3.
778 2933 854 2972 Sed
894 2933 991 2973 hanc
1031 2936 1152 2972 tamen
1192 2932 1314 2972 levem
1354 2945 1442 2971 esse
1480 2930 1758 2970 similitudimem

126 3004 257 3042 tateor.
318 3003 447 3055 Itaque
479 3003 551 3042 etsi
582 3000 679 3040 hanc
710 3001 884 3051 Elegiam
915 3001 1084 3054 Virgilio
1117 3014 1189 3040 non
1223 3002 1412 3040 tribuerim
1444 3000 1608 3050 diserte,
1641 2999 1760 3039 donec
