<?xml version="1.0" encoding="UTF-8"?>
<!DOCTYPE html PUBLIC "-//W3C//DTD XHTML 1.0 Transitional//EN"
    "http://www.w3.org/TR/xhtml1/DTD/xhtml1-transitional.dtd">
<html xmlns="http://www.w3.org/1999/xhtml" xml:lang="en" lang="en">
 <head>
  <title>
</title>
<meta http-equiv="Content-Type" content="text/html;charset=utf-8" />
  <meta name='ocr-system' content='tesseract 3.04.00' />
  <meta name='ocr-capabilities' content='ocr_page ocr_carea ocr_par ocr_line ocrx_word'/>
</head>
<body>
  <div class='ocr_page' id='page_1' title='image "./carmina00catouoft_0061.png"; bbox 0 0 2006 3365; ppageno 0'>
   <div class='ocr_carea' id='block_1_1' title="bbox 486 152 1697 205">
    <p class='ocr_par' dir='ltr' id='par_1_1' title="bbox 486 152 1697 205">
     <span class='ocr_line' id='line_1_1' title="bbox 486 152 1697 205; baseline 0.002 -14"><span class='ocrx_word' id='word_1_1' title='bbox 486 152 539 192; x_wconf 80' lang='lat' dir='ltr'><strong>IN</strong></span> <span class='ocrx_word' id='word_1_2' title='bbox 573 153 789 195; x_wconf 70' lang='lat' dir='ltr'>VALERH</span> <span class='ocrx_word' id='word_1_3' title='bbox 821 154 1057 195; x_wconf 79' lang='lat' dir='ltr'>CATONIS</span> <span class='ocrx_word' id='word_1_4' title='bbox 1088 155 1268 194; x_wconf 83' lang='lat' dir='ltr'><strong>DIRAS.</strong></span> <span class='ocrx_word' id='word_1_5' title='bbox 1631 159 1697 205; x_wconf 85' lang='grc'><strong>45</strong></span> 
     </span>
    </p>
   </div>
   <div class='ocr_carea' id='block_1_2' title="bbox 48 266 1699 3069">
    <p class='ocr_par' dir='ltr' id='par_1_2' title="bbox 48 266 1699 3069">
     <span class='ocr_line' id='line_1_2' title="bbox 58 266 1695 323; baseline 0.003 -17"><span class='ocrx_word' id='word_1_6' title='bbox 58 269 98 306; x_wconf 87' lang='lat' dir='ltr'><strong>nt</strong></span> <span class='ocrx_word' id='word_1_7' title='bbox 127 266 258 305; x_wconf 78' lang='lat' dir='ltr'><strong>melius</strong></span> <span class='ocrx_word' id='word_1_8' title='bbox 289 266 374 316; x_wconf 90' lang='lat' dir='ltr'><strong>alii,</strong></span> <span class='ocrx_word' id='word_1_9' title='bbox 405 279 485 306; x_wconf 89' lang='lat' dir='ltr'><strong>cum</strong></span> <span class='ocrx_word' id='word_1_10' title='bbox 518 271 783 309; x_wconf 75' lang='lat' dir='ltr'>exsecratione</span> <span class='ocrx_word' id='word_1_11' title='bbox 814 271 1068 315; x_wconf 80' lang='lat' dir='ltr'><strong>coniunctum.</strong></span> <span class='ocrx_word' id='word_1_12' title='bbox 1101 271 1136 310; x_wconf 91' lang='lat' dir='ltr'><strong>in</strong></span> <span class='ocrx_word' id='word_1_13' title='bbox 1163 284 1235 323; x_wconf 93' lang='lat' dir='ltr'><strong>quo</strong></span> <span class='ocrx_word' id='word_1_14' title='bbox 1260 273 1321 310; x_wconf 90' lang='lat' dir='ltr'><strong>est</strong></span> <span class='ocrx_word' id='word_1_15' title='bbox 1345 269 1481 323; x_wconf 87' lang='lat' dir='ltr'><strong>aliquid</strong></span> <span class='ocrx_word' id='word_1_16' title='bbox 1509 282 1695 311; x_wconf 86' lang='lat' dir='ltr'><strong>exsecra-</strong></span> 
     </span>
     <span class='ocr_line' id='line_1_3' title="bbox 58 336 1694 380; baseline 0.003 -5"><span class='ocrx_word' id='word_1_17' title='bbox 58 336 187 375; x_wconf 88' lang='lat' dir='ltr'><strong>tionis.</strong></span> <span class='ocrx_word' id='word_1_18' title='bbox 227 337 361 375; x_wconf 88' lang='lat' dir='ltr'><strong>Possis</strong></span> <span class='ocrx_word' id='word_1_19' title='bbox 393 337 500 375; x_wconf 88' lang='lat' dir='ltr'><strong>etiam</strong></span> <span class='ocrx_word' id='word_1_20' title='bbox 534 339 612 376; x_wconf 86' lang='lat' dir='ltr'><strong>sic:</strong></span> <span class='ocrx_word' id='word_1_21' title='bbox 647 351 790 377; x_wconf 84' lang='lat' dir='ltr'><strong>carmen</strong></span> <span class='ocrx_word' id='word_1_22' title='bbox 822 340 1142 378; x_wconf 71' lang='lat' dir='ltr'><strong>exsecrationum.</strong></span> <span class='ocrx_word' id='word_1_23' title='bbox 1188 340 1263 378; x_wconf 93' lang='lat' dir='ltr'><strong>Iam</strong></span> <span class='ocrx_word' id='word_1_24' title='bbox 1291 340 1455 378; x_wconf 88' lang='lat' dir='ltr'><strong>emmlem</strong></span> <span class='ocrx_word' id='word_1_25' title='bbox 1484 340 1694 380; x_wconf 86' lang='lat' dir='ltr'><strong>insensum</strong></span> 
     </span>
     <span class='ocr_line' id='line_1_4' title="bbox 56 405 1696 460; baseline 0.003 -17"><span class='ocrx_word' id='word_1_26' title='bbox 56 408 95 444; x_wconf 85' lang='lat' dir='ltr'><strong>ct</strong></span> <span class='ocrx_word' id='word_1_27' title='bbox 127 405 308 444; x_wconf 81' lang='lat' dir='ltr'><strong>devotum</strong></span> <span class='ocrx_word' id='word_1_28' title='bbox 339 419 494 445; x_wconf 83' lang='lat' dir='ltr'><strong>eurmen</strong></span> <span class='ocrx_word' id='word_1_29' title='bbox 523 407 658 445; x_wconf 89' lang='lat' dir='ltr'><strong>dictum</strong></span> <span class='ocrx_word' id='word_1_30' title='bbox 691 412 772 455; x_wconf 89' lang='lat' dir='ltr'><strong>est,</strong></span> <span class='ocrx_word' id='word_1_31' title='bbox 806 410 844 446; x_wconf 87' lang='lat' dir='ltr'><strong>et</strong></span> <span class='ocrx_word' id='word_1_32' title='bbox 873 408 945 446; x_wconf 88' lang='lat' dir='ltr'><strong>alia</strong></span> <span class='ocrx_word' id='word_1_33' title='bbox 976 408 1074 446; x_wconf 88' lang='lat' dir='ltr'><strong>dicta</strong></span> <span class='ocrx_word' id='word_1_34' title='bbox 1105 412 1191 447; x_wconf 90' lang='lat' dir='ltr'><strong>sunt</strong></span> <span class='ocrx_word' id='word_1_35' title='bbox 1221 421 1269 447; x_wconf 89' lang='lat' dir='ltr'><strong>ex</strong></span> <span class='ocrx_word' id='word_1_36' title='bbox 1300 420 1444 457; x_wconf 81' lang='lat' dir='ltr'><strong>genere</strong></span> <span class='ocrx_word' id='word_1_37' title='bbox 1474 410 1696 460; x_wconf 85' lang='lat' dir='ltr'><strong>participio-</strong></span> 
     </span>
     <span class='ocr_line' id='line_1_5' title="bbox 58 473 1692 527; baseline 0.004 -16"><span class='ocrx_word' id='word_1_38' title='bbox 58 486 147 511; x_wconf 92' lang='lat' dir='ltr'><strong>rum.</strong></span> <span class='ocrx_word' id='word_1_39' title='bbox 208 473 337 512; x_wconf 79' lang='lat' dir='ltr'><strong>Veluti</strong></span> <span class='ocrx_word' id='word_1_40' title='bbox 379 475 434 512; x_wconf 87' lang='lat' dir='ltr'><strong>sic</strong></span> <span class='ocrx_word' id='word_1_41' title='bbox 472 476 641 525; x_wconf 74' lang='lat' dir='ltr'><strong>accipio,</strong></span> <span class='ocrx_word' id='word_1_42' title='bbox 682 476 778 527; x_wconf 82' lang='lat' dir='ltr'><strong>quod</strong></span> <span class='ocrx_word' id='word_1_43' title='bbox 812 476 950 515; x_wconf 88' lang='lat' dir='ltr'><strong>Cicero</strong></span> <span class='ocrx_word' id='word_1_44' title='bbox 990 476 1123 515; x_wconf 83' lang='lat' dir='ltr'><strong>scribit</strong></span> <span class='ocrx_word' id='word_1_45' title='bbox 1159 476 1323 527; x_wconf 77' lang='lat' dir='ltr'><strong>Philipp.</strong></span> <span class='ocrx_word' id='word_1_46' title='bbox 1357 479 1387 515; x_wconf 92' lang='lat'><strong>1.</strong></span> <span class='ocrx_word' id='word_1_47' title='bbox 1421 493 1470 525; x_wconf 90' lang='lat'><strong>11,</strong></span> <span class='ocrx_word' id='word_1_48' title='bbox 1504 480 1541 515; x_wconf 88' lang='grc'><strong>5.</strong></span> <span class='ocrx_word' id='word_1_49' title='bbox 1581 477 1692 518; x_wconf 79' lang='lat' dir='ltr'><strong>illius</strong></span> 
     </span>
     <span class='ocr_line' id='line_1_6' title="bbox 56 543 1693 596; baseline 0.002 -14"><span class='ocrx_word' id='word_1_50' title='bbox 56 550 296 582; x_wconf 67' lang='lat' dir='ltr'><strong>exsecratae</strong></span> <span class='ocrx_word' id='word_1_51' title='bbox 326 543 547 592; x_wconf 78' lang='lat' dir='ltr'><strong>columnae,</strong></span> <span class='ocrx_word' id='word_1_52' title='bbox 581 556 650 581; x_wconf 90' lang='lat' dir='ltr'><strong>non</strong></span> <span class='ocrx_word' id='word_1_53' title='bbox 683 549 722 582; x_wconf 93' lang='lat' dir='ltr'><strong>ut</strong></span> <span class='ocrx_word' id='word_1_54' title='bbox 753 546 802 582; x_wconf 89' lang='lat' dir='ltr'><strong>sit</strong></span> <span class='ocrx_word' id='word_1_55' title='bbox 833 544 1017 591; x_wconf 88' lang='lat' dir='ltr'><strong>columna,</strong></span> <span class='ocrx_word' id='word_1_56' title='bbox 1051 558 1155 596; x_wconf 91' lang='lat' dir='ltr'><strong>quam</strong></span> <span class='ocrx_word' id='word_1_57' title='bbox 1192 544 1292 583; x_wconf 92' lang='lat' dir='ltr'><strong>multi</strong></span> <span class='ocrx_word' id='word_1_58' title='bbox 1325 548 1592 594; x_wconf 77' lang='lat' dir='ltr'><strong>exsecrantur,</strong></span> <span class='ocrx_word' id='word_1_59' title='bbox 1625 547 1693 585; x_wconf 89' lang='lat' dir='ltr'><strong>sed</strong></span> 
     </span>
     <span class='ocr_line' id='line_1_7' title="bbox 56 610 1691 663; baseline 0.003 -15"><span class='ocrx_word' id='word_1_60' title='bbox 56 610 297 660; x_wconf 85' lang='lat' dir='ltr'><strong>simpliciter,</strong></span> <span class='ocrx_word' id='word_1_61' title='bbox 336 612 370 649; x_wconf 91' lang='lat' dir='ltr'><strong>in</strong></span> <span class='ocrx_word' id='word_1_62' title='bbox 403 624 474 663; x_wconf 87' lang='lat' dir='ltr'><strong>qna</strong></span> <span class='ocrx_word' id='word_1_63' title='bbox 507 611 636 650; x_wconf 83' lang='lat' dir='ltr'><strong>haeret</strong></span> <span class='ocrx_word' id='word_1_64' title='bbox 675 610 815 662; x_wconf 85' lang='lat' dir='ltr'><strong>aliquid</strong></span> <span class='ocrx_word' id='word_1_65' title='bbox 857 612 1153 650; x_wconf 78' lang='lat' dir='ltr'><strong>exsecrationis:</strong></span> <span class='ocrx_word' id='word_1_66' title='bbox 1196 612 1256 650; x_wconf 90' lang='lat' dir='ltr'><strong>die</strong></span> <span class='ocrx_word' id='word_1_67' title='bbox 1287 612 1402 651; x_wconf 73' lang='lat' dir='ltr'><strong>Saule</strong></span> <span class='ocrx_word' id='word_1_68' title='bbox 1441 614 1510 652; x_wconf 89' lang='lat' dir='ltr'><strong>des</strong></span> <span class='ocrx_word' id='word_1_69' title='bbox 1539 614 1691 653; x_wconf 88' lang='lat' dir='ltr'><strong>Fluchs.</strong></span> 
     </span>
     <span class='ocr_line' id='line_1_8' title="bbox 56 678 1692 733; baseline 0.004 -16"><span class='ocrx_word' id='word_1_70' title='bbox 56 679 259 718; x_wconf 79' lang='lat' dir='ltr'><strong>Relaturns</strong></span> <span class='ocrx_word' id='word_1_71' title='bbox 290 678 362 719; x_wconf 88' lang='lat' dir='ltr'><strong>hnc</strong></span> <span class='ocrx_word' id='word_1_72' title='bbox 393 694 490 719; x_wconf 83' lang='lat' dir='ltr'><strong>eram</strong></span> <span class='ocrx_word' id='word_1_73' title='bbox 523 682 616 728; x_wconf 88' lang='lat' dir='ltr'><strong>ista,</strong></span> <span class='ocrx_word' id='word_1_74' title='bbox 648 680 858 720; x_wconf 82' lang='lat' dir='ltr'><strong>Scelerulu</strong></span> <span class='ocrx_word' id='word_1_75' title='bbox 887 688 1033 733; x_wconf 80' lang='lat' dir='ltr'><strong>porlu,</strong></span> <span class='ocrx_word' id='word_1_76' title='bbox 1065 682 1299 720; x_wconf 78' lang='lat' dir='ltr'><strong>Sceleratus</strong></span> <span class='ocrx_word' id='word_1_77' title='bbox 1330 694 1521 733; x_wconf 81' lang='lat' dir='ltr'><strong>campus,</strong></span> <span class='ocrx_word' id='word_1_78' title='bbox 1552 684 1692 723; x_wconf 84' lang='lat' dir='ltr'><strong>Seele-</strong></span> 
     </span>
     <span class='ocr_line' id='line_1_9' title="bbox 52 749 1692 799; baseline 0.003 -13"><span class='ocrx_word' id='word_1_79' title='bbox 52 755 170 787; x_wconf 80' lang='lat' dir='ltr'><strong>ratus</strong></span> <span class='ocrx_word' id='word_1_80' title='bbox 203 751 339 788; x_wconf 79' lang='lat' dir='ltr'><strong>vieus:</strong></span> <span class='ocrx_word' id='word_1_81' title='bbox 381 749 448 787; x_wconf 87' lang='lat' dir='ltr'><strong>sed</strong></span> <span class='ocrx_word' id='word_1_82' title='bbox 481 750 560 787; x_wconf 90' lang='lat' dir='ltr'><strong>dum</strong></span> <span class='ocrx_word' id='word_1_83' title='bbox 593 752 765 787; x_wconf 85' lang='lat' dir='ltr'><strong>accurate</strong></span> <span class='ocrx_word' id='word_1_84' title='bbox 798 749 1077 799; x_wconf 80' lang='lat' dir='ltr'><strong>circumspicio,</strong></span> <span class='ocrx_word' id='word_1_85' title='bbox 1120 750 1271 788; x_wconf 87' lang='lat' dir='ltr'><strong>retineri</strong></span> <span class='ocrx_word' id='word_1_86' title='bbox 1309 761 1426 799; x_wconf 91' lang='lat' dir='ltr'><strong>posse</strong></span> <span class='ocrx_word' id='word_1_87' title='bbox 1457 751 1493 788; x_wconf 93' lang='lat' dir='ltr'><strong>in</strong></span> <span class='ocrx_word' id='word_1_88' title='bbox 1526 750 1585 790; x_wconf 87' lang='lat' dir='ltr'><strong>his</strong></span> <span class='ocrx_word' id='word_1_89' title='bbox 1616 752 1692 791; x_wconf 88' lang='lat' dir='ltr'><strong>vim</strong></span> 
     </span>
     <span class='ocr_line' id='line_1_10' title="bbox 54 817 1693 868; baseline 0.002 -14"><span class='ocrx_word' id='word_1_90' title='bbox 54 817 242 867; x_wconf 86' lang='lat' dir='ltr'><strong>participii</strong></span> <span class='ocrx_word' id='word_1_91' title='bbox 275 819 460 868; x_wconf 88' lang='lat' dir='ltr'><strong>propriam</strong></span> <span class='ocrx_word' id='word_1_92' title='bbox 493 817 690 867; x_wconf 70' lang='lat' dir='ltr'><strong>intelligo,</strong></span> <span class='ocrx_word' id='word_1_93' title='bbox 734 821 772 856; x_wconf 92' lang='lat' dir='ltr'><strong>ut</strong></span> <span class='ocrx_word' id='word_1_94' title='bbox 802 818 873 866; x_wconf 90' lang='lat' dir='ltr'><strong>sit,</strong></span> <span class='ocrx_word' id='word_1_95' title='bbox 912 817 1079 864; x_wconf 84' lang='lat' dir='ltr'><strong>scelere,</strong></span> <span class='ocrx_word' id='word_1_96' title='bbox 1111 817 1173 856; x_wconf 88' lang='lat' dir='ltr'><strong>vel</strong></span> <span class='ocrx_word' id='word_1_97' title='bbox 1202 817 1432 867; x_wconf 81' lang='lat' dir='ltr'><strong>sceleribuS,</strong></span> <span class='ocrx_word' id='word_1_98' title='bbox 1465 821 1693 858; x_wconf 85' lang='lat' dir='ltr'><strong>contamina-</strong></span> 
     </span>
     <span class='ocr_line' id='line_1_11' title="bbox 55 884 1692 937; baseline 0.004 -15"><span class='ocrx_word' id='word_1_99' title='bbox 55 888 135 933; x_wconf 90' lang='lat' dir='ltr'><strong>tus,</strong></span> <span class='ocrx_word' id='word_1_100' title='bbox 168 888 206 924; x_wconf 90' lang='lat' dir='ltr'><strong>et</strong></span> <span class='ocrx_word' id='word_1_101' title='bbox 237 886 407 924; x_wconf 90' lang='lat' dir='ltr'><strong>obrutus.</strong></span> <span class='ocrx_word' id='word_1_102' title='bbox 461 885 620 924; x_wconf 81' lang='lat' dir='ltr'><strong>Omnino</strong></span> <span class='ocrx_word' id='word_1_103' title='bbox 653 885 857 923; x_wconf 86' lang='lat' dir='ltr'><strong>cavendum</strong></span> <span class='ocrx_word' id='word_1_104' title='bbox 889 884 960 924; x_wconf 85' lang='lat' dir='ltr'><strong>hac</strong></span> <span class='ocrx_word' id='word_1_105' title='bbox 991 886 1026 924; x_wconf 94' lang='lat' dir='ltr'><strong>in</strong></span> <span class='ocrx_word' id='word_1_106' title='bbox 1058 898 1119 934; x_wconf 89' lang='lat' dir='ltr'><strong>re,</strong></span> <span class='ocrx_word' id='word_1_107' title='bbox 1151 897 1198 924; x_wconf 90' lang='lat' dir='ltr'><strong>ne</strong></span> <span class='ocrx_word' id='word_1_108' title='bbox 1229 886 1311 937; x_wconf 92' lang='lat' dir='ltr'><strong>quis</strong></span> <span class='ocrx_word' id='word_1_109' title='bbox 1342 886 1495 925; x_wconf 86' lang='lat' dir='ltr'><strong>diversa</strong></span> <span class='ocrx_word' id='word_1_110' title='bbox 1524 888 1692 928; x_wconf 82' lang='lat' dir='ltr'><strong>misceat.</strong></span> 
     </span>
     <span class='ocr_line' id='line_1_12' title="bbox 54 953 1691 1007; baseline 0.001 -15"><span class='ocrx_word' id='word_1_111' title='bbox 54 953 122 992; x_wconf 84' lang='lat' dir='ltr'><strong>Sic</strong></span> <span class='ocrx_word' id='word_1_112' title='bbox 152 954 198 992; x_wconf 82' lang='lat' dir='ltr'><strong>ad</strong></span> <span class='ocrx_word' id='word_1_113' title='bbox 227 953 336 992; x_wconf 89' lang='lat' dir='ltr'><strong>latam</strong></span> <span class='ocrx_word' id='word_1_114' title='bbox 368 953 464 991; x_wconf 92' lang='lat' dir='ltr'><strong>illam</strong></span> <span class='ocrx_word' id='word_1_115' title='bbox 497 959 534 992; x_wconf 77' lang='lat' dir='ltr'><strong>et</strong></span> <span class='ocrx_word' id='word_1_116' title='bbox 564 953 781 1003; x_wconf 81' lang='lat' dir='ltr'><strong>generalem</strong></span> <span class='ocrx_word' id='word_1_117' title='bbox 819 954 1156 1003; x_wconf 79' lang='lat' dir='ltr'><strong>significationem,</strong></span> <span class='ocrx_word' id='word_1_118' title='bbox 1201 967 1306 1007; x_wconf 88' lang='lat' dir='ltr'><strong>qnam</strong></span> <span class='ocrx_word' id='word_1_119' title='bbox 1343 967 1413 993; x_wconf 91' lang='lat' dir='ltr'><strong>nos</strong></span> <span class='ocrx_word' id='word_1_120' title='bbox 1451 967 1547 994; x_wconf 85' lang='lat' dir='ltr'><strong>nunc</strong></span> <span class='ocrx_word' id='word_1_121' title='bbox 1579 955 1691 995; x_wconf 94' lang='lat' dir='ltr'><strong>volu-</strong></span> 
     </span>
     <span class='ocr_line' id='line_1_13' title="bbox 53 1022 1693 1078; baseline 0.004 -19"><span class='ocrx_word' id='word_1_122' title='bbox 53 1034 154 1069; x_wconf 86' lang='lat' dir='ltr'><strong>mus,</strong></span> <span class='ocrx_word' id='word_1_123' title='bbox 185 1022 368 1061; x_wconf 87' lang='lat' dir='ltr'><strong>accedunt</strong></span> <span class='ocrx_word' id='word_1_124' title='bbox 399 1023 525 1060; x_wconf 89' lang='lat' dir='ltr'><strong>tunica</strong></span> <span class='ocrx_word' id='word_1_125' title='bbox 552 1023 755 1075; x_wconf 76' lang='lat' dir='ltr'><strong>palmula,</strong></span> <span class='ocrx_word' id='word_1_126' title='bbox 789 1022 948 1061; x_wconf 80' lang='lat' dir='ltr'><strong>braccae</strong></span> <span class='ocrx_word' id='word_1_127' title='bbox 980 1025 1186 1074; x_wconf 74' lang='lat' dir='ltr'><strong>virqatae:</strong></span> <span class='ocrx_word' id='word_1_128' title='bbox 1220 1022 1308 1075; x_wconf 89' lang='lat' dir='ltr'><strong>quid</strong></span> <span class='ocrx_word' id='word_1_129' title='bbox 1334 1025 1426 1062; x_wconf 88' lang='lat' dir='ltr'><strong>enim</strong></span> <span class='ocrx_word' id='word_1_130' title='bbox 1450 1025 1575 1063; x_wconf 88' lang='lat' dir='ltr'><strong>tunica</strong></span> <span class='ocrx_word' id='word_1_131' title='bbox 1595 1026 1693 1078; x_wconf 81' lang='lat' dir='ltr'><strong>pul-</strong></span> 
     </span>
     <span class='ocr_line' id='line_1_14' title="bbox 51 1090 1692 1145; baseline 0.002 -16"><span class='ocrx_word' id='word_1_132' title='bbox 51 1098 183 1140; x_wconf 65' lang='grc' dir='ltr'><strong>σηπία,</strong></span> <span class='ocrx_word' id='word_1_133' title='bbox 216 1091 373 1129; x_wconf 84' lang='lat' dir='ltr'><strong>braccae</strong></span> <span class='ocrx_word' id='word_1_134' title='bbox 393 1092 580 1142; x_wconf 68' lang='lat' dir='ltr'><strong>virqueue</strong></span> <span class='ocrx_word' id='word_1_135' title='bbox 611 1090 732 1139; x_wconf 88' lang='lat' dir='ltr'><strong>aliud,</strong></span> <span class='ocrx_word' id='word_1_136' title='bbox 766 1104 870 1143; x_wconf 87' lang='lat' dir='ltr'><strong>quam</strong></span> <span class='ocrx_word' id='word_1_137' title='bbox 893 1093 1036 1140; x_wconf 88' lang='lat' dir='ltr'><strong>tunica,</strong></span> <span class='ocrx_word' id='word_1_138' title='bbox 1058 1092 1242 1141; x_wconf 78' lang='lat' dir='ltr'><strong>braccae,</strong></span> <span class='ocrx_word' id='word_1_139' title='bbox 1275 1092 1309 1130; x_wconf 93' lang='lat' dir='ltr'><strong>in</strong></span> <span class='ocrx_word' id='word_1_140' title='bbox 1336 1093 1470 1144; x_wconf 91' lang='lat' dir='ltr'><strong>quibus</strong></span> <span class='ocrx_word' id='word_1_141' title='bbox 1494 1096 1582 1132; x_wconf 93' lang='lat' dir='ltr'><strong>sunt</strong></span> <span class='ocrx_word' id='word_1_142' title='bbox 1606 1094 1692 1145; x_wconf 86' lang='lat' dir='ltr'><strong>pal-</strong></span> 
     </span>
     <span class='ocr_line' id='line_1_15' title="bbox 53 1156 1692 1209; baseline 0.003 -12"><span class='ocrx_word' id='word_1_143' title='bbox 53 1172 157 1209; x_wconf 88' lang='lat' dir='ltr'><strong>mae,</strong></span> <span class='ocrx_word' id='word_1_144' title='bbox 190 1156 356 1208; x_wconf 58' lang='lat' dir='ltr'><strong>virgae?</strong></span> <span class='ocrx_word' id='word_1_145' title='bbox 389 1162 426 1198; x_wconf 92' lang='lat' dir='ltr'><strong>ut</strong></span> <span class='ocrx_word' id='word_1_146' title='bbox 458 1172 546 1203; x_wconf 84' lang='lat' dir='ltr'><strong>nos,</strong></span> <span class='ocrx_word' id='word_1_147' title='bbox 592 1160 651 1198; x_wconf 90' lang='lat' dir='ltr'><strong>ein</strong></span> <span class='ocrx_word' id='word_1_148' title='bbox 681 1161 929 1209; x_wconf 77' lang='lat' dir='ltr'><strong>gestreisteS,</strong></span> <span class='ocrx_word' id='word_1_149' title='bbox 970 1160 1028 1199; x_wconf 87' lang='lat' dir='ltr'><strong>ein</strong></span> <span class='ocrx_word' id='word_1_150' title='bbox 1058 1159 1312 1209; x_wconf 77' lang='lat' dir='ltr'><strong>gewiirfcltes</strong></span> <span class='ocrx_word' id='word_1_151' title='bbox 1345 1161 1471 1201; x_wconf 81' lang='lat' dir='ltr'><strong>Kleid.</strong></span> <span class='ocrx_word' id='word_1_152' title='bbox 1531 1162 1587 1202; x_wconf 92' lang='lat' dir='ltr'><strong>At</strong></span> <span class='ocrx_word' id='word_1_153' title='bbox 1617 1177 1692 1202; x_wconf 84' lang='lat' dir='ltr'><strong>un·-</strong></span> 
     </span>
     <span class='ocr_line' id='line_1_16' title="bbox 52 1228 1690 1283; baseline 0.002 -16"><span class='ocrx_word' id='word_1_154' title='bbox 52 1229 197 1267; x_wconf 81' lang='lat' dir='ltr'><strong>‹Iulutu</strong></span> <span class='ocrx_word' id='word_1_155' title='bbox 228 1240 300 1280; x_wconf 89' lang='lat' dir='ltr'><strong>quo</strong></span> <span class='ocrx_word' id='word_1_156' title='bbox 332 1240 447 1266; x_wconf 90' lang='lat' dir='ltr'><strong>sensu</strong></span> <span class='ocrx_word' id='word_1_157' title='bbox 473 1229 594 1266; x_wconf 85' lang='lat' dir='ltr'><strong>vestis</strong></span> <span class='ocrx_word' id='word_1_158' title='bbox 620 1229 764 1267; x_wconf 86' lang='lat' dir='ltr'><strong>dicatur</strong></span> <span class='ocrx_word' id='word_1_159' title='bbox 785 1228 966 1277; x_wconf 83' lang='lat' dir='ltr'><strong>Varroni,</strong></span> <span class='ocrx_word' id='word_1_160' title='bbox 999 1233 1037 1268; x_wconf 87' lang='lat' dir='ltr'><strong>et</strong></span> <span class='ocrx_word' id='word_1_161' title='bbox 1067 1230 1304 1281; x_wconf 73' lang='lat' dir='ltr'><strong>impluvium</strong></span> <span class='ocrx_word' id='word_1_162' title='bbox 1336 1230 1408 1268; x_wconf 87' lang='lat' dir='ltr'><strong>alia</strong></span> <span class='ocrx_word' id='word_1_163' title='bbox 1425 1230 1559 1269; x_wconf 91' lang='lat' dir='ltr'><strong>Plauto</strong></span> <span class='ocrx_word' id='word_1_164' title='bbox 1581 1231 1690 1283; x_wconf 87' lang='lat' dir='ltr'><strong>Epid.</strong></span> 
     </span>
     <span class='ocr_line' id='line_1_17' title="bbox 52 1296 1690 1354; baseline 0.003 -19"><span class='ocrx_word' id='word_1_165' title='bbox 52 1296 102 1335; x_wconf 88' lang='lat' dir='ltr'><strong>ll.</strong></span> <span class='ocrx_word' id='word_1_166' title='bbox 136 1313 186 1346; x_wconf 89' lang='grc' dir='ltr'><strong>ιι,</strong></span> <span class='ocrx_word' id='word_1_167' title='bbox 220 1300 285 1336; x_wconf 75' lang='lat'><strong>40.</strong></span> <span class='ocrx_word' id='word_1_168' title='bbox 325 1296 412 1334; x_wconf 77' lang='lat' dir='ltr'><strong>mihi</strong></span> <span class='ocrx_word' id='word_1_169' title='bbox 443 1296 588 1347; x_wconf 83' lang='lat' dir='ltr'><strong>quidem</strong></span> <span class='ocrx_word' id='word_1_170' title='bbox 619 1297 799 1336; x_wconf 87' lang='lat' dir='ltr'><strong>incertum</strong></span> <span class='ocrx_word' id='word_1_171' title='bbox 832 1300 913 1347; x_wconf 81' lang='lat' dir='ltr'><strong>est3</strong></span> <span class='ocrx_word' id='word_1_172' title='bbox 944 1310 990 1336; x_wconf 89' lang='lat' dir='ltr'><strong>an</strong></span> <span class='ocrx_word' id='word_1_173' title='bbox 1023 1299 1251 1337; x_wconf 78' lang='lat' dir='ltr'><strong>conformata</strong></span> <span class='ocrx_word' id='word_1_174' title='bbox 1281 1299 1318 1337; x_wconf 87' lang='lat' dir='ltr'><strong>in</strong></span> <span class='ocrx_word' id='word_1_175' title='bbox 1350 1300 1515 1349; x_wconf 84' lang='lat' dir='ltr'><strong>speciem</strong></span> <span class='ocrx_word' id='word_1_176' title='bbox 1548 1301 1690 1354; x_wconf 82' lang='lat' dir='ltr'><strong>implu-</strong></span> 
     </span>
     <span class='ocr_line' id='line_1_18' title="bbox 52 1362 1692 1419; baseline 0.002 -15"><span class='ocrx_word' id='word_1_177' title='bbox 52 1362 137 1405; x_wconf 61' lang='lat' dir='ltr'><strong>vii?</strong></span> <span class='ocrx_word' id='word_1_178' title='bbox 186 1366 243 1404; x_wconf 85' lang='lat' dir='ltr'><strong>Ita</strong></span> <span class='ocrx_word' id='word_1_179' title='bbox 273 1365 516 1404; x_wconf 84' lang='lat' dir='ltr'><strong>crediderim:</strong></span> <span class='ocrx_word' id='word_1_180' title='bbox 559 1368 597 1404; x_wconf 88' lang='lat' dir='ltr'><strong>nt</strong></span> <span class='ocrx_word' id='word_1_181' title='bbox 629 1369 688 1405; x_wconf 91' lang='lat' dir='ltr'><strong>est</strong></span> <span class='ocrx_word' id='word_1_182' title='bbox 719 1367 863 1415; x_wconf 86' lang='lat' dir='ltr'><strong>iugatio</strong></span> <span class='ocrx_word' id='word_1_183' title='bbox 895 1368 1021 1406; x_wconf 89' lang='lat' dir='ltr'><strong>vitium</strong></span> <span class='ocrx_word' id='word_1_184' title='bbox 1053 1368 1324 1419; x_wconf 74' lang='lat' dir='ltr'><strong>compluvium</strong></span> <span class='ocrx_word' id='word_1_185' title='bbox 1354 1367 1451 1418; x_wconf 90' lang='lat' dir='ltr'><strong>apud</strong></span> <span class='ocrx_word' id='word_1_186' title='bbox 1483 1367 1692 1408; x_wconf 90' lang='lat' dir='ltr'><strong>Varronem</strong></span> 
     </span>
     <span class='ocr_line' id='line_1_19' title="bbox 53 1434 1690 1487; baseline 0.002 -14"><span class='ocrx_word' id='word_1_187' title='bbox 53 1438 92 1473; x_wconf 93' lang='lat' dir='ltr'><strong>et</strong></span> <span class='ocrx_word' id='word_1_188' title='bbox 122 1434 291 1473; x_wconf 89' lang='lat' dir='ltr'><strong>Plinium.</strong></span> <span class='ocrx_word' id='word_1_189' title='bbox 323 1437 361 1473; x_wconf 73' lang='lat' dir='ltr'><strong>et</strong></span> <span class='ocrx_word' id='word_1_190' title='bbox 392 1435 602 1473; x_wconf 75' lang='lat' dir='ltr'><strong>indusium</strong></span> <span class='ocrx_word' id='word_1_191' title='bbox 636 1435 756 1473; x_wconf 83' lang='lat' dir='ltr'><strong>vestis</strong></span> <span class='ocrx_word' id='word_1_192' title='bbox 788 1434 897 1485; x_wconf 81' lang='lat' dir='ltr'><strong>Epid.</strong></span> <span class='ocrx_word' id='word_1_193' title='bbox 931 1435 978 1474; x_wconf 88' lang='grc' dir='ltr'><strong>ΙΙ.</strong></span> <span class='ocrx_word' id='word_1_194' title='bbox 1014 1451 1061 1484; x_wconf 92' lang='grc' dir='ltr'><strong>ιι,</strong></span> <span class='ocrx_word' id='word_1_195' title='bbox 1096 1437 1162 1473; x_wconf 76' lang='grc' dir='ltr'><strong>4ἶ.</strong></span> <span class='ocrx_word' id='word_1_196' title='bbox 1201 1436 1296 1474; x_wconf 85' lang='lat' dir='ltr'><strong>haud</strong></span> <span class='ocrx_word' id='word_1_197' title='bbox 1329 1435 1441 1475; x_wconf 89' lang='lat' dir='ltr'><strong>dubie</strong></span> <span class='ocrx_word' id='word_1_198' title='bbox 1473 1440 1553 1487; x_wconf 85' lang='lat' dir='ltr'><strong>est,</strong></span> <span class='ocrx_word' id='word_1_199' title='bbox 1595 1450 1690 1477; x_wconf 89' lang='lat' dir='ltr'><strong>con-</strong></span> 
     </span>
     <span class='ocr_line' id='line_1_20' title="bbox 53 1503 1690 1560; baseline 0.003 -20"><span class='ocrx_word' id='word_1_200' title='bbox 53 1506 209 1542; x_wconf 79' lang='lat' dir='ltr'><strong>formata</strong></span> <span class='ocrx_word' id='word_1_201' title='bbox 240 1503 274 1540; x_wconf 93' lang='lat' dir='ltr'><strong>in</strong></span> <span class='ocrx_word' id='word_1_202' title='bbox 306 1503 471 1552; x_wconf 84' lang='lat' dir='ltr'><strong>speciem</strong></span> <span class='ocrx_word' id='word_1_203' title='bbox 503 1503 652 1540; x_wconf 88' lang='lat' dir='ltr'><strong>indusii.</strong></span> <span class='ocrx_word' id='word_1_204' title='bbox 686 1505 723 1542; x_wconf 89' lang='lat' dir='ltr'><strong>ut</strong></span> <span class='ocrx_word' id='word_1_205' title='bbox 752 1505 884 1555; x_wconf 73' lang='lat' dir='ltr'><strong>pleuti</strong></span> <span class='ocrx_word' id='word_1_206' title='bbox 908 1504 1219 1554; x_wconf 83' lang='lat' dir='ltr'><strong>appellabantur,</strong></span> <span class='ocrx_word' id='word_1_207' title='bbox 1252 1504 1363 1543; x_wconf 89' lang='lat' dir='ltr'><strong>Festo</strong></span> <span class='ocrx_word' id='word_1_208' title='bbox 1389 1507 1568 1555; x_wconf 87' lang='lat' dir='ltr'><strong>testante,</strong></span> <span class='ocrx_word' id='word_1_209' title='bbox 1592 1520 1690 1560; x_wconf 80' lang='lat' dir='ltr'><strong>quo-</strong></span> 
     </span>
     <span class='ocr_line' id='line_1_21' title="bbox 51 1572 1692 1625; baseline 0.004 -16"><span class='ocrx_word' id='word_1_210' title='bbox 51 1585 132 1610; x_wconf 88' lang='lat' dir='ltr'><strong>rmn</strong></span> <span class='ocrx_word' id='word_1_211' title='bbox 160 1572 285 1623; x_wconf 83' lang='lat' dir='ltr'><strong>pedes</strong></span> <span class='ocrx_word' id='word_1_212' title='bbox 315 1572 481 1622; x_wconf 67' lang='lat' dir='ltr'><strong>sarmati</strong></span> <span class='ocrx_word' id='word_1_213' title='bbox 512 1578 605 1610; x_wconf 78' lang='lat' dir='ltr'><strong>sunt</strong></span> <span class='ocrx_word' id='word_1_214' title='bbox 636 1575 674 1611; x_wconf 84' lang='lat' dir='ltr'><strong>in</strong></span> <span class='ocrx_word' id='word_1_215' title='bbox 706 1574 877 1623; x_wconf 78' lang='lat' dir='ltr'><strong>speciem</strong></span> <span class='ocrx_word' id='word_1_216' title='bbox 907 1574 1127 1625; x_wconf 70' lang='lat' dir='ltr'><strong>sphingyum.</strong></span> <span class='ocrx_word' id='word_1_217' title='bbox 1173 1573 1259 1611; x_wconf 87' lang='lat' dir='ltr'><strong>Non</strong></span> <span class='ocrx_word' id='word_1_218' title='bbox 1286 1573 1411 1623; x_wconf 89' lang='lat' dir='ltr'><strong>magis</strong></span> <span class='ocrx_word' id='word_1_219' title='bbox 1435 1573 1507 1612; x_wconf 90' lang='lat' dir='ltr'><strong>hnc</strong></span> <span class='ocrx_word' id='word_1_220' title='bbox 1527 1576 1692 1625; x_wconf 85' lang='lat' dir='ltr'><strong>pertinet</strong></span> 
     </span>
     <span class='ocr_line' id='line_1_22' title="bbox 53 1638 1689 1696; baseline 0.002 -17"><span class='ocrx_word' id='word_1_221' title='bbox 53 1641 259 1679; x_wconf 82' lang='lat' dir='ltr'><strong>Plautinum</strong></span> <span class='ocrx_word' id='word_1_222' title='bbox 291 1638 398 1680; x_wconf 87' lang='lat' dir='ltr'><strong>illud,</strong></span> <span class='ocrx_word' id='word_1_223' title='bbox 431 1639 497 1677; x_wconf 91' lang='lat' dir='ltr'><strong>sed</strong></span> <span class='ocrx_word' id='word_1_224' title='bbox 531 1640 599 1677; x_wconf 91' lang='lat' dir='ltr'><strong>iam</strong></span> <span class='ocrx_word' id='word_1_225' title='bbox 631 1643 717 1678; x_wconf 85' lang='lat' dir='ltr'><strong>ante</strong></span> <span class='ocrx_word' id='word_1_226' title='bbox 742 1640 931 1689; x_wconf 89' lang='lat' dir='ltr'><strong>Plautum,</strong></span> <span class='ocrx_word' id='word_1_227' title='bbox 963 1644 1136 1692; x_wconf 91' lang='lat' dir='ltr'><strong>utputo,</strong></span> <span class='ocrx_word' id='word_1_228' title='bbox 1169 1642 1366 1692; x_wconf 88' lang='lat' dir='ltr'><strong>usitatum,</strong></span> <span class='ocrx_word' id='word_1_229' title='bbox 1398 1651 1522 1696; x_wconf 80' lang='lat' dir='ltr'><strong>nuptu</strong></span> <span class='ocrx_word' id='word_1_230' title='bbox 1546 1644 1689 1683; x_wconf 82' lang='lat' dir='ltr'><strong>verbu:</strong></span> 
     </span>
     <span class='ocr_line' id='line_1_23' title="bbox 51 1707 1692 1763; baseline 0.002 -16"><span class='ocrx_word' id='word_1_231' title='bbox 51 1721 146 1762; x_wconf 80' lang='lat' dir='ltr'><strong>qnae</strong></span> <span class='ocrx_word' id='word_1_232' title='bbox 178 1721 250 1748; x_wconf 94' lang='lat' dir='ltr'><strong>non</strong></span> <span class='ocrx_word' id='word_1_233' title='bbox 281 1710 368 1747; x_wconf 89' lang='lat' dir='ltr'><strong>sunt</strong></span> <span class='ocrx_word' id='word_1_234' title='bbox 399 1707 518 1747; x_wconf 84' lang='lat' dir='ltr'><strong>verba</strong></span> <span class='ocrx_word' id='word_1_235' title='bbox 548 1709 772 1761; x_wconf 76' lang='lat' dir='ltr'><strong>nupcz&#39;uliu,</strong></span> <span class='ocrx_word' id='word_1_236' title='bbox 804 1709 870 1748; x_wconf 89' lang='lat' dir='ltr'><strong>sed</strong></span> <span class='ocrx_word' id='word_1_237' title='bbox 902 1709 1009 1749; x_wconf 82' lang='lat' dir='ltr'><strong>velut</strong></span> <span class='ocrx_word' id='word_1_238' title='bbox 1040 1710 1319 1763; x_wconf 74' lang='lat' dir='ltr'><strong>deviryinutu,</strong></span> <span class='ocrx_word' id='word_1_239' title='bbox 1351 1714 1390 1751; x_wconf 90' lang='lat' dir='ltr'><strong>ut</strong></span> <span class='ocrx_word' id='word_1_240' title='bbox 1419 1712 1518 1750; x_wconf 86' lang='lat' dir='ltr'><strong>bene</strong></span> <span class='ocrx_word' id='word_1_241' title='bbox 1542 1712 1692 1752; x_wconf 85' lang='lat' dir='ltr'><strong>Acida-</strong></span> 
     </span>
     <span class='ocr_line' id='line_1_24' title="bbox 48 1777 1689 1830; baseline 0.002 -14"><span class='ocrx_word' id='word_1_242' title='bbox 48 1777 119 1817; x_wconf 88' lang='lat' dir='ltr'><strong>lins</strong></span> <span class='ocrx_word' id='word_1_243' title='bbox 151 1779 187 1816; x_wconf 92' lang='lat' dir='ltr'><strong>in</strong></span> <span class='ocrx_word' id='word_1_244' title='bbox 221 1777 311 1818; x_wconf 90' lang='lat' dir='ltr'><strong>Cas.</strong></span> <span class='ocrx_word' id='word_1_245' title='bbox 343 1791 380 1828; x_wconf 92' lang='lat' dir='ltr'><strong>p.</strong></span> <span class='ocrx_word' id='word_1_246' title='bbox 417 1780 508 1816; x_wconf 82' lang='lat'><strong>136.</strong></span> <span class='ocrx_word' id='word_1_247' title='bbox 556 1777 677 1826; x_wconf 79' lang='lat' dir='ltr'><strong>Igitur</strong></span> <span class='ocrx_word' id='word_1_248' title='bbox 709 1777 802 1816; x_wconf 85' lang='lat' dir='ltr'><strong>haec</strong></span> <span class='ocrx_word' id='word_1_249' title='bbox 833 1777 1029 1818; x_wconf 83' lang='lat' dir='ltr'><strong>translatio</strong></span> <span class='ocrx_word' id='word_1_250' title='bbox 1061 1781 1121 1819; x_wconf 90' lang='lat' dir='ltr'><strong>est</strong></span> <span class='ocrx_word' id='word_1_251' title='bbox 1151 1791 1173 1817; x_wconf 88' lang='lat' dir='ltr'><strong>a</strong></span> <span class='ocrx_word' id='word_1_252' title='bbox 1203 1779 1328 1830; x_wconf 87' lang='lat' dir='ltr'><strong>puella</strong></span> <span class='ocrx_word' id='word_1_253' title='bbox 1359 1781 1403 1818; x_wconf 89' lang='lat' dir='ltr'><strong>ad</strong></span> <span class='ocrx_word' id='word_1_254' title='bbox 1438 1781 1557 1819; x_wconf 85' lang='lat' dir='ltr'><strong>verba</strong></span> <span class='ocrx_word' id='word_1_255' title='bbox 1588 1783 1689 1820; x_wconf 88' lang='lat' dir='ltr'><strong>eius:</strong></span> 
     </span>
     <span class='ocr_line' id='line_1_25' title="bbox 49 1846 1689 1900; baseline 0.002 -15"><span class='ocrx_word' id='word_1_256' title='bbox 49 1859 154 1898; x_wconf 79' lang='lat' dir='ltr'><strong>quem</strong></span> <span class='ocrx_word' id='word_1_257' title='bbox 187 1847 222 1884; x_wconf 92' lang='lat' dir='ltr'><strong>in</strong></span> <span class='ocrx_word' id='word_1_258' title='bbox 254 1847 397 1884; x_wconf 91' lang='lat' dir='ltr'><strong>modum</strong></span> <span class='ocrx_word' id='word_1_259' title='bbox 430 1848 537 1885; x_wconf 88' lang='lat' dir='ltr'><strong>etiam</strong></span> <span class='ocrx_word' id='word_1_260' title='bbox 569 1846 693 1886; x_wconf 82' lang='lat' dir='ltr'><strong>verbu</strong></span> <span class='ocrx_word' id='word_1_261' title='bbox 732 1847 906 1885; x_wconf 89' lang='lat' dir='ltr'><strong>dicuntur</strong></span> <span class='ocrx_word' id='word_1_262' title='bbox 938 1855 1215 1900; x_wconf 75' lang='lat' dir='ltr'><strong>praetextata.</strong></span> <span class='ocrx_word' id='word_1_263' title='bbox 1275 1849 1501 1888; x_wconf 88' lang='lat' dir='ltr'><strong>Eumdemne</strong></span> <span class='ocrx_word' id='word_1_264' title='bbox 1532 1850 1569 1888; x_wconf 90' lang='lat' dir='ltr'><strong>in</strong></span> <span class='ocrx_word' id='word_1_265' title='bbox 1600 1863 1689 1889; x_wconf 90' lang='lat' dir='ltr'><strong>sen-</strong></span> 
     </span>
     <span class='ocr_line' id='line_1_26' title="bbox 49 1915 1690 1967; baseline 0.004 -15"><span class='ocrx_word' id='word_1_266' title='bbox 49 1929 127 1953; x_wconf 85' lang='lat' dir='ltr'><strong>snm</strong></span> <span class='ocrx_word' id='word_1_267' title='bbox 159 1916 440 1966; x_wconf 81' lang='lat' dir='ltr'><strong>interpreteriS,</strong></span> <span class='ocrx_word' id='word_1_268' title='bbox 485 1928 529 1954; x_wconf 90' lang='lat' dir='ltr'><strong>an</strong></span> <span class='ocrx_word' id='word_1_269' title='bbox 563 1916 638 1954; x_wconf 89' lang='lat' dir='ltr'><strong>alio</strong></span> <span class='ocrx_word' id='word_1_270' title='bbox 669 1916 800 1964; x_wconf 90' lang='lat' dir='ltr'><strong>modo,</strong></span> <span class='ocrx_word' id='word_1_271' title='bbox 834 1915 955 1955; x_wconf 90' lang='lat' dir='ltr'><strong>Plauti</strong></span> <span class='ocrx_word' id='word_1_272' title='bbox 987 1916 1104 1955; x_wconf 89' lang='lat' dir='ltr'><strong>locmn</strong></span> <span class='ocrx_word' id='word_1_273' title='bbox 1136 1916 1291 1956; x_wconf 91' lang='lat' dir='ltr'><strong>Trucul.</strong></span> <span class='ocrx_word' id='word_1_274' title='bbox 1322 1917 1370 1956; x_wconf 91' lang='lat'><strong>11.</strong></span> <span class='ocrx_word' id='word_1_275' title='bbox 1406 1933 1456 1967; x_wconf 87' lang='lat'><strong>11,</strong></span> <span class='ocrx_word' id='word_1_276' title='bbox 1489 1921 1556 1957; x_wconf 84' lang='lat'><strong>24.</strong></span> <span class='ocrx_word' id='word_1_277' title='bbox 1597 1933 1690 1958; x_wconf 82' lang='lat' dir='ltr'><strong>cen-</strong></span> 
     </span>
     <span class='ocr_line' id='line_1_27' title="bbox 49 1985 1691 2036; baseline 0.002 -14"><span class='ocrx_word' id='word_1_278' title='bbox 49 1992 128 2023; x_wconf 70' lang='lat' dir='ltr'><strong>tum</strong></span> <span class='ocrx_word' id='word_1_279' title='bbox 165 1988 342 2024; x_wconf 88' lang='lat' dir='ltr'><strong>coenatas</strong></span> <span class='ocrx_word' id='word_1_280' title='bbox 381 1992 539 2033; x_wconf 78' lang='lat' dir='ltr'><strong>noctes,</strong></span> <span class='ocrx_word' id='word_1_281' title='bbox 579 1985 751 2024; x_wconf 88' lang='lat' dir='ltr'><strong>dubitare</strong></span> <span class='ocrx_word' id='word_1_282' title='bbox 783 1985 934 2036; x_wconf 87' lang='lat' dir='ltr'><strong>possis:</strong></span> <span class='ocrx_word' id='word_1_283' title='bbox 976 1987 1115 2036; x_wconf 90' lang='lat' dir='ltr'><strong>poterit</strong></span> <span class='ocrx_word' id='word_1_284' title='bbox 1154 1985 1226 2024; x_wconf 88' lang='lat' dir='ltr'><strong>hoc</strong></span> <span class='ocrx_word' id='word_1_285' title='bbox 1263 1986 1395 2036; x_wconf 89' lang='lat' dir='ltr'><strong>modo,</strong></span> <span class='ocrx_word' id='word_1_286' title='bbox 1436 1989 1570 2026; x_wconf 88' lang='lat' dir='ltr'><strong>noctes</strong></span> <span class='ocrx_word' id='word_1_287' title='bbox 1612 2000 1691 2026; x_wconf 91' lang='lat' dir='ltr'><strong>cum</strong></span> 
     </span>
     <span class='ocr_line' id='line_1_28' title="bbox 52 2054 1691 2106; baseline 0.003 -15"><span class='ocrx_word' id='word_1_288' title='bbox 52 2065 168 2091; x_wconf 84' lang='lat' dir='ltr'><strong>coena</strong></span> <span class='ocrx_word' id='word_1_289' title='bbox 200 2054 438 2101; x_wconf 76' lang='lat' dir='ltr'><strong>coniunctaS,</strong></span> <span class='ocrx_word' id='word_1_290' title='bbox 471 2066 564 2105; x_wconf 87' lang='lat' dir='ltr'><strong>quae</strong></span> <span class='ocrx_word' id='word_1_291' title='bbox 596 2055 788 2093; x_wconf 85' lang='lat' dir='ltr'><strong>continent</strong></span> <span class='ocrx_word' id='word_1_292' title='bbox 819 2066 993 2103; x_wconf 84' lang='lat' dir='ltr'><strong>coenam,</strong></span> <span class='ocrx_word' id='word_1_293' title='bbox 1026 2057 1066 2093; x_wconf 90' lang='lat' dir='ltr'><strong>ut</strong></span> <span class='ocrx_word' id='word_1_294' title='bbox 1095 2067 1163 2106; x_wconf 86' lang='lat' dir='ltr'><strong>par</strong></span> <span class='ocrx_word' id='word_1_295' title='bbox 1194 2054 1299 2093; x_wconf 87' lang='lat' dir='ltr'><strong>locus</strong></span> <span class='ocrx_word' id='word_1_296' title='bbox 1324 2056 1374 2093; x_wconf 84' lang='lat' dir='ltr'><strong>sit</strong></span> <span class='ocrx_word' id='word_1_297' title='bbox 1397 2054 1555 2095; x_wconf 89' lang='lat' dir='ltr'><strong>Catonis</strong></span> <span class='ocrx_word' id='word_1_298' title='bbox 1586 2056 1691 2105; x_wconf 89' lang='lat' dir='ltr'><strong>loco;</strong></span> 
     </span>
     <span class='ocr_line' id='line_1_29' title="bbox 53 2121 1692 2178; baseline 0.004 -20"><span class='ocrx_word' id='word_1_299' title='bbox 53 2122 194 2172; x_wconf 86' lang='lat' dir='ltr'><strong>poterit</strong></span> <span class='ocrx_word' id='word_1_300' title='bbox 223 2123 292 2168; x_wconf 80' lang='lat' dir='ltr'><strong>ita,</strong></span> <span class='ocrx_word' id='word_1_301' title='bbox 332 2126 369 2160; x_wconf 91' lang='lat' dir='ltr'><strong>ut</strong></span> <span class='ocrx_word' id='word_1_302' title='bbox 408 2121 502 2160; x_wconf 80' lang='lat' dir='ltr'><strong>haec</strong></span> <span class='ocrx_word' id='word_1_303' title='bbox 541 2135 688 2175; x_wconf 85' lang='lat' dir='ltr'><strong>quoque</strong></span> <span class='ocrx_word' id='word_1_304' title='bbox 721 2123 914 2161; x_wconf 85' lang='lat' dir='ltr'><strong>translatio</strong></span> <span class='ocrx_word' id='word_1_305' title='bbox 948 2123 1019 2166; x_wconf 85' lang='lat' dir='ltr'><strong>sit,</strong></span> <span class='ocrx_word' id='word_1_306' title='bbox 1064 2126 1243 2162; x_wconf 86' lang='lat' dir='ltr'><strong>coenatas</strong></span> <span class='ocrx_word' id='word_1_307' title='bbox 1275 2127 1434 2174; x_wconf 78' lang='lat' dir='ltr'><strong>noctes,</strong></span> <span class='ocrx_word' id='word_1_308' title='bbox 1478 2137 1571 2177; x_wconf 81' lang='lat' dir='ltr'><strong>quas</strong></span> <span class='ocrx_word' id='word_1_309' title='bbox 1609 2127 1692 2178; x_wconf 88' lang='lat' dir='ltr'><strong>quis</strong></span> 
     </span>
     <span class='ocr_line' id='line_1_30' title="bbox 54 2191 1694 2246; baseline 0.004 -18"><span class='ocrx_word' id='word_1_310' title='bbox 54 2192 235 2228; x_wconf 72' lang='lat' dir='ltr'><strong>coenatus</strong></span> <span class='ocrx_word' id='word_1_311' title='bbox 266 2191 437 2241; x_wconf 83' lang='lat' dir='ltr'><strong>peragit.</strong></span> <span class='ocrx_word' id='word_1_312' title='bbox 499 2191 606 2244; x_wconf 78' lang='lat' dir='ltr'><strong>Quod</strong></span> <span class='ocrx_word' id='word_1_313' title='bbox 639 2193 826 2242; x_wconf 84' lang='lat' dir='ltr'><strong>praefero.</strong></span> <span class='ocrx_word' id='word_1_314' title='bbox 886 2193 1053 2232; x_wconf 79' lang='lat' dir='ltr'><strong>Solatos</strong></span> <span class='ocrx_word' id='word_1_315' title='bbox 1087 2193 1230 2231; x_wconf 89' lang='lat' dir='ltr'><strong>Plinius</strong></span> <span class='ocrx_word' id='word_1_316' title='bbox 1269 2194 1378 2239; x_wconf 85' lang='lat' dir='ltr'><strong>dicit,</strong></span> <span class='ocrx_word' id='word_1_317' title='bbox 1420 2193 1483 2246; x_wconf 85' lang='lat' dir='ltr'><strong>qni</strong></span> <span class='ocrx_word' id='word_1_318' title='bbox 1522 2193 1694 2235; x_wconf 86' lang='lat' dir='ltr'><strong>laborant</strong></span> 
     </span>
     <span class='ocr_line' id='line_1_31' title="bbox 54 2258 1692 2312; baseline 0.003 -16"><span class='ocrx_word' id='word_1_319' title='bbox 54 2271 100 2296; x_wconf 86' lang='lat' dir='ltr'><strong>eo</strong></span> <span class='ocrx_word' id='word_1_320' title='bbox 143 2258 292 2307; x_wconf 86' lang='lat' dir='ltr'><strong>morbo,</strong></span> <span class='ocrx_word' id='word_1_321' title='bbox 333 2260 399 2298; x_wconf 87' lang='lat' dir='ltr'><strong>scd</strong></span> <span class='ocrx_word' id='word_1_322' title='bbox 439 2260 598 2299; x_wconf 76' lang='lat' dir='ltr'><strong>solutus</strong></span> <span class='ocrx_word' id='word_1_323' title='bbox 640 2261 747 2298; x_wconf 75' lang='lat' dir='ltr'><strong>etlam</strong></span> <span class='ocrx_word' id='word_1_324' title='bbox 786 2261 935 2298; x_wconf 87' lang='lat' dir='ltr'><strong>morbus</strong></span> <span class='ocrx_word' id='word_1_325' title='bbox 976 2260 1177 2300; x_wconf 84' lang='lat' dir='ltr'><strong>dicebatur</strong></span> <span class='ocrx_word' id='word_1_326' title='bbox 1216 2263 1323 2312; x_wconf 88' lang='lat' dir='ltr'><strong>ipse,</strong></span> <span class='ocrx_word' id='word_1_327' title='bbox 1363 2263 1395 2300; x_wconf 93' lang='lat' dir='ltr'><strong>si</strong></span> <span class='ocrx_word' id='word_1_328' title='bbox 1438 2263 1532 2301; x_wconf 82' lang='lat' dir='ltr'><strong>tides</strong></span> <span class='ocrx_word' id='word_1_329' title='bbox 1564 2264 1692 2303; x_wconf 89' lang='lat' dir='ltr'><strong>Festo.</strong></span> 
     </span>
     <span class='ocr_line' id='line_1_32' title="bbox 56 2327 1692 2380; baseline 0.003 -14"><span class='ocrx_word' id='word_1_330' title='bbox 56 2328 218 2366; x_wconf 84' lang='lat' dir='ltr'><strong>Prorsus</strong></span> <span class='ocrx_word' id='word_1_331' title='bbox 248 2327 369 2366; x_wconf 87' lang='lat' dir='ltr'><strong>simile</strong></span> <span class='ocrx_word' id='word_1_332' title='bbox 399 2329 540 2368; x_wconf 79' lang='lat' dir='ltr'><strong>devoto</strong></span> <span class='ocrx_word' id='word_1_333' title='bbox 573 2331 738 2367; x_wconf 71' lang='lat' dir='ltr'><strong>cut-mini</strong></span> <span class='ocrx_word' id='word_1_334' title='bbox 777 2331 875 2368; x_wconf 79' lang='lat' dir='ltr'><strong>soret</strong></span> <span class='ocrx_word' id='word_1_335' title='bbox 905 2329 1098 2379; x_wconf 82' lang='lat' dir='ltr'><strong>vulgatum</strong></span> <span class='ocrx_word' id='word_1_336' title='bbox 1131 2331 1165 2369; x_wconf 93' lang='lat' dir='ltr'><strong>in</strong></span> <span class='ocrx_word' id='word_1_337' title='bbox 1197 2330 1409 2370; x_wconf 90' lang='lat' dir='ltr'><strong>Trinummo</strong></span> <span class='ocrx_word' id='word_1_338' title='bbox 1447 2331 1477 2370; x_wconf 94' lang='grc' dir='ltr'><strong>Ι.</strong></span> <span class='ocrx_word' id='word_1_339' title='bbox 1514 2348 1564 2380; x_wconf 90' lang='grc' dir='ltr'><strong>ιι,</strong></span> <span class='ocrx_word' id='word_1_340' title='bbox 1600 2336 1692 2373; x_wconf 81' lang='grc'><strong>149.</strong></span> 
     </span>
     <span class='ocr_line' id='line_1_33' title="bbox 54 2396 1694 2449; baseline 0.004 -15"><span class='ocrx_word' id='word_1_341' title='bbox 54 2396 292 2435; x_wconf 73' lang='lat' dir='ltr'><strong>maledictas</strong></span> <span class='ocrx_word' id='word_1_342' title='bbox 322 2397 482 2447; x_wconf 78' lang='lat' dir='ltr'><strong>fumus:</strong></span> <span class='ocrx_word' id='word_1_343' title='bbox 527 2398 646 2449; x_wconf 87' lang='lat' dir='ltr'><strong>qnod,</strong></span> <span class='ocrx_word' id='word_1_344' title='bbox 680 2397 769 2437; x_wconf 88' lang='lat' dir='ltr'><strong>licet</strong></span> <span class='ocrx_word' id='word_1_345' title='bbox 801 2398 1007 2437; x_wconf 85' lang='lat' dir='ltr'><strong>insolenter</strong></span> <span class='ocrx_word' id='word_1_346' title='bbox 1037 2399 1198 2449; x_wconf 89' lang='lat' dir='ltr'><strong>dictum,</strong></span> <span class='ocrx_word' id='word_1_347' title='bbox 1240 2401 1395 2449; x_wconf 86' lang='lat' dir='ltr'><strong>serrem,</strong></span> <span class='ocrx_word' id='word_1_348' title='bbox 1437 2401 1508 2438; x_wconf 88' lang='lat' dir='ltr'><strong>nisi</strong></span> <span class='ocrx_word' id='word_1_349' title='bbox 1540 2401 1590 2439; x_wconf 91' lang='lat' dir='ltr'><strong>ibi</strong></span> <span class='ocrx_word' id='word_1_350' title='bbox 1622 2404 1694 2440; x_wconf 89' lang='lat' dir='ltr'><strong>tam</strong></span> 
     </span>
     <span class='ocr_line' id='line_1_34' title="bbox 58 2465 1694 2522; baseline 0.003 -18"><span class='ocrx_word' id='word_1_351' title='bbox 58 2465 180 2504; x_wconf 76' lang='lat' dir='ltr'><strong>facilis</strong></span> <span class='ocrx_word' id='word_1_352' title='bbox 213 2468 364 2515; x_wconf 89' lang='lat' dir='ltr'><strong>praesto</strong></span> <span class='ocrx_word' id='word_1_353' title='bbox 405 2468 510 2505; x_wconf 86' lang='lat' dir='ltr'><strong>esset</strong></span> <span class='ocrx_word' id='word_1_354' title='bbox 548 2467 755 2506; x_wconf 82' lang='lat' dir='ltr'><strong>emendatio</strong></span> <span class='ocrx_word' id='word_1_355' title='bbox 792 2467 1029 2507; x_wconf 79' lang='lat' dir='ltr'><strong>maledicus.</strong></span> <span class='ocrx_word' id='word_1_356' title='bbox 1091 2468 1170 2507; x_wconf 88' lang='lat' dir='ltr'><strong>Sed</strong></span> <span class='ocrx_word' id='word_1_357' title='bbox 1209 2472 1333 2519; x_wconf 89' lang='lat' dir='ltr'><strong>certa,</strong></span> <span class='ocrx_word' id='word_1_358' title='bbox 1374 2469 1550 2522; x_wconf 86' lang='lat' dir='ltr'><strong>nulloque</strong></span> <span class='ocrx_word' id='word_1_359' title='bbox 1587 2471 1694 2509; x_wconf 91' lang='lat' dir='ltr'><strong>modo</strong></span> 
     </span>
     <span class='ocr_line' id='line_1_35' title="bbox 57 2534 1694 2589; baseline 0.003 -18"><span class='ocrx_word' id='word_1_360' title='bbox 57 2534 255 2583; x_wconf 86' lang='lat' dir='ltr'><strong>ambigua,</strong></span> <span class='ocrx_word' id='word_1_361' title='bbox 287 2534 563 2584; x_wconf 88' lang='lat' dir='ltr'><strong>participiorum</strong></span> <span class='ocrx_word' id='word_1_362' title='bbox 595 2549 697 2575; x_wconf 89' lang='lat' dir='ltr'><strong>suam</strong></span> <span class='ocrx_word' id='word_1_363' title='bbox 730 2539 894 2575; x_wconf 82' lang='lat' dir='ltr'><strong>naturam</strong></span> <span class='ocrx_word' id='word_1_364' title='bbox 927 2537 1163 2586; x_wconf 87' lang='lat' dir='ltr'><strong>exuentinm,</strong></span> <span class='ocrx_word' id='word_1_365' title='bbox 1195 2540 1233 2577; x_wconf 89' lang='lat' dir='ltr'><strong>et</strong></span> <span class='ocrx_word' id='word_1_366' title='bbox 1263 2541 1491 2589; x_wconf 85' lang='lat' dir='ltr'><strong>potestatem</strong></span> <span class='ocrx_word' id='word_1_367' title='bbox 1524 2539 1694 2578; x_wconf 86' lang='lat' dir='ltr'><strong>latiorem</strong></span> 
     </span>
     <span class='ocr_line' id='line_1_36' title="bbox 60 2602 1696 2657; baseline 0.002 -16"><span class='ocrx_word' id='word_1_368' title='bbox 60 2603 157 2641; x_wconf 88' lang='lat' dir='ltr'><strong>illam</strong></span> <span class='ocrx_word' id='word_1_369' title='bbox 197 2602 482 2649; x_wconf 89' lang='lat' dir='ltr'><strong>assumentium,</strong></span> <span class='ocrx_word' id='word_1_370' title='bbox 525 2604 698 2655; x_wconf 87' lang='lat' dir='ltr'><strong>exempla</strong></span> <span class='ocrx_word' id='word_1_371' title='bbox 734 2604 829 2644; x_wconf 87' lang='lat' dir='ltr'><strong>haec</strong></span> <span class='ocrx_word' id='word_1_372' title='bbox 867 2607 976 2654; x_wconf 91' lang='lat' dir='ltr'><strong>sunt,</strong></span> <span class='ocrx_word' id='word_1_373' title='bbox 1019 2618 1113 2657; x_wconf 86' lang='lat' dir='ltr'><strong>quae</strong></span> <span class='ocrx_word' id='word_1_374' title='bbox 1153 2605 1225 2645; x_wconf 89' lang='lat' dir='ltr'><strong>alio</strong></span> <span class='ocrx_word' id='word_1_375' title='bbox 1265 2607 1424 2646; x_wconf 83' lang='lat' dir='ltr'><strong>consilio</strong></span> <span class='ocrx_word' id='word_1_376' title='bbox 1455 2608 1627 2647; x_wconf 88' lang='lat' dir='ltr'><strong>Muretus</strong></span> <span class='ocrx_word' id='word_1_377' title='bbox 1658 2609 1696 2645; x_wconf 88' lang='lat' dir='ltr'><strong>et</strong></span> 
     </span>
     <span class='ocr_line' id='line_1_37' title="bbox 62 2670 1694 2723; baseline 0.001 -12"><span class='ocrx_word' id='word_1_378' title='bbox 62 2671 239 2721; x_wconf 83' lang='lat' dir='ltr'><strong>Scaliger</strong></span> <span class='ocrx_word' id='word_1_379' title='bbox 271 2671 307 2708; x_wconf 90' lang='lat' dir='ltr'><strong>in</strong></span> <span class='ocrx_word' id='word_1_380' title='bbox 340 2670 478 2710; x_wconf 80' lang='lat' dir='ltr'><strong>Catuli.</strong></span> <span class='ocrx_word' id='word_1_381' title='bbox 510 2672 638 2723; x_wconf 88' lang='lat' dir='ltr'><strong>Epith.</strong></span> <span class='ocrx_word' id='word_1_382' title='bbox 670 2674 715 2712; x_wconf 88' lang='lat' dir='ltr'><strong>P.</strong></span> <span class='ocrx_word' id='word_1_383' title='bbox 747 2677 783 2713; x_wconf 88' lang='lat' dir='ltr'><strong>et</strong></span> <span class='ocrx_word' id='word_1_384' title='bbox 813 2672 888 2712; x_wconf 81' lang='lat' dir='ltr'><strong>Th.</strong></span> <span class='ocrx_word' id='word_1_385' title='bbox 922 2677 988 2713; x_wconf 81' lang='lat'><strong>83.</strong></span> <span class='ocrx_word' id='word_1_386' title='bbox 1021 2674 1134 2713; x_wconf 88' lang='lat' dir='ltr'><strong>Bern.</strong></span> <span class='ocrx_word' id='word_1_387' title='bbox 1168 2674 1357 2715; x_wconf 86' lang='lat' dir='ltr'><strong>Martinus</strong></span> <span class='ocrx_word' id='word_1_388' title='bbox 1382 2676 1476 2715; x_wconf 89' lang='lat' dir='ltr'><strong>Var.</strong></span> <span class='ocrx_word' id='word_1_389' title='bbox 1500 2676 1605 2715; x_wconf 87' lang='lat' dir='ltr'><strong>Lect.</strong></span> <span class='ocrx_word' id='word_1_390' title='bbox 1626 2675 1694 2714; x_wconf 88' lang='lat'><strong>111.</strong></span> 
     </span>
     <span class='ocr_line' id='line_1_38' title="bbox 64 2740 1696 2796; baseline 0.003 -18"><span class='ocrx_word' id='word_1_391' title='bbox 64 2756 120 2779; x_wconf 71' lang='lat' dir='ltr'><strong>ix.</strong></span> <span class='ocrx_word' id='word_1_392' title='bbox 152 2740 331 2789; x_wconf 79' lang='lat' dir='ltr'><strong>afferunt,</strong></span> <span class='ocrx_word' id='word_1_393' title='bbox 364 2740 602 2791; x_wconf 83' lang='lat' dir='ltr'><strong>insepultum</strong></span> <span class='ocrx_word' id='word_1_394' title='bbox 632 2743 877 2795; x_wconf 73' lang='lat' dir='ltr'><strong>sepulturum</strong></span> <span class='ocrx_word' id='word_1_395' title='bbox 907 2740 990 2782; x_wconf 89' lang='lat' dir='ltr'><strong>Cic.</strong></span> <span class='ocrx_word' id='word_1_396' title='bbox 1016 2743 1183 2795; x_wconf 87' lang='lat' dir='ltr'><strong>Philipp.</strong></span> <span class='ocrx_word' id='word_1_397' title='bbox 1210 2743 1240 2783; x_wconf 90' lang='grc' dir='ltr'><strong>Ι.</strong></span> <span class='ocrx_word' id='word_1_398' title='bbox 1271 2760 1320 2793; x_wconf 88' lang='grc' dir='ltr'><strong>ιι,</strong></span> <span class='ocrx_word' id='word_1_399' title='bbox 1348 2749 1385 2784; x_wconf 87' lang='lat'><strong>5.</strong></span> <span class='ocrx_word' id='word_1_400' title='bbox 1418 2747 1595 2796; x_wconf 80' lang='lat' dir='ltr'><strong>innuptis</strong></span> <span class='ocrx_word' id='word_1_401' title='bbox 1621 2757 1696 2783; x_wconf 84' lang='lat' dir='ltr'><strong>nu-</strong></span> 
     </span>
     <span class='ocr_line' id='line_1_39' title="bbox 60 2806 1696 2866; baseline 0.001 -17"><span class='ocrx_word' id='word_1_402' title='bbox 60 2813 159 2863; x_wconf 75' lang='lat' dir='ltr'><strong>ptiis</strong></span> <span class='ocrx_word' id='word_1_403' title='bbox 191 2813 326 2860; x_wconf 87' lang='lat' dir='ltr'><strong>poetae</strong></span> <span class='ocrx_word' id='word_1_404' title='bbox 357 2821 417 2859; x_wconf 90' lang='lat' dir='ltr'><strong>ap.</strong></span> <span class='ocrx_word' id='word_1_405' title='bbox 452 2806 533 2847; x_wconf 81' lang='lat' dir='ltr'><strong>Cic.</strong></span> <span class='ocrx_word' id='word_1_406' title='bbox 565 2809 610 2847; x_wconf 89' lang='lat' dir='ltr'><strong>de</strong></span> <span class='ocrx_word' id='word_1_407' title='bbox 641 2810 748 2850; x_wconf 90' lang='lat' dir='ltr'><strong>Orat.</strong></span> <span class='ocrx_word' id='word_1_408' title='bbox 780 2811 851 2850; x_wconf 90' lang='grc' dir='ltr'><strong>ΙΙΙ.</strong></span> <span class='ocrx_word' id='word_1_409' title='bbox 884 2826 995 2851; x_wconf 68' lang='lat' dir='ltr'><strong>cvm.</strong></span> <span class='ocrx_word' id='word_1_410' title='bbox 1057 2812 1242 2862; x_wconf 84' lang='lat' dir='ltr'><strong>Scilicet,</strong></span> <span class='ocrx_word' id='word_1_411' title='bbox 1284 2814 1381 2866; x_wconf 88' lang='lat' dir='ltr'><strong>quod</strong></span> <span class='ocrx_word' id='word_1_412' title='bbox 1413 2813 1575 2862; x_wconf 77' lang='lat' dir='ltr'><strong>egregie</strong></span> <span class='ocrx_word' id='word_1_413' title='bbox 1606 2824 1696 2863; x_wconf 90' lang='lat' dir='ltr'><strong>per-</strong></span> 
     </span>
     <span class='ocr_line' id='line_1_40' title="bbox 64 2876 1698 2933; baseline -0.001 -16"><span class='ocrx_word' id='word_1_414' title='bbox 64 2882 218 2929; x_wconf 75' lang='lat' dir='ltr'><strong>ceperat</strong></span> <span class='ocrx_word' id='word_1_415' title='bbox 249 2878 447 2927; x_wconf 81' lang='lat' dir='ltr'><strong>Scaliger,</strong></span> <span class='ocrx_word' id='word_1_416' title='bbox 488 2876 664 2927; x_wconf 87' lang='lat' dir='ltr'><strong>Romani,</strong></span> <span class='ocrx_word' id='word_1_417' title='bbox 704 2891 810 2931; x_wconf 88' lang='lat' dir='ltr'><strong>quum</strong></span> <span class='ocrx_word' id='word_1_418' title='bbox 853 2881 1058 2930; x_wconf 86' lang='lat' dir='ltr'><strong>sentirent,</strong></span> <span class='ocrx_word' id='word_1_419' title='bbox 1098 2893 1204 2933; x_wconf 87' lang='lat' dir='ltr'><strong>quam</strong></span> <span class='ocrx_word' id='word_1_420' title='bbox 1244 2882 1336 2920; x_wconf 82' lang='lat' dir='ltr'><strong>felix</strong></span> <span class='ocrx_word' id='word_1_421' title='bbox 1375 2883 1410 2919; x_wconf 93' lang='lat' dir='ltr'><strong>in</strong></span> <span class='ocrx_word' id='word_1_422' title='bbox 1442 2881 1524 2928; x_wconf 86' lang='lat' dir='ltr'><strong>his,</strong></span> <span class='ocrx_word' id='word_1_423' title='bbox 1564 2877 1698 2928; x_wconf 76' lang='grc' dir='ltr'><em>γάμος</em></span> 
     </span>
     <span class='ocr_line' id='line_1_41' title="bbox 66 2939 1699 2999; baseline 0.004 -17"><span class='ocrx_word' id='word_1_424' title='bbox 66 2939 249 2997; x_wconf 64' lang='grc' dir='ltr'><strong>ἄγαμος,</strong></span> <span class='ocrx_word' id='word_1_425' title='bbox 282 2948 438 2999; x_wconf 88' lang='lat' dir='ltr'><strong>eiusque</strong></span> <span class='ocrx_word' id='word_1_426' title='bbox 469 2946 623 2997; x_wconf 79' lang='lat' dir='ltr'><strong>generis</strong></span> <span class='ocrx_word' id='word_1_427' title='bbox 653 2947 854 2986; x_wconf 86' lang='lat' dir='ltr'><strong>innumeris</strong></span> <span class='ocrx_word' id='word_1_428' title='bbox 884 2948 990 2998; x_wconf 88' lang='lat' dir='ltr'><strong>aliis,</strong></span> <span class='ocrx_word' id='word_1_429' title='bbox 1021 2961 1173 2988; x_wconf 89' lang='lat' dir='ltr'><strong>acumen</strong></span> <span class='ocrx_word' id='word_1_430' title='bbox 1204 2951 1371 2998; x_wconf 87' lang='lat' dir='ltr'><strong>inesset,</strong></span> <span class='ocrx_word' id='word_1_431' title='bbox 1409 2948 1580 2989; x_wconf 86' lang='lat' dir='ltr'><strong>aemulati</strong></span> <span class='ocrx_word' id='word_1_432' title='bbox 1612 2952 1699 2989; x_wconf 89' lang='lat' dir='ltr'><strong>sunt</strong></span> 
     </span>
     <span class='ocr_line' id='line_1_42' title="bbox 66 3014 1698 3069; baseline 0.002 -14"><span class='ocrx_word' id='word_1_433' title='bbox 66 3015 257 3060; x_wconf 87' lang='lat' dir='ltr'><strong>Graecos,</strong></span> <span class='ocrx_word' id='word_1_434' title='bbox 291 3028 475 3056; x_wconf 86' lang='lat' dir='ltr'><strong>successu</strong></span> <span class='ocrx_word' id='word_1_435' title='bbox 506 3014 646 3065; x_wconf 86' lang='lat' dir='ltr'><strong>impari.</strong></span> <span class='ocrx_word' id='word_1_436' title='bbox 688 3014 781 3054; x_wconf 90' lang='lat' dir='ltr'><strong>Nam</strong></span> <span class='ocrx_word' id='word_1_437' title='bbox 812 3016 987 3055; x_wconf 87' lang='lat' dir='ltr'><strong>nonnulla</strong></span> <span class='ocrx_word' id='word_1_438' title='bbox 1018 3018 1162 3069; x_wconf 91' lang='lat' dir='ltr'><strong>quidem</strong></span> <span class='ocrx_word' id='word_1_439' title='bbox 1194 3017 1464 3068; x_wconf 87' lang='lat' dir='ltr'><strong>suppeditabat</strong></span> <span class='ocrx_word' id='word_1_440' title='bbox 1491 3030 1611 3057; x_wconf 86' lang='lat' dir='ltr'><strong>sermo</strong></span> <span class='ocrx_word' id='word_1_441' title='bbox 1639 3018 1698 3058; x_wconf 87' lang='lat' dir='ltr'><strong>la-</strong></span> 
     </span>
    </p>
   </div>
  </div>
 </body>
</html>
