2006 3365
512 165 566 204 IN
598 164 816 205 VALERII
848 163 1086 205 CATONIS
1116 164 1298 205 DIRAS.
1635 170 1733 213 115

90 280 136 318 de
167 282 270 318 certo
302 279 457 331 quodam
490 278 628 329 milite,
662 280 728 318 sed
762 280 808 318 de
841 293 933 330 uno,
965 281 1134 333 quisquis
1160 280 1222 319 ille
1246 280 1316 331 sit,
1348 292 1368 319 e
1400 290 1544 332 genere
1568 279 1731 319 militum.

91 349 300 398 Propterea
331 361 484 399 semper
515 348 630 387 addit.
692 348 809 401 Quasi
840 349 959 387 dicat:
1007 350 1175 399 piscetur
1206 349 1289 394 ille,
1329 350 1390 401 qui
1421 361 1500 388 meo
1532 361 1628 398 agro
1660 362 1734 399 po-

88 416 224 464 tietur,
262 414 388 463 miles,
431 416 528 467 quod
568 429 691 465 genus
723 429 874 468 semper
915 417 1019 455 civili
1061 418 1209 455 crimine
1241 417 1377 456 crevit.
1436 417 1485 456 Et
1515 416 1612 470 quod
1644 417 1735 456 dicit

87 485 204 524 civili
235 486 419 531 crimine,
453 496 525 522 non
557 490 629 523 tam
661 484 797 523 bellum
829 485 943 523 civile
977 485 1117 535 ipsum,
1149 497 1254 535 quam
1279 484 1369 523 belli
1391 486 1516 524 civilis
1541 498 1732 534 caussam,

88 556 303 591 nascentem
344 565 393 590 ex
434 554 637 592 ambitione
677 556 789 605 atque
826 553 990 591 avaritia
1030 552 1254 591 discordiam
1295 554 1397 593 dicit.
1458 554 1588 593 Paullo
1620 559 1731 605 post:

92 622 229 676 Tuque
259 623 420 660 inimica
451 624 510 660 tui
541 636 694 675 semper
725 622 937 660 discordia
970 623 1090 659 civis.

172 690 302 728 Verba
333 703 354 728 a
385 693 548 729 crimine
580 703 696 741 usque
727 690 771 727 ad
804 688 958 727 alterum
991 703 1146 740 semper
1176 689 1316 728 omittit
1345 690 1448 729 Mon.
1470 691 1519 730 ΙΙ.
1554 691 1731 731 Burman-

86 770 176 808 nus,
209 770 313 810 quem
345 758 558 797 offendebat
589 759 772 805 crimine,
821 769 916 809 quae
951 770 1028 796 vox
1059 758 1182 796 statim
1214 771 1254 795 v.
1286 761 1354 796 82.
1387 760 1566 806 recurrit,
1613 763 1733 800 tentat

86 828 265 866 civili—
281 828 458 877 turbine,
480 827 540 866 vel
565 829 776 878 sanquine.
819 827 890 865 Est
914 838 1006 864 sane
1029 825 1167 878 aliquid
1189 827 1400 865 inconcinni
1421 828 1456 865 in
1482 829 1730 878 repetitione:

86 908 213 934 verum
247 896 280 934 id
314 908 383 934 nos
416 896 558 934 leniore
590 895 807 934 sustulimus
840 895 1019 934 remedio.
1102 897 1266 935 crimine
1296 898 1424 936 crevit
1454 895 1689 936 allitteratio.

222 1033 272 1071 V.
303 1036 370 1073 82.
434 1041 461 1074 0
487 1041 618 1075 MALE
646 1041 836 1082 DEVOTI,
862 1041 1153 1075 PRAETORUM
1180 1042 1401 1084 CRlMlNA,
1428 1042 1614 1077 AGELLI.

169 1101 386 1140 Pramrum
417 1098 602 1153 erimina]
634 1101 743 1150 Lego
776 1109 991 1154 raptorum.
1035 1105 1073 1139 ut
1103 1100 1221 1140 malae
1260 1102 1345 1140 fidei
1376 1115 1651 1153 possessores,
1695 1108 1732 1144 et

84 1170 192 1208 alieni
225 1172 442 1209 insessures
473 1172 639 1209 denotet.
673 1173 920 1208 SsALlGER·
979 1177 1205 1224 praetorum
1237 1173 1399 1210 crimine
1429 1170 1568 1210 Aldus.
1599 1173 1730 1223 scripti

82 1239 180 1290 apud
212 1253 268 1277 me
296 1247 503 1292 pratorum
533 1243 713 1279 erimina.
747 1245 953 1291 raptorum
984 1238 1180 1287 Scaliger.
1221 1251 1266 1277 an
1299 1241 1416 1289 sorte,
1455 1239 1730 1292 praedonum?

84 1309 151 1346 sed
182 1321 274 1346 vera
305 1309 493 1358 scriptura
525 1313 583 1347 est
612 1314 841 1360 praetorum
873 1310 1016 1346 crimen
1048 1308 1194 1358 (Ιᾳείῖί,
1230 1311 1270 1346 ut
1300 1308 1350 1346 sit
1381 1310 1630 1359 epexegesis,
1673 1312 1731 1349 sic

83 1378 199 1425 infra,
235 1377 341 1429 felia·
371 1391 504 1415 nomen
536 1378 680 1429 ayelli,
715 1376 811 1429 quod
845 1376 1023 1425 Scaliger
1054 1388 1124 1414 non
1156 1380 1261 1415 recte
1291 1378 1454 1428 accepit.
1499 1390 1580 1416 nam
1613 1381 1730 1430 τιθεί-

84 1447 170 1493 los,
205 1458 276 1483 non
309 1446 500 1495 ayellnm,
535 1446 673 1496 passim
710 1447 820 1483 vocat
852 1443 948 1482 hane
982 1444 1117 1482 villani.
1167 1449 1405 1483 HEINSIUS.
1505 1447 1652 1486 Heinsii
1684 1450 1728 1487 ad

85 1513 121 1551 h.
154 1514 178 1551 l.
211 1515 525 1564 disputationem,
558 1513 634 1551 levi
666 1513 866 1551 verborum
899 1514 1120 1551 traiectione.
1152 1517 1356 1553 correctam
1382 1514 1606 1566 dedigapud
1633 1517 1728 1555 ssur-

84 1595 250 1620 mannum
281 1582 420 1633 aliquid
454 1584 488 1620 in
522 1594 563 1619 ea
596 1582 779 1620 turbatum
813 1585 873 1620 est
904 1586 1035 1620 contra
1059 1585 1217 1621 mentem
1238 1582 1399 1621 Heinsii.
1432 1582 1587 1622 Scilicet
1610 1585 1729 1623 Hein-

83 1651 164 1687 sius
197 1664 265 1688 sua
296 1663 365 1688 nou
400 1651 572 1689 continuo
606 1651 746 1700 scripta
781 1650 1001 1701 reliquerat,
1034 1651 1101 1689 sed
1131 1651 1323 1702 dispersa,
1356 1651 1550 1702 adscripta
1572 1652 1632 1692 hic
1654 1653 1730 1692 illic

83 1719 315 1768 marginibus
348 1719 544 1757 librorum:
587 1719 683 1756 unde
716 1731 759 1756 ea
800 1719 959 1767 collegit
999 1731 1043 1757 ac
1074 1720 1265 1770 disposuit
1295 1720 1544 1759 Burmannus.
1602 1735 1728 1774 prae-

80 1795 206 1826 torum
237 1789 333 1827 inter
365 1787 486 1826 libros
519 1789 685 1837 scriptos
724 1800 840 1836 unius,
882 1787 944 1825 vel
987 1788 1083 1827 duo:
1128 1788 1327 1827 Mediceus
1366 1801 1426 1840 ap.
1460 1790 1727 1841 Burmannum,

82 1862 119 1894 et
151 1857 364 1895 Vossianus
397 1856 424 1894 l.
459 1857 490 1894 si
523 1858 547 1894 l'.
580 1870 612 1893 s.
645 1860 716 1895 tum
749 1855 890 1894 Aldina
911 1856 959 1894 ll.
993 1870 1027 1894 a.
1066 1859 1185 1895 1534.
1219 1857 1277 1905 (et
1308 1856 1402 1896 llaec
1425 1859 1571 1910 quidem
1590 1859 1728 1899 Prae-

80 1932 205 1964 torum
236 1938 314 1963 cum
347 1925 471 1963 littera
502 1927 603 1975 mai.)
646 1925 733 1965 MS.
766 1938 802 1977 q.
835 1926 871 1963 d.
904 1925 1041 1973 Pierii,
1082 1938 1214 1975 margo
1257 1927 1448 1977 Antverp.
1488 1931 1600 1979 atque
1640 1929 1727 1967 inde

82 2006 201 2042 marg.
235 1993 382 2042 Scalig.
416 1998 453 2032 et
479 1993 643 2039 pithoei,
668 1994 973 2037 Wernsdorfius,
996 1993 1219 2043 Putsehiusg
1252 1997 1290 2033 et
1319 1996 1376 2032 sic
1407 2007 1503 2034 nunc
1533 1997 1566 2034 in
1593 2009 1723 2035 exem-

82 2064 144 2114 plo
177 2062 282 2113 Lips.
316 2063 364 2100 V.
400 2063 426 2101 Ι.
462 2063 624 2112 legitur,
654 2070 885 2116 praetorum
917 2064 1098 2110 crimine,
1132 2076 1154 2101 a
1182 2075 1308 2113 manu,
1342 2075 1421 2102 cnm
1450 2063 1607 2113 glossa:
1641 2069 1725 2104 eri-

80 2134 181 2171 mine
211 2134 532 2182 mayislralunm.
580 2138 784 2185 raptorum
816 2131 1017 2169 Dillierrus
1049 2135 1087 2170 et
1110 2131 1304 2170 Arnoldus
1329 2144 1350 2171 e
1374 2134 1472 2171 coni.
1516 2133 1724 2183 Scaligeri.

79 2209 287 2253 pratorum
319 2202 351 2238 in
383 2200 537 2253 reliquis
570 2201 761 2250 omnibus,
794 2205 866 2239 tam
898 2200 1075 2251 scriptis,
1108 2204 1148 2239 ut
1177 2201 1314 2240 Pctav.
1338 2200 1484 2240 Thuan.
1513 2206 1586 2241 etc.
1619 2216 1725 2255 quam

83 2270 218 2318 editis,
261 2270 345 2306 inde
376 2282 395 2307 a
427 2271 629 2317 Romanis,
670 2271 778 2308 etiam
819 2271 854 2307 in
888 2269 1028 2308 Aldina
1059 2268 1089 2307 I.
1121 2282 1155 2308 a.
1192 2271 1312 2308 1517.
1354 2274 1391 2309 et
1430 2271 1608 2323 reliquiS,
1654 2273 1724 2311 nisi

82 2338 178 2390 quod
210 2351 448 2390 parcarum,
492 2352 586 2391 quae
618 2344 678 2377 est
708 2339 904 2376 manifesta
935 2339 1140 2387 correctio,
1181 2340 1215 2377 in
1248 2339 1401 2378 Monac.
1435 2339 1465 2378 Ι.
1501 2340 1658 2380 Vratisl.
1693 2341 1721 2380 Ι.

82 2406 234 2456 legitur.
282 2407 485 2445 Praeterea
517 2409 551 2445 in
583 2408 812 2460 Augustano
845 2406 880 2446 O
901 2407 1146 2447 maleclenoeo
1179 2409 1357 2459 seriptum
1391 2413 1492 2459 erat,
1525 2410 1593 2448 sed
1625 2410 1722 2463 quod

81 2477 205 2514 statim
249 2475 333 2524 ipse
377 2475 550 2514 librarius
587 2477 825 2521 emendavit,
867 2483 905 2515 et
946 2477 1027 2515 ini
1065 2478 1245 2527 mutavit3
1290 2478 1388 2517 mali
1423 2479 1458 2516 in
1500 2479 1721 2518 Mutinensi.

82 2543 231 2582 Deinde
263 2546 429 2583 erimina
460 2545 493 2582 in
525 2544 696 2595 vulgatis
727 2549 814 2584 ante
845 2546 1030 2595 Aldinas,
1072 2549 1111 2585 et
1141 2547 1176 2584 in
1209 2547 1389 2598 scriptis,
1432 2551 1584 2598 praeter
1614 2547 1719 2586 Mon.

82 2612 112 2651 Ι.
136 2616 174 2651 et
200 2612 309 2651 Vrat.
337 2612 365 2651 Ι.
398 2613 585 2662 omnihus,
618 2616 727 2654 etiam
757 2616 795 2653 in
825 2614 1028 2663 mediceo,
1060 2618 1100 2654 ut
1130 2615 1310 2654 coniicioz
1343 2627 1423 2654 nam
1453 2617 1619 2655 turbavit
1648 2616 1719 2654 ali-

81 2682 167 2733 quid
207 2682 242 2720 in
274 2681 347 2720 hoc
384 2681 514 2719 codice
546 2682 788 2721 Burmannus.
849 2685 1010 2722 crimine
1040 2683 1148 2722 Mon.
1179 2683 1210 2723 Ι.
1249 2684 1358 2723 Vrat.
1391 2684 1421 2723 I.
1461 2684 1719 2723 lensonianum

82 2749 275 2801 exemplar
305 2763 327 2788 a
357 2762 462 2788 manu
494 2749 622 2788 Gloss.
652 2751 791 2790 Aldina
820 2755 997 2804 utraque,
1030 2755 1068 2791 et
1097 2765 1148 2791 ex
1172 2753 1448 2792 recentioribus
1478 2753 1575 2792 Ven.
1599 2754 1717 2792 1544.

85 2821 206 2857 1555.
244 2823 362 2858 1558.
394 2819 485 2857 Bas.
523 2821 639 2857 1561.
672 2819 852 2870 Scaligg.
884 2820 984 2859 Pitli.
1015 2820 1064 2859 al.

167 2887 209 2926 ln
240 2887 300 2926 his
332 2887 419 2926 illud
452 2888 621 2939 ponimus
652 2890 830 2941 tamquam
854 2892 1012 2939 certum,
1046 2890 1141 2942 quod
1167 2890 1277 2929 etiam
1301 2890 1481 2929 Heinsius
1509 2888 1717 2938 intellexit,

83 2958 122 2994 et
153 2955 416 3005 Boxhornius‚
450 2958 555 2995 unice
586 2968 713 2995 verum
744 2970 832 2996 esse
861 2965 1104 3011 praetorum.
1142 2959 1291 2998 Deinde
1316 2959 1412 3010 quod
1440 2958 1716 2997 recentioribus

82 3023 246 3074 placuit,
279 3026 459 3073 crimine,
499 3035 679 3074 negamus
710 3025 796 3064 ren-i
828 3038 959 3077 posse.
1021 3027 1166 3078 Nempe
1207 3026 1296 3065 nihil
1327 3026 1423 3077 apud
1458 3029 1621 3065 nostrum
1653 3029 1716 3066 ol'-

1379 3097 1441 3141 8..
