2006 3365
286 132 352 175 27
353 131 386 175 8
884 123 1247 165 DISSERTATIO
1278 125 1346 164 ΙΙΙ.

285 246 325 282 ut
355 243 452 282 scite
481 240 741 280 animadvertit
780 238 961 290 Scaliger
992 252 1030 278 V.
1067 242 1159 278 102.
1221 240 1414 297 Quamvis
1455 242 1561 292 iynis
1592 243 1674 281 eris
1706 242 1780 279 etc.
1812 252 1914 278 eam-

283 312 364 349 dem
396 310 617 348 sententiam
649 321 737 348 esse
768 320 847 347 cum
879 309 1163 360 superioribus,
1195 321 1234 346 v.
1260 312 1326 346 96.
1357 308 1457 347 Sive
1485 311 1583 358 eris,
1615 316 1653 349 et
1685 311 1723 349 si
1747 323 1821 349 non
1841 311 1915 348 etc.

284 378 365 431 Quo
398 379 505 416 etiam
537 379 660 416 refero
691 377 810 417 locum
842 377 1012 427 Eclogae
1044 377 1088 415 de
1116 376 1267 427 Lydiae
1297 377 1333 415 in
1364 389 1459 426 agro
1491 379 1825 430 occupationibus,
1853 377 1915 416 ubi

281 451 338 485 ter
376 446 537 484 eamdem
579 447 828 485 coniecturam
876 459 978 485 suam
1018 444 1114 485 Cato
1155 446 1318 484 inserit:
1364 446 1448 493 sui,
1490 443 1664 493 Catonis,
1705 446 1916 484 meminisse

282 514 459 564 Lydiam,
486 528 525 553 v.
556 518 595 554 3.
629 529 668 553 v.
693 518 731 554 6.
752 520 789 554 7.
821 529 860 554 ν.
887 519 951 553 15.
1012 513 1146 566 Neque
1180 512 1558 564 conduplicationem,
1589 513 1845 564 palillogiam,
1878 517 1916 552 et

281 595 373 634 quas
404 583 497 621 alias
528 584 804 634 appellationes
835 584 1158 633 excogitaverunt
1195 583 1391 627 rhetores,
1425 583 1458 621 in
1491 586 1611 622 mente
1641 582 1787 630 habeo,
1821 582 1915 621 satis

281 649 436 698 Catoni,
468 664 513 691 ac
543 654 708 692 fortasse
740 650 875 692 Catoni
908 652 1098 704 aliquanto
1131 652 1276 701 magis,
1316 663 1422 703 quam
1453 651 1535 690 aliis
1567 653 1710 703 poetis,
1754 651 1820 689 sed
1853 654 1913 690 ta-

278 732 358 758 men
390 720 475 759 aliis
507 734 654 774 quoque
686 723 844 761 usitatas
875 722 1044 771 figuras:
1090 719 1173 759 Dir.
1205 734 1244 759 v.
1278 724 1315 758 2.
1349 724 1387 760 3.
1420 735 1517 760 rura
1547 734 1764 768 canamus,
1797 719 1915 759 Rara

279 789 422 844 quihus
462 790 578 830 diras
620 790 851 829 indiximus.
914 793 980 828 40.
1014 791 1080 827 41.
1122 795 1216 838 tua,
1248 795 1320 829 tua
1382 793 1447 829 48.
1483 793 1547 828 49.
1591 789 1757 837 Undae,
1813 802 1916 843 quae

274 861 428 898 vestris
457 858 642 910 pulsatis
674 859 812 897 littora
844 859 1044 911 lymphis,
1086 857 1268 905 Littera,
1313 872 1416 912 (sitae
1447 858 1580 898 (Iuleis
1612 863 1686 897 etc.
1748 862 1813 897 55.
1847 861 1914 896 56.

276 927 415 966 dieunt
452 933 639 981 portenta
676 934 845 976 natare,
885 928 1078 967 Monstra
1115 929 1335 979 repentinis
1375 929 1448 965 ete.
1513 930 1578 964 61.
1612 929 1679 965 62.
1711 927 1916 965 Dicuntur

275 1009 361 1035 mea
391 1010 489 1035 rara
517 997 647 1048 serum
676 1009 811 1036 viare:
844 1002 970 1036 nauta
1001 1002 1143 1035 caveto
1203 996 1320 1035 Rara
1354 996 1497 1051 quibus
1531 996 1648 1035 diras
1680 997 1912 1035 indiximus.

274 1066 341 1104 67.
365 1069 430 1105 68.
460 1065 651 1113 Flectite,
683 1066 850 1105 Flectite
926 1070 992 1104 80.
1018 1067 1085 1104 81.
1105 1064 1266 1104 advena
1292 1072 1455 1114 arator,
1482 1065 1655 1105 Advena
1687 1068 1725 1104 et
1756 1065 1788 1102 si
1820 1077 1915 1117 quae

274 1136 361 1173 sunt
391 1133 464 1173 alia
503 1134 697 1173 eiusmodi.
772 1133 878 1186 Quae
915 1134 1036 1171 onmia
1075 1145 1148 1171 non
1190 1135 1365 1184 fortuito,
1407 1135 1474 1173 sed
1516 1134 1689 1174 consulto
1728 1135 1785 1173 sic
1825 1146 1915 1172 esse

275 1201 378 1241 dicta
408 1215 429 1240 a
460 1205 574 1253 poeta
604 1202 803 1254 probabile
834 1206 906 1242 est.
966 1201 1061 1240 Illud
1093 1201 1289 1253 volebam,
1322 1216 1411 1242 suas
1437 1204 1555 1254 ipsius
1575 1203 1814 1255 loquutiones
1834 1201 1914 1242 Ca-

273 1273 398 1310 tonem
430 1270 523 1309 haud
556 1284 639 1310 raro
682 1275 857 1322 repetere
888 1272 925 1309 in
957 1270 1085 1309 eodem
1118 1271 1278 1309 carmine
1310 1271 1474 1310 diversis
1506 1271 1623 1319 locis,
1666 1270 1728 1309 vel
1762 1283 1811 1310 ex
1843 1283 1914 1309 uno

274 1340 435 1378 carmine
465 1352 656 1379 assumere
686 1341 722 1378 in
754 1339 931 1389 alterum,
962 1340 1048 1378 sive
1079 1339 1175 1391 quod
1209 1339 1350 1378 oblitus
1380 1342 1487 1378 esset
1515 1352 1557 1378 se
1578 1339 1650 1378 hoc
1674 1339 1744 1378 iam
1767 1339 1915 1377 dixisse

274 1408 326 1446 ita
356 1408 466 1459 alibi,
498 1410 604 1456 sive,
637 1422 745 1461 quum
777 1410 1029 1457 meminisset,
1063 1406 1196 1446 nullam
1230 1420 1317 1446 esse
1348 1409 1383 1446 in
1415 1408 1644 1459 repetitione
1670 1408 1915 1446 offensionem

276 1477 491 1516 crediderit.
566 1477 652 1516 Non
696 1480 747 1517 ita
784 1477 995 1528 Virgilius,
1035 1476 1220 1525 Ovidius,
1262 1476 1354 1514 alii:
1397 1477 1457 1528 qui
1499 1489 1605 1528 quum
1645 1489 1714 1515 sua
1755 1476 1913 1522 iterant,

276 1546 417 1584 maiora
447 1547 586 1585 faciunt
617 1546 839 1596 intervalla,
881 1549 919 1585 et
950 1548 1084 1585 iterant
1116 1544 1301 1584 consulto.
1364 1544 1470 1598 Quod
1509 1557 1635 1594 genus
1666 1546 1735 1583 iam
1768 1544 1915 1584 exclusi

276 1615 323 1653 ab
356 1613 426 1653 hac
456 1615 723 1665 disputatione.
785 1614 834 1654 Ut
865 1614 1069 1664 Virgilium
1103 1618 1275 1664 constat,
1322 1615 1527 1653 imitatione
1557 1614 1671 1652 moris
1702 1614 1913 1663 Homerici,

278 1696 346 1722 sua
378 1683 631 1728 hemistichia,
672 1686 848 1736 totosque
885 1696 1043 1733 versus,
1083 1682 1221 1722 leviter
1259 1686 1441 1731 mutatos,
1482 1684 1642 1733 iterare,
1689 1695 1760 1735 qua
1798 1683 1844 1721 de
1875 1694 1916 1721 re

277 1751 376 1790 inter
406 1752 501 1790 alios
533 1752 713 1790 Heinsius
745 1753 782 1791 in
814 1752 926 1801 Virg.
959 1751 1041 1790 Eel.
1074 1765 1111 1790 v.
1145 1753 1212 1790 37.
1233 1751 1336 1790 alibi.
1399 1750 1495 1791 Cato
1528 1752 1631 1791 Diris
1663 1765 1701 1789 v.
1731 1754 1799 1790 20.
1838 1750 1916 1791 Ve-

280 1823 389 1860 neris
420 1824 536 1860 vario
569 1821 751 1862 florentia
783 1828 895 1860 serta
928 1822 1069 1860 decore
1079 1849 1092 1869 ,
1135 1823 1173 1859 et
1203 1820 1341 1869 Eclog.
1374 1834 1413 1859 v.
1451 1824 1512 1860 13.
1544 1823 1711 1869 varios,
1750 1820 1915 1860 Veneris

281 1890 506 1942 stipendia,
537 1890 671 1943 flores.
732 1889 871 1939 Eelog.
904 1903 944 1928 v.
980 1893 1044 1929 13.
1078 1891 1116 1927 4.
1149 1891 1252 1928 inter
1281 1891 1450 1937 varios,
1490 1888 1653 1928 Veneris
1686 1889 1915 1941 stipendia,

281 1959 402 2011 flores
462 1958 647 1998 Membra
691 1960 925 2007 reclinarit,
967 1966 1219 2012 teneramque
1257 1958 1419 1997 illiserit
1457 1957 1630 1997 herbam.
1691 1961 1729 1996 et
1760 1962 1825 1996 66.
1858 1970 1917 2010 sq.

281 2035 417 2068 tenera
448 2032 601 2080 {juvisti
631 2029 781 2068 elidere
819 2031 859 2066 in
898 2028 1018 2068 herba
1058 2027 1293 2080 Purpureos
1336 2027 1484 2078 flores,
1520 2041 1557 2081 q.
1589 2028 1616 2065 ἰ.
1649 2027 1917 2066 accumbebat.

282 2096 420 2146 Eclog.
454 2110 492 2135 v.
525 2100 591 2137 36.
623 2099 661 2136 et
692 2101 758 2136 72.
788 2098 969 2150 ploravit
1000 2109 1168 2136 amores.
1227 2095 1365 2145 Eclog.
1400 2109 1437 2134 v.
1460 2097 1526 2135 37.
1560 2096 1643 2135 Cur
1672 2109 1747 2135 non
1777 2102 1816 2135 et
1845 2110 1918 2136 no-

283 2166 343 2205 bis
373 2167 518 2218 facilis
550 2172 698 2205 natm-a
726 2168 893 2218 suisset.
943 2169 981 2205 et
1012 2179 1050 2203 v.
1084 2166 1150 2203 Π.
1193 2164 1279 2222 Quo
1308 2165 1456 2216 facilis
1487 2172 1635 2203 natura
1664 2165 1758 2216 fuit.
1819 2164 1918 2204 Ibid.

286 2237 351 2274 43.
384 2235 570 2274 Conditio
602 2235 748 2274 similis
768 2234 1069 2274 —mortalihzts
1102 2234 1201 2273 illis.
1263 2235 1301 2271 et
1332 2246 1369 2271 v.
1392 2235 1458 2271 52.
1492 2233 1677 2272 Condilio
1708 2233 1822 2273 nobis
1853 2237 1920 2273 vi-

284 2310 365 2343 tae.
424 2303 520 2342 lbid.
552 2316 592 2341 v.
625 2307 691 2342 59.
732 2304 887 2343 Dulcia
919 2317 1031 2358 quemn
1070 2302 1233 2342 Veneris
1277 2302 1443 2353 furatus
1475 2303 1630 2354 qaudict
1657 2304 1822 2355 primum
1881 2305 1920 2342 et

283 2371 408 2424 paullo
447 2374 536 2423 post
577 2386 615 2410 v.
648 2375 715 2410 65.
748 2373 912 2411 Gaetdia
957 2372 1101 2411 libavit
1133 2370 1283 2410 dulcem
1310 2372 1477 2422 ficrcctus
1510 2385 1689 2412 amorem·
1796 2374 1920 2424 impia

285 2448 382 2481 vota
423 2440 593 2479 dilectam
644 2441 779 2481 Catoni
829 2442 1024 2480 dictionem
1071 2441 1189 2478 fuisse
1234 2439 1407 2479 dixeris:
1463 2439 1622 2479 habetur
1660 2441 1753 2479 enim
1791 2440 1919 2479 bisin

286 2522 403 2548 versu
434 2509 668 2558 intercalari,
700 2509 763 2547 vel
796 2509 1083 2549 intercalaribus
1115 2508 1249 2557 simili,
1282 2508 1364 2546 Dir.
1383 2513 1421 2548 3.
1452 2513 1517 2547 62.
1537 2512 1575 2548 et
1605 2510 1640 2548 in
1672 2522 1714 2549 re
1744 2510 1917 2559 diversa,

287 2579 424 2628 Eclog.
459 2581 524 2617 61.
556 2591 624 2628 pro
657 2591 727 2630 quo
759 2579 942 2616 Heinsius
973 2577 1086 2616 semel
1130 2577 1271 2616 invida
1308 2579 1405 2630 fata
1444 2579 1575 2630 reponi
1606 2578 1782 2625 iubebat,
1831 2577 1919 2616 vul-

287 2660 382 2696 gare
413 2659 457 2686 ac
497 2648 617 2686 tritum
657 2659 723 2697 pro
761 2647 975 2699 exquisito,
1017 2646 1159 2685 silicem
1199 2659 1267 2697 pro
1310 2659 1470 2696 gemma.
1531 2646 1674 2700 Quodsi
1706 2647 1742 2684 in
1774 2648 1919 2685 centum

289 2720 327 2755 et
357 2717 572 2765 octoginta,
613 2727 706 2767 quos
737 2717 884 2753 fortuna
929 2716 1122 2764 servavit,
1164 2712 1321 2754 Catonis
1352 2715 1529 2754 versibus
1561 2715 1633 2754 loci
1664 2714 1802 2753 similes
1833 2717 1920 2755 sunt

288 2799 333 2824 eo
367 2797 536 2833 numero,
570 2796 639 2821 nou
671 2784 843 2821 minorem
875 2785 995 2821 fuisse
1025 2795 1210 2822 numerum
1241 2784 1276 2822 in
1308 2783 1554 2831 carminibus,
1588 2795 1680 2835 quae
1711 2782 1918 2834 deperdita,

288 2854 513 2906 putabimus.
573 2852 674 2901 Tum¹
700 2850 819 2902 Cato,
860 2852 960 2903 quod
1001 2851 1121 2890 verba
1159 2852 1324 2902 attinet,
1362 2853 1496 2892 multus
1528 2854 1587 2890 est
1618 2852 1653 2889 in
1688 2851 1816 2889 verbis
1846 2852 1919 2890 iis-

288 2923 370 2962 dem
403 2924 553 2970 iterum,
586 2924 624 2961 et
654 2921 764 2959 brevi
795 2922 918 2971 spatio
951 2921 1180 2973 repetendis.

374 2991 591 3042 Virgilium,
631 2993 668 3031 ct
699 2991 759 3044 qui
788 2990 852 3030 alii
883 2990 1052 3040 Augusti
1081 2992 1206 3031 aetate
1235 2990 1370 3043 poesin
1401 2989 1550 3030 latinam
1574 2987 1841 3038 absolverunt,
1862 2987 1917 3028 le-
