2006 3365
832 576 957 645 111.

313 766 444 822 DE
498 764 787 823 POESI
842 763 1459 823 CATONIANA.

75 1145 131 1203 Si
161 1161 250 1201 nibil
283 1163 513 1212 argumentis
545 1162 651 1202 Diss.
683 1161 714 1201 I.
747 1164 786 1202 et
815 1161 866 1201 ΙΙ.
899 1161 1091 1212 expositis
1120 1160 1327 1200 addendum
1358 1160 1606 1210 haberemus,
1639 1175 1712 1215 pa-

73 1236 190 1272 ratum
223 1233 278 1281 ei,
313 1232 374 1284 qui
407 1232 513 1270 fidem
545 1230 734 1281 abrogare
765 1232 920 1270 invento
942 1230 1133 1282 Scaligeri
1165 1229 1307 1280 vellet,
1339 1231 1515 1281 effugium
1545 1234 1712 1272 maneret

74 1301 281 1340 eiusmodi:
324 1300 418 1339 haud
451 1300 562 1338 dubie
592 1298 721 1350 plures
752 1303 890 1351 poetas
923 1300 1060 1339 latinos
1091 1300 1233 1349 fuisse,
1274 1300 1335 1352 qui
1367 1300 1524 1350 Lydiam
1555 1300 1712 1353 aliquam

74 1373 138 1409 aut
167 1369 365 1409 habuerint
396 1382 436 1408 re
468 1381 578 1411 vera,
618 1372 681 1408 aut
722 1382 825 1408 suam
865 1381 910 1408 eo
942 1368 1088 1408 nomine
1120 1367 1399 1407 celebraverint
1430 1368 1610 1419 puellam,
1653 1373 1710 1409 at-

75 1451 146 1491 que
177 1439 276 1477 inter
308 1438 378 1477 lios
410 1439 574 1476 sortasse
606 1450 712 1476 unum
743 1438 885 1487 fuisse,
925 1439 1078 1488 praeter
1109 1436 1298 1475 Valerium
1338 1434 1540 1485 Catonem,
1580 1438 1711 1487 alium,

75 1507 137 1559 qui
170 1507 337 1546 amiserit
367 1519 518 1556 agrum,
551 1518 670 1559 eoque
702 1506 927 1556 feremodo‚
959 1519 1031 1558 quo
1050 1504 1167 1555 Cato,
1198 1506 1377 1545 amiserit.
1438 1506 1546 1545 Nunc
1572 1506 1713 1546 haecce

74 1577 235 1615 carmina
266 1577 322 1615 sic
353 1576 436 1626 ipsa
475 1577 574 1614 sacta
606 1587 694 1614 esse
725 1575 1034 1623 monstrabimus,
1078 1576 1118 1613 ut
1148 1573 1249 1612 nulla
1279 1575 1350 1612 nisi
1382 1573 1524 1613 Valerii
1556 1573 1713 1615 Catonis

72 1647 199 1683 aetate
230 1645 373 1694 scripta
403 1643 524 1682 videri
557 1643 732 1682 debeant.
793 1643 1098 1684 Demonstratio‚
1138 1644 1178 1681 ut
1208 1644 1352 1693 sentio,
1383 1655 1457 1681 non
1488 1644 1539 1682 ita
1570 1644 1711 1687 facilis.

72 1715 111 1752 et
142 1713 176 1751 in
209 1725 281 1765 qua
312 1724 449 1751 vereor
480 1715 520 1751 ut
550 1711 597 1750 ab
629 1712 727 1751 omni
766 1714 875 1763 parte
913 1712 1009 1750 satis
1049 1712 1194 1750 faciam.
1255 1711 1377 1751 Multa
1414 1712 1450 1750 in
1488 1713 1713 1765 quaestione

73 1782 138 1821 tali
171 1782 297 1821 insunt
337 1793 433 1833 quae
469 1780 603 1820 sentiri
648 1780 810 1829 debent,
852 1780 1100 1820 demonstrari
1142 1783 1343 1833 nequeunt.
1404 1781 1482 1821 Sed
1516 1784 1635 1820 tamen
1666 1782 1713 1820 ad

72 1863 222 1890 sensum
253 1850 349 1889 satis
395 1849 626 1889 confidenter
669 1861 862 1901 provoc0‚
907 1852 946 1888 ut
985 1862 1090 1902 quem
1133 1862 1355 1889 communem
1393 1849 1464 1889 hac
1501 1851 1645 1903 quidem
1677 1851 1715 1889 in

73 1932 115 1958 re
146 1931 225 1958 cum
255 1918 379 1957 multis
409 1917 551 1957 habere
582 1919 729 1958 videar.
791 1918 909 1958 Nemo
940 1920 1118 1958 inventus
1150 1922 1210 1958 est
1241 1922 1330 1970 post
1362 1919 1618 1968 Scangrmu,
1653 1920 1715 1971 qui

74 1989 294 2026 contrariam
326 1987 526 2036 Scaligero
564 1988 788 2026 sententiam
828 1988 1099 2039 profiteretur:
1146 1987 1243 2026 unde
1281 1999 1410 2026 omnes
1450 1988 1501 2026 ita
1541 1988 1713 2027 sensisse

73 2056 270 2107 probabile
302 2058 382 2104 est,
421 2059 460 2094 ut
499 2055 564 2095 ille
602 2056 746 2095 sensit:
787 2055 884 2108 quod
917 2056 953 2094 in
984 2056 1210 2094 carminibus
1242 2054 1398 2095 Catonis
1429 2056 1520 2094 insit
1549 2056 1596 2095 ab
1629 2056 1712 2095 ele-

74 2125 203 2176 gantia
235 2123 411 2174 Virgilii,
443 2123 670 2176 aliorumque
701 2124 782 2163 eius
813 2125 951 2163 aetatis
975 2128 1169 2175 poetarum
1190 2123 1368 2173 alienum,
1400 2136 1446 2163 eo
1478 2125 1584 2164 modo
1615 2125 1711 2163 alie-

73 2206 156 2233 num
189 2205 299 2243 esse,
340 2205 412 2232 non
445 2195 484 2232 ut
515 2195 674 2233 aetatem
704 2193 952 2244 posteriorem
989 2193 1186 2243 Virgilio,
1225 2192 1294 2232 sed
1325 2195 1364 2232 ut
1393 2192 1520 2244 paullo
1550 2194 1713 2245 priorem

74 2265 226 2312 arguat.

159 2331 200 2370 ld
232 2342 332 2381 ego,
373 2331 545 2384 quicquid
584 2333 666 2381 est,
706 2333 899 2387 antiquae
938 2331 1213 2384 simplicitatis
1255 2329 1507 2383 appellatione
1537 2342 1712 2383 compre-

74 2399 210 2439 hendo.

162 2468 340 2520 Incipiam
373 2469 419 2507 ab
451 2468 499 2507 iis
530 2481 623 2521 quas
654 2469 769 2509 liceat
807 2470 1057 2521 repetitiones
1088 2469 1215 2508 dicere
1247 2467 1418 2509 Catonis.
1478 2468 1564 2508 Non
1595 2482 1709 2508 vere-

73 2541 132 2578 tur
163 2537 258 2578 Cato
291 2537 409 2576 verba
439 2537 566 2576 cadem
603 2537 712 2577 brevi
744 2538 968 2587 intervallo,
1002 2538 1065 2577 vel
1095 2538 1330 2590 loquutiones
1361 2538 1485 2589 paullo
1515 2540 1601 2578 ante
1624 2551 1645 2577 a
1668 2551 1712 2578 se

73 2610 275 2658 usurpatas
306 2607 478 2656 integras
508 2606 651 2659 absque
682 2608 885 2647 mutatione
925 2611 1112 2659 repetere.
1172 2607 1257 2646 Non
1294 2606 1426 2659 loquor
1457 2607 1502 2646 de
1533 2608 1710 2646 versibus

73 2675 383 2721 intercalaribus,
416 2675 475 2728 qui
509 2675 543 2713 in
563 2675 666 2714 Diris
687 2675 787 2715 multi
808 2690 816 2715 ε
850 2677 1068 2729 quibuscum
1090 2676 1327 2727 comparandi
1351 2689 1487 2715 versus
1504 2676 1541 2715 in
1562 2675 1709 2726 Ecloga

77 2749 113 2785 1.
144 2749 184 2785 8.
217 2748 284 2784 20.
344 2744 476 2796 Neque
505 2743 602 2782 illam
634 2745 892 2795 repetitionem
923 2744 1034 2794 volo,
1073 2744 1155 2783 Dir.
1188 2747 1255 2783 26.
1288 2747 1326 2784 et
1356 2748 1424 2784 34.

525 2813 682 2852 multum
712 2815 865 2854 nostris
897 2821 1064 2853 cantata
1087 2813 1252 2854 libellis.

527 2883 680 2921 nostris
710 2886 844 2935 potius
877 2883 1024 2923 devota
1055 2883 1218 2923 libellis.

75 2963 170 3003 quae
200 2950 373 2991 consulto
403 2951 502 2990 sacta
531 2951 616 3000 est,
647 2952 687 2989 ut
716 2962 783 3000 per
812 2963 951 2991 versus
981 2951 1127 3003 simile,
1159 2951 1227 2991 sed
1259 2938 1377 2991 tamen
1409 2963 1481 2990 non
1512 2951 1606 2990 idem
1636 2964 1695 2991 so-

75 3022 209 3061 nantes
238 3021 444 3074 augeretur
464 3019 526 3060 vis
547 3018 811 3071 oppositionis.
870 3019 1005 3073 Neque
1023 3021 1289 3062 sententiarum
1310 3020 1571 3071 repetitionem
1597 3021 1701 3061 dico:
