2006 3365
246 128 313 172 96
802 123 1327 165 ANnquvesssloNes

247 240 371 281 Mare
397 241 524 292 set-nm
554 238 652 276 dixit
691 237 802 277 etiam
832 235 1003 277 Catullus
1041 239 1075 277 in
1108 237 1337 288 Galliambo‚
1376 240 1442 279 sed
1483 244 1664 294 tamquam
1695 252 1883 280 commune

245 309 356 346 maris
388 306 593 357 epitheton.
653 305 854 346 Caeterum
894 308 926 346 si
957 307 1042 359 quis
1074 306 1168 346 baec
1208 308 1259 346 ita
1298 309 1564 359 distinguenda
1604 322 1691 347 esse
1723 313 1881 349 conten-

246 377 362 415 derit:
394 381 542 423 nauta,
575 381 716 414 caveto
748 375 884 423 Rura,
918 379 956 415 ut
988 376 1188 427 compellet
1220 380 1363 415 nautam
1395 382 1527 428 poeta,
1560 390 1631 416 non
1657 377 1778 416 babeo
1810 391 1883 431 quo

246 456 326 482 eum
357 445 527 481 refutem.
588 442 708 482 Mirus
740 445 834 483 enim
867 449 927 484 est
958 446 991 484 in
1025 443 1169 485 Catone
1201 457 1302 483 amor
1333 446 1599 498 apostroplies.
1649 447 1728 486 Sed
1761 450 1882 486 tamen

244 511 306 550 hic
337 512 466 549 :lintius
498 513 596 551 foret
627 512 771 561 figurae
812 514 921 552 istius
952 514 1115 562 abusus,
1157 527 1264 567 quum
1304 516 1427 553 statim
1467 515 1539 554 alia
1577 519 1755 568 sequatur
1785 527 1884 567 apo-

244 579 402 631 strophe
434 593 473 619 v.
506 583 573 619 63.
605 582 813 635 Neptune,
845 586 881 622 et
914 595 1043 621 rursus
1074 582 1148 621 alia
1180 597 1217 621 v.
1253 585 1318 621 64.
1351 584 1535 624 Battare.

386 718 436 758 V·
470 720 535 756 62.
596 728 743 769 RURA,
771 729 942 771 oureus
968 730 1110 764 nmAs
1138 730 1406 771 inunximus,
1433 731 1563 764 ιΜΡιΑ
1593 730 1729 765 νοΤΑ.

244 785 306 827 Cl'.
348 801 386 826 v.
428 791 465 826 3.
541 788 589 826 Et
626 787 687 827 hic
723 802 870 841 quoque
908 793 1089 840 peccatur
1129 789 1309 829 nonnihil.
1381 792 1539 830 Duras.
1583 805 1618 845 q.
1658 792 1696 831 d.
1760 789 1882 830 Paris.

243 855 312 895 lv.
344 856 484 896 Ruras
514 855 682 896 Romana
712 857 742 896 Ι.
775 859 957 910 itemque,
990 859 1060 897 nisi
1092 858 1224 908 fallor,
1259 859 1426 898 Romana
1458 859 1507 898 ll.
1553 860 1777 900 induximus
1801 858 1882 898 Ve-

242 929 330 964 neta
362 924 502 964 Achat.
545 926 710 965 Ascens.
742 926 812 965 Ill.
858 927 982 977 Lugd.
1020 931 1141 967 1529.
1203 930 1324 980 impia
1365 935 1455 968 voto
1486 929 1626 967 Medic.
1685 928 1884 968 Sententia

241 993 466 1046 aliquantum
497 994 620 1033 differt
651 994 711 1034 hic
742 1008 879 1034 versus
909 1008 932 1034 a
963 1008 1079 1035 versu
1113 1001 1150 1036 3.
1212 997 1380 1049 Namque
1412 997 1487 1035 illle
1521 998 1628 1036 unice
1660 997 1885 1046 intelligun-

243 1065 302 1101 tur
332 1061 435 1100 dirae
464 1063 636 1113 priores,
669 1076 764 1115 quae
796 1067 902 1104 erant
934 1065 967 1103 in
1000 1065 1302 1117 Indiynacione3
1335 1065 1405 1105 hoc
1434 1066 1517 1105 loco
1543 1078 1614 1104 non
1637 1065 1755 1104 solum
1777 1064 1883 1114 illae,

242 1132 310 1170 sed
350 1131 460 1169 etiam
499 1133 731 1182 nuperrimae
769 1131 862 1181 hae,
903 1146 996 1186 quas
1034 1146 1131 1173 nunc
1169 1135 1319 1174 indicit:
1364 1135 1424 1174 vel
1464 1135 1589 1186 potius
1628 1134 1699 1173 hae
1737 1134 1884 1185 magis,

242 1211 347 1251 quam
379 1199 477 1238 illae.

326 1336 377 1376 V.
411 1340 477 1375 63·
530 1346 574 1380 Sl
600 1346 752 1381 MINUS
780 1347 920 1391 HAEC,
946 1348 1185 1391 NEPTUNE,
1212 1350 1336 1384 TUAS
1362 1350 1659 1385 lNFUNDlMUS
1691 1349 1854 1384 AURIS.

325 1406 372 1445 Si
400 1407 516 1445 minis
546 1403 638 1459 hen]
670 1407 801 1456 Lego:

467 1476 514 1515 Sa·
542 1479 668 1515 minus
699 1477 822 1526 haec,
856 1477 1064 1530 Neptune,
1095 1481 1176 1518 tuis
1209 1480 1454 1531 infundimus
1487 1482 1576 1519 iris.

240 1542 285 1583 Si
310 1543 428 1581 minus
451 1542 547 1582 haec
577 1545 782 1584 evomimus
814 1546 931 1595 digna
961 1547 1036 1585 tuis
1068 1547 1149 1586 iris.
1190 1547 1232 1586 Si
1266 1560 1336 1587 non
1369 1550 1463 1587 satis
1495 1549 1611 1599 digna
1641 1550 1727 1588 sunt
1756 1548 1881 1587 vindi-

240 1612 348 1651 cibus
379 1612 487 1650 undis
519 1613 614 1662 tuis,
648 1627 741 1666 quae
773 1615 1037 1666 imprecamur:
1071 1620 1132 1665 tu,
1164 1629 1185 1655 o
1219 1617 1373 1656 Battare
1405 1618 1533 1657 ssuinen
1565 1618 1678 1668 ades,
1710 1620 1748 1657 et
1778 1617 1884 1656 trade

240 1681 383 1720 diluvio
415 1681 598 1720 fluminum
630 1687 781 1722 nostros
813 1683 986 1734 dolores,
1018 1684 1090 1724 boc
1122 1689 1182 1725 est
1213 1699 1332 1734 agros
1365 1690 1537 1725 nostros:
1580 1699 1732 1739 quorum
1764 1687 1882 1725 amis-

240 1750 350 1789 sione
381 1750 567 1789 dolemus:
602 1755 640 1790 ut
670 1764 814 1790 amores
847 1756 1017 1797 nostros,
1052 1767 1158 1806 quem
1189 1767 1361 1793 amamus.
1425 1758 1673 1793 SCALIGER.
1735 1755 1883 1795 Similia

239 1809 334 1857 idem
366 1831 481 1870 supra
511 1820 556 1857 ad
590 1834 627 1858 v.
663 1824 698 1858 1.
769 1821 873 1860 Ante
905 1821 1037 1861 oculos
1077 1822 1243 1863 habebat
1275 1823 1454 1873 Scaliger
1484 1825 1704 1875 scripturam
1737 1823 1882 1874 vulga-

239 1891 330 1927 tam:
364 1900 444 1926 nam
477 1888 671 1937 vulgatum
704 1890 829 1928 dicere
862 1890 1012 1941 licebit,
1044 1893 1140 1944 quod
1175 1894 1208 1930 in
1244 1897 1374 1932 vetere
1400 1893 1565 1932 editione
1590 1897 1676 1931 ante
1696 1892 1881 1941 Aldinas,

240 1962 403 2007 excepta
435 1957 661 2007 Mutinensi,
696 1959 816 2003 omni⁷
850 1963 888 1998 et
919 1961 953 1998 in
986 1961 1172 1999 nonnullis
1204 1965 1292 2012 post
1325 1961 1505 2011 Aldinas‚
1539 1965 1577 2000 ut
1608 1960 1730 2011 Lugd.
1761 1964 1880 2000 1529.

241 2024 332 2064 Bas.
362 2029 482 2065 1543.
516 2026 676 2078 denique
708 2028 743 2066 in
776 2028 884 2067 codd.
919 2029 1009 2068 Bas.
1044 2029 1152 2068 Vrat.
1185 2030 1236 2069 11.
1269 2030 1386 2069 Voss.
1420 2030 1468 2069 11.
1501 2030 1664 2080 legitur:

467 2096 513 2135 Si
541 2098 668 2135 minus
703 2095 772 2135 heu
805 2096 989 2150 Neptune
1020 2099 1094 2137 tuis
1126 2100 1371 2151 infmzdz‘mus
1402 2100 1502 2137 aris:

241 2163 338 2215 quod
356 2163 542 2202 Domitius
562 2165 612 2203 ita
632 2166 922 2216 interpretatur:
947 2171 1073 2207 minus
1096 2169 1354 2219 infundimus.
1372 2171 1497 2208 minus
1515 2169 1654 2207 (lamus
1671 2181 1693 2207 o
1712 2173 1882 2221 neptune

239 2234 322 2271 tuis
344 2232 546 2272 altaribus
570 2248 686 2287 quam
707 2235 934 2275 debeamus.
959 2235 1088 2275 Gloss.
1101 2236 1150 2274 V.
1163 2236 1192 2274 Ι.
1211 2236 1401 2276 similiter:
1420 2239 1458 2275 si
1478 2250 1551 2276 non
1572 2244 1722 2277 tantum
1742 2239 1880 2276 saeri-

238 2301 406 2353 ficamus
437 2302 509 2340 tibi
538 2309 580 2341 nt
610 2304 715 2343 velis
747 2306 891 2344 audire
921 2311 1017 2344 vota
1048 2311 1203 2344 nostra.
1235 2305 1403 2344 similiter
1424 2306 1586 2354 Badius,
1617 2305 1879 2357 Boxliornius3

240 2369 445 2421 eodemque
477 2370 574 2409 redit
605 2371 778 2410 Salmasii
810 2373 1038 2423 explicatio,
1087 2375 1147 2426 qui
1187 2375 1237 2412 ita
1275 2373 1392 2413 locum
1429 2374 1600 2414 Arnoldo
1639 2374 1877 2425 explicabat:

240 2437 304 2486 Si,
337 2439 433 2489 quod
466 2438 710 2491 infundimus,
742 2442 861 2479 mimis
892 2443 1022 2491 suerit,
1064 2446 1100 2482 tu
1132 2442 1276 2492 saltim,
1309 2443 1485 2491 Battare,
1526 2446 1584 2483 sac
1616 2445 1691 2491 sis,
1725 2445 1762 2482 ut
1793 2455 1880 2481 rura

241 2506 329 2545 fiant
360 2506 524 2552 flumina,
559 2509 726 2560 quoniam
758 2511 873 2548 ferum
904 2523 1026 2559 mare,
1060 2512 1178 2550 invito
1210 2512 1406 2563 Neptuno,
1441 2513 1519 2551 fieri
1551 2516 1749 2564 nequeunt.
1793 2510 1876 2550 Ad-

241 2575 376 2614 debat:
416 2575 565 2614 Nullum
596 2577 817 2616 sacrificium
849 2580 924 2617 aris
956 2579 1078 2617 datum
1109 2580 1189 2618 sine
1220 2580 1453 2626 libamentis,
1493 2581 1540 2620 de
1571 2581 1706 2634 quibus
1737 2582 1877 2633 infun-

241 2643 334 2683 dere
364 2646 402 2682 et
430 2645 600 2696 fundere
632 2649 843 2696 usurpatur.
891 2647 1041 2686 Ferrem
1065 2649 1250 2697 sortasse,
1283 2650 1375 2698 etsi,
1406 2653 1446 2689 ut
1469 2649 1586 2688 libere
1612 2649 1742 2699 dicam,
1762 2661 1876 2700 pror-

240 2725 307 2750 sus
338 2713 545 2763 importuna
575 2716 635 2752 est
665 2715 799 2753 mentio
831 2715 1027 2765 sacrificii,
1069 2719 1107 2755 et
1138 2718 1323 2756 contraria
1354 2718 1512 2757 consilio
1544 2718 1713 2756 carminis
1745 2717 1874 2756 buius:

241 2780 363 2819 onmia
394 2780 525 2819 verbis
556 2782 706 2832 peragit
736 2785 862 2833 poeta.
981 2784 1187 2824 Praeterea
1226 2785 1325 2824 aliud
1364 2790 1424 2827 est
1455 2787 1490 2825 in
1521 2785 1728 2825 Mutinensi
1761 2784 1875 2825 Aldi-

241 2849 395 2901 nisque:

466 2918 514 2958 Si
542 2921 668 2958 minus
700 2917 793 2958 baec
825 2918 908 2968 (vel
937 2921 1026 2971 hec)
1060 2920 1112 2961 N.
1145 2921 1220 2961 tuis
1251 2925 1496 2975 infundimus
1527 2924 1648 2962 auris:

242 2983 504 3026 addicentibus
522 2986 631 3026 libris
649 2987 815 3038 scriptis.
833 2999 916 3027 nam
937 2989 1059 3040 haec,
1078 2988 1142 3028 vel
1162 2991 1248 3041 hec,
1269 2991 1307 3030 in
1323 2992 1459 3032 Petav.
1475 2991 1623 3031 Tbuan.
1642 2992 1813 3044 itemque,
1835 2995 1877 3033 ut
