2006 3365
501 127 553 167 ΙΝ
586 126 801 167 VALERH
834 126 1072 168 CATONIS
1102 126 1284 167 DlnAS.
1650 131 1716 175 27

164 241 269 280 Haec
299 241 345 279 de
377 241 622 292 inscriptione
661 245 825 281 tortasse
864 243 962 281 insto
1004 242 1177 292 longius:
1224 241 1292 281 sed
1334 240 1506 280 volebam
1545 241 1612 279 iam
1645 240 1717 280 hoc

78 309 252 360 exemplo
285 309 371 348 illud
403 314 633 358 monstrare,
666 311 761 362 qnod
788 309 924 348 deliine
949 312 1187 361 experiemur
1217 311 1395 361 saepius,
1427 321 1531 362 qnam
1554 310 1626 348 sibi
1656 310 1716 347 in-

79 380 136 417 ter
167 391 209 416 se
241 377 382 416 similes
413 378 487 417 sint
518 378 619 417 multi
652 379 736 417 libri
771 379 885 426 editi,
927 381 965 417 et
1003 391 1108 431 quam
1149 379 1340 418 serviliter
1378 378 1425 417 ab
1458 390 1528 417 uno
1560 378 1716 431 quodam

76 446 333 500 antiquissimo
365 447 528 498 pendere
559 447 719 487 soleant.

208 847 258 887 V.
296 851 329 886 l.
376 855 612 896 BATTARE,
634 854 853 889 CYCNEAS
880 854 1165 888 REPETAMUS
1193 854 1407 888 (ARMINE
1434 854 1603 888 VOCES.

162 913 352 969 Battare]
377 915 535 955 Videtur
560 916 737 954 Battarus
764 927 894 953 nomen
920 914 1046 964 fluvii,
1083 926 1177 962 non,
1211 917 1249 952 ut
1274 913 1395 952 voluit
1414 913 1619 963 Domitius,
1652 926 1717 952 ar-

74 984 195 1024 boris.
235 984 339 1023 Satis
361 985 454 1021 enim
477 983 627 1022 dill’erre
649 985 745 1022 inter
769 997 812 1021 se
837 988 927 1034 puto
953 982 1192 1030 Raetorum,
1220 986 1258 1022 et
1283 979 1516 1031 βάκκαριν,
1552 995 1646 1035 quae
1672 995 1718 1020 nc

76 1055 161 1104 ipsa
191 1064 338 1106 quoque
370 1052 482 1090 arbor
505 1055 586 1100 est,
618 1052 686 1090 sed
715 1051 844 1090 herba.
877 1051 1094 1104 Alloquitur
1121 1055 1239 1090 autem
1267 1063 1346 1090 eum
1373 1055 1545 1103 tanquam
1569 1063 1717 1090 numen.

75 1122 168 1163 Nan·
200 1121 303 1160 fluvii
338 1121 498 1159 Deorum
530 1120 786 1171 appellatione
817 1121 1102 1159 im'oeabantma
1146 1121 1250 1167 Iloc,
1282 1120 1344 1172 qui
1373 1119 1578 1169 diligenter
1604 1124 1719 1159 totum

74 1204 170 1242 opus
201 1189 434 1242 perlegerit,
467 1189 576 1228 facile
608 1189 795 1237 colligere
826 1190 964 1239 poterit
996 1202 1075 1227 eum
1108 1203 1157 1227 ex
1188 1188 1294 1237 aliis,
1332 1192 1404 1227 tum
1437 1202 1486 1227 ex
1518 1188 1603 1227 illo:

371 1259 549 1297 Battara
577 1258 800 1310 slumim'bets
832 1265 874 1297 ιιι
906 1266 1066 1297 nostros
1098 1258 1215 1296 trade
1246 1258 1417 1296 dolores.

75 1326 166 1368 Cum
198 1329 314 1378 enim,
347 1341 392 1366 ne
413 1327 578 1378 Neptuni
613 1327 760 1365 vindice
793 1326 1033 1365 inundatione
1065 1326 1257 1375 indignum
1291 1326 1377 1378 quid
1411 1325 1621 1376 protulerit,
1644 1338 1719 1364 ve-

76 1400 202 1445 retur,
234 1396 382 1434 mandat
414 1397 567 1434 Battaro
599 1394 735 1445 fluvio,
776 1398 814 1433 ut
845 1395 976 1434 saltem
1009 1396 1129 1433 virem
1161 1394 1327 1445 Neptuni
1367 1395 1449 1444 ipse
1479 1406 1598 1443 agros
1629 1407 1719 1432 suos

75 1464 218 1504 diluvio
250 1466 407 1516 operiat.

163 1529 366 1585 Cycneasj
401 1532 471 1586 Qui
504 1544 645 1571 ornnem
677 1544 832 1582 prorsus
864 1531 997 1570 salutis
1021 1544 1125 1582 spem
1152 1531 1391 1580 abiecerunt,
1424 1531 1598 1569 dicuntur
1626 1543 1719 1581 pro-

76 1601 298 1641 verbialiter
344 1597 388 1636 τὸ
436 1596 633 1636 κύκνειον
680 1592 813 1650 ᾄδειν.
887 1599 1052 1639 lulianus
1095 1595 1378 1648 Παφαβάτης.
1447 1597 1639 1635 «ἐνταῦθα
1682 1598 1725 1636 τί

75 1667 275 1719 πράττειν
307 1668 439 1719 ἐχρῆν
473 1662 607 1717 ἄνδρα
642 1667 726 1705 τῶν
758 1666 1019 1719 Πλάτωνος,
1064 1665 1138 1705 καί
1172 1665 1497 1717 ζίςιιστοτέλους
1532 1665 1721 1718 ζηλωτὴν

78 1735 327 1788 δογμάτωνς
372 1731 453 1789 ἅμα
487 1737 692 1789 ηεςιιορᾷν
724 1734 982 1787 ἀνθρώπους
1015 1735 1197 1783 α’θλιόυς
1237 1741 1325 1782 τοῖς
1364 1734 1564 1782 κλέπταις
1605 1734 1720 1774 ἐκδι-

75 1805 303 1856 δυμέιόυς,
340 1800 364 1857 ἢ
396 1804 502 1844 κατὰ
538 1805 722 1855 δύναμιν
755 1804 903 1850 αιῖτθῗς
936 1803 1137 1854 ιῖιιιυίἐιν,
1174 1799 1317 1854 οἶμαι,
1353 1802 1410 1850 ὠς
1447 1800 1524 1857 ἤδη
1560 1802 1605 1842 τὸ
1647 1804 1721 1842 κύ-

75 1890 215 1914 κνειον
237 1874 437 1929 ὲξςὶὸιιυσι
461 1873 531 1913 διὰ
554 1874 600 1912 τὸ
628 1872 832 1923 θεομισὲς
855 1873 1137 1926 ἐργαστήριον
1162 1875 1246 1912 τῶν
1270 1873 1494 1914 τοιούτων.
1531 1876 1601 1915 Est
1625 1888 1720 1925 ergo

74 1947 357 1998 despumatum,
391 1943 436 1983 τό
470 1942 668 1982 κύκνειον
700 1939 833 1997 ᾄδειν.
895 1946 972 1984 Sed
1006 1946 1040 1984 in
1073 1944 1217 1984 Iuliano
1248 1945 1334 1996 plus
1367 1948 1426 1983 est
1458 1941 1644 1994 ὲξᾴιὴιν,
1682 1947 1721 1983 ut

74 2016 309 2056 Deemetare
339 2017 435 2067 apud
471 2017 712 2065 Ciceronem,
746 2018 783 2054 et
815 2015 1078 2067 Depraeliari
1109 2014 1205 2065 apud
1238 2014 1445 2053 Horatium.
1494 2014 1579 2061 An,
1612 2025 1719 2064 quum

75 2084 176 2123 dicat
206 2085 412 2124 Suetonius
443 2084 543 2124 hello
568 2084 724 2123 Sullano
747 2085 1002 2134 patrimonium
1034 2084 1229 2127 amisisse,
1264 2084 1344 2122 eius
1376 2084 1459 2132 agri
1493 2083 1528 2120 in
1561 2080 1721 2121 Corsica

74 2153 195 2192 insula
226 2156 394 2203 fuerunt,
427 2167 533 2206 quum
565 2155 600 2192 in
633 2166 711 2192 eam
736 2153 947 2192 Haterium
977 2152 1169 2192 Coloniam
1202 2152 1402 2191 deduxerit
1434 2150 1563 2195 Sulla,
1595 2151 1721 2202 ibique

75 2234 193 2271 agros
224 2223 418 2261 veteranis
450 2223 529 2262 suis
551 2223 834 2271 assignaverit,
867 2225 1071 2273 propterea
1095 2221 1258 2260 dicemus
1283 2220 1482 2270 legendum
1506 2232 1595 2258 esse
1615 2220 1720 2271 (fyr-

74 2305 199 2339 neas,
239 2303 311 2330 non
349 2288 566 2345 Cyn-neas?
627 2291 729 2331 Sane
761 2295 799 2331 et
830 2292 914 2342 ipse
952 2291 1048 2329 infra
1089 2302 1209 2340 agros
1249 2302 1340 2329 suos
1381 2290 1469 2328 mari
1501 2288 1589 2327 allui
1621 2288 1719 2327 indi-

76 2364 136 2398 cat
166 2358 264 2398 illis:

393 2429 551 2480 Undae,
585 2443 688 2483 (suste
718 2432 869 2469 nostris
898 2429 1082 2481 pulsatis
1115 2428 1236 2468 litora
1268 2427 1390 2480 linfi's.

75 2498 125 2536 Et
157 2496 333 2536 Haleriae
371 2509 502 2538 nomen
540 2499 636 2536 satis
677 2498 926 2541 demonstrat,
972 2498 1186 2536 maritimum
1227 2496 1346 2535 locum
1386 2497 1524 2545 fuisse,
1566 2508 1644 2534 cum
1685 2495 1718 2533 id

76 2567 234 2606 nominis
275 2578 347 2604 non
386 2567 456 2604 nisi
496 2568 687 2606 maritimis
727 2568 945 2606 civitatibus
984 2567 1258 2617 imponeretur,
1301 2568 1339 2604 ut
1378 2568 1532 2604 aninotat
1571 2565 1720 2603 Festus.

77 2635 173 2688 Quid
205 2635 301 2687 quod
334 2632 537 2673 Guattarus
568 2635 690 2674 adhuc
721 2636 898 2675 fluviolus
931 2638 991 2674 est
1022 2636 1056 2673 in
1089 2634 1247 2674 Corsica
1279 2634 1398 2673 insula
1430 2636 1526 2673 inter
1556 2633 1720 2683 oppidu-

77 2703 147 2743 lum
179 2702 428 2749 Coassinum,
462 2705 498 2741 et
530 2703 742 2743 Haleriam?
802 2703 853 2743 Ut
884 2717 975 2743 sane
1008 2705 1185 2743 Battarus
1218 2716 1308 2742 esse
1341 2704 1533 2749 videatur,
1566 2700 1630 2753 qui
1661 2701 1722 2740 hic

77 2771 289 2824 appellatur
318 2784 340 2809 a
370 2774 495 2822 poeta.
550 2772 655 2825 Quod
688 2773 721 2811 si
754 2786 883 2812 verum
914 2776 997 2823 est,
1030 2774 1151 2812 onmia
1182 2774 1432 2821 conveniunt,
1465 2785 1542 2811 eum
1574 2775 1612 2810 et
1637 2771 1720 2809 Ila-

78 2840 172 2881 leria
202 2842 327 2893 possit
359 2853 447 2879 esse
480 2852 523 2878 ea
555 2840 735 2891 Colonia,
769 2842 814 2881 de
847 2855 919 2895 qua
951 2843 1070 2881 innuit
1100 2845 1236 2893 poeta,
1280 2844 1318 2880 et
1350 2846 1487 2880 certum
1519 2840 1570 2879 sit
1601 2839 1720 2879 dedu-

79 2913 173 2949 ctam
198 2922 220 2949 a
240 2909 371 2959 Sulla,
404 2912 443 2948 ut
473 2911 512 2948 et
543 2909 788 2951 certissimum
820 2914 881 2951 est
907 2923 1025 2962 agros
1057 2910 1166 2950 huius
1197 2913 1334 2962 poetae
1357 2911 1578 2958 assignatos
1600 2909 1720 2949 fuisse

79 2978 247 3021 Sullanis
277 2978 466 3019 militibus.
