2006 3365
506 198 561 238 lN
593 198 812 239 VALERH
845 198 1082 240 CATONIS
1113 198 1297 240 DlRAS.
1632 204 1730 247 117

81 313 295 365 appellant,
338 314 374 352 in
406 325 450 352 ea
482 314 736 364 appellatione
768 315 936 365 primitus
967 313 1063 353 haud
1097 315 1210 354 dubie
1246 315 1435 365 propriam
1469 313 1624 365 pluralis
1657 316 1729 352 vim

82 395 185 420 suam
218 380 439 429 obtinebat,
471 381 556 419 sive
589 379 661 419 boc
691 382 767 420 sibi
802 381 985 431 voluerit,
1018 385 1146 421 varias
1178 385 1212 421 in
1247 396 1318 422 una
1342 383 1468 434 puella
1490 385 1618 422 inesse
1643 383 1729 421 ille-

83 449 240 492 cebras,
276 453 313 487 et
345 449 455 487 multa
489 462 605 500 posse
636 463 685 488 ex
717 463 788 488 una
820 450 945 501 puella
975 452 1116 499 gaudia
1147 453 1255 502 capi,
1288 466 1396 504 quem
1422 453 1456 490 iu
1481 465 1631 490 sensum
1662 465 1729 489 no-

82 522 162 557 ster
195 518 314 555 infra:
359 519 524 557 Gaudia
557 532 711 570 semper
740 521 839 558 enim
869 526 940 558 tua
970 533 1028 558 me
1056 523 1282 559 meminisse
1311 521 1468 570 licebit3
1501 521 1585 559 sive
1616 520 1731 571 iliud,

82 586 178 638 quod
214 587 322 625 etiam
356 587 510 631 fortius,
554 588 708 626 amatori
742 586 901 638 puellam
944 599 1032 625 esse
1073 588 1192 626 instar
1231 588 1454 637 gaudiorum
1486 590 1661 627 omnium:
1695 593 1732 628 at

82 654 155 694 hoc
188 667 259 693 non
293 668 443 705 semper
483 657 753 704 cogitaverunt
793 657 1017 705 scriptores.
1078 656 1233 695 Habent
1264 657 1358 694 enim
1391 656 1462 694 boe
1493 657 1732 709 loquutiones

83 724 287 772 eiusmodi,
330 726 368 761 ut
399 723 510 762 multo
544 737 611 761 usu
643 724 830 774 propriam
863 724 940 761 vim
981 736 1084 762 suam
1115 726 1308 773 amittant,
1351 728 1389 763 et
1420 724 1508 763 nihil
1542 729 1580 764 ut
1611 729 1733 765 restet

82 791 156 830 nisi
191 791 491 830 blandimentum.
537 794 583 830 ct'.
616 791 698 830 Ecl.
732 795 800 830 20.
834 794 901 830 45.

168 860 242 899 lam
276 861 322 899 de
351 860 608 913 praetoribus
648 860 847 898 videndum
886 863 958 899 est.
1020 859 1136 912 Quam
1170 862 1204 899 in
1243 874 1319 899 rem
1361 874 1456 913 quae
1489 861 1733 900 Boxhornius

82 929 272 980 disputat,
306 929 367 981 qui
400 929 445 966 de
476 941 571 979 agro
603 930 668 977 agi
701 928 957 967 creditoribus
990 929 1150 968 Catonis
1181 929 1331 968 addicto
1364 930 1438 968 sibi
1466 933 1734 980 persuaserat,

83 998 156 1036 etsi
190 998 386 1048 perinepta
417 1000 525 1045 sunt,
563 997 597 1035 id
630 1000 751 1036 tamen
786 997 873 1036 boni
908 997 1071 1047 habent,
1114 999 1211 1050 quod
1245 997 1309 1037 ille
1348 998 1394 1036 de
1428 1000 1531 1037 veris
1563 1011 1608 1037 ac
1640 1011 1734 1049 pro-

85 1067 166 1117 prie
198 1067 310 1104 dietis
339 1065 596 1118 praetoribus
627 1067 692 1115 agi
726 1065 762 1104 h.
796 1065 818 1104 l.
853 1065 1054 1104 intellexit.
1107 1067 1199 1105 Nam
1233 1066 1329 1119 quod
1359 1066 1543 1106 Putscbio
1569 1069 1603 1105 in
1629 1080 1733 1106 men-

85 1140 158 1174 tem
193 1135 319 1181 venit,
351 1141 562 1187 praetores
590 1147 610 1172 a
635 1135 782 1174 Catone
814 1135 885 1173 dici
919 1134 1007 1173 belli
1039 1136 1165 1174 civilis
1190 1136 1329 1184 duces,
1362 1148 1467 1187 quam
1491 1138 1600 1175 etiam
1622 1150 1735 1175 meam

85 1204 170 1242 olim
209 1205 421 1254 opinionem
462 1205 581 1242 fuisse
620 1206 759 1249 fateor,
799 1208 838 1242 ut
870 1204 974 1242 Sulla
1016 1206 1174 1243 maxime
1214 1205 1475 1253 significetur,
1519 1207 1581 1258 qui
1619 1206 1734 1244 dividi

86 1285 205 1321 agros
239 1274 430 1311 veteranis
463 1273 593 1311 iussit:
628 1285 705 1310 eam
737 1273 870 1310 dudum
902 1273 1115 1322 repudiavi.
1170 1273 1325 1326 Aliquid
1357 1274 1420 1312 illa
1451 1275 1631 1325 praesidii
1665 1274 1734 1312 lra-

85 1342 151 1381 het
183 1342 218 1380 in
250 1341 504 1390 etymologia,
542 1354 561 1379 a
598 1342 853 1392 praeeundo:
895 1354 1023 1379 verum
1063 1341 1135 1380 boe
1174 1342 1262 1380 leve
1295 1345 1368 1381 est.
1431 1342 1481 1381 Ut
1512 1344 1606 1381 enim
1639 1356 1735 1381 eon-

87 1411 221 1455 cedas,
261 1410 527 1461 antiquissimis
560 1410 792 1459 temporibus
828 1418 1051 1462 praetorem
1091 1411 1226 1449 dictum
1260 1424 1373 1453 esse,
1418 1412 1481 1450 vel
1515 1413 1586 1451 dici
1622 1419 1734 1462 potu-

87 1480 186 1527 isse,
218 1478 309 1518 belli
342 1479 493 1521 ducem,
533 1478 691 1517 Catonis
722 1481 847 1517 aetate
879 1479 1014 1517 dudum
1046 1478 1142 1516 alius
1175 1480 1387 1518 invaluerat
1418 1493 1509 1517 usus
1542 1480 1734 1531 loquendi.

89 1548 292 1599 Antiquum
327 1560 428 1585 usum
461 1547 558 1585 illum
591 1560 684 1598 quae
716 1549 858 1585 referre
890 1548 1066 1585 videntur
1098 1548 1193 1597 apud
1231 1550 1441 1599 scriptores
1473 1550 1636 1599 optimae
1668 1562 1733 1586 ae-

90 1617 200 1663 tatiS,
234 1619 272 1654 ut
302 1616 541 1653 inveniuntur
573 1615 767 1663 nonnulla,
800 1617 947 1663 omnia,
979 1617 1051 1654 nisi
1084 1616 1216 1666 fallor,
1249 1630 1352 1655 suam
1384 1618 1574 1669 quamdam
1606 1619 1733 1668 expli-

89 1686 272 1723 cationem
304 1684 505 1735 legemque
538 1684 689 1723 liabent.
751 1683 799 1723 Ut
821 1698 938 1737 quum
967 1693 1181 1737 praetores
1212 1686 1452 1737 appellantur
1483 1700 1503 1725 a
1535 1688 1735 1737 scriptori-

87 1753 159 1791 bus
180 1753 303 1791 latinis
326 1754 462 1799 duees,
489 1751 737 1801 στρατηγοί,
761 1754 1010 1803 Graecorum,
1035 1752 1428 1803 Carthaginiensium,
1448 1757 1552 1793 cuius
1579 1757 1734 1804 generis

87 1821 193 1861 locos
225 1822 381 1871 attingit
412 1822 628 1861 Gronovius
668 1823 711 1860 ad
746 1823 832 1861 [nv.
863 1822 973 1861 XXl.
1009 1838 1066 1871 111,
1100 1825 1137 1860 4.
1181 1835 1252 1861 non
1294 1826 1484 1875 sequitur,
1524 1832 1733 1876 praetores

87 1891 198 1929 etiam
240 1891 453 1941 appellatos
495 1904 583 1930 esse
623 1891 738 1929 duces
771 1891 1033 1930 Romanorum.
1105 1893 1237 1944 Neque
1277 1894 1470 1931 Asconius
1508 1895 1543 1931 in
1584 1893 1733 1931 Verrin.

87 1963 178 1999 Act.
213 1960 261 1999 ll.
297 1960 362 1998 lib.
394 1960 424 1998 l.
459 1975 543 1998 x1v.
584 1973 656 2012 quo
700 1960 791 1998 idem
831 1962 945 1998 utitur
977 1960 1214 2009 Gronovius,
1253 1962 1349 1999 aliu:l
1385 1963 1519 2012 probat
1558 1963 1629 2000 nisi
1663 1961 1734 1999 boe

89 2041 219 2077 unum,
259 2030 377 2067 fuisse
406 2031 672 2082 praetorium,
715 2031 909 2068 eohortem
937 2033 1206 2082 praetoriam,
1251 2030 1490 2082 loquutiones
1522 2030 1634 2070 multo
1666 2044 1733 2069 usu

87 2110 108 2135 a
140 2097 257 2145 longo
290 2099 375 2136 inde
407 2101 575 2149 tempore
606 2100 791 2147 sancitas,
824 2101 861 2136 et
893 2100 999 2150 quasi
1033 2099 1217 2142 stabiles,
1251 2101 1360 2138 etiam
1393 2100 1439 2137 de
1471 2113 1540 2149 e0,
1573 2101 1633 2151 qui
1661 2112 1732 2138 non

88 2170 195 2204 esset
222 2174 386 2217 praetor
416 2179 458 2204 re
490 2179 593 2204 vera.
655 2166 770 2219 Quem
810 2170 930 2206 autem
973 2168 1135 2205 nonnulli
1176 2167 1250 2206 huc
1288 2171 1474 2217 referunt,
1517 2168 1733 2207 Iuvenalem

88 2235 139 2273 X.
172 2238 240 2273 36.
273 2248 356 2287 sqq.
420 2236 526 2292 Quid
565 2238 604 2275 .ςὶ
642 2237 816 2275 vidisset
856 2236 1070 2275 Praetorem
1109 2238 1294 2276 curribus
1337 2238 1436 2276 altis
1471 2239 1732 2285 Exstanlem,

88 2309 162 2342 ete.
195 2317 302 2356 quum
334 2305 438 2354 ipse,
481 2306 548 2343 iam
580 2305 753 2344 diffidens
783 2304 887 2344 aliis.
929 2317 998 2355 per
1028 2307 1349 2356 opportunitatem
1389 2306 1565 2358 colloquii
1598 2308 1735 2345 convi-

90 2374 241 2424 viique,
274 2385 345 2423 quo
378 2373 439 2411 ille
472 2387 527 2412 me
559 2375 701 2424 excipit
733 2374 897 2422 singulis
931 2374 1249 2422 bebdomadibus,
1290 2375 1510 2413 Heinrieliio
1542 2388 1735 2426 proposu-

89 2442 225 2488 issem,
258 2440 320 2479 ille
352 2443 495 2491 statim,
529 2446 567 2481 ut
597 2447 656 2481 est
688 2443 805 2481 totius
831 2444 1065 2494 antiquitatis
1097 2445 1371 2493 peritissimus,
1399 2444 1616 2482 iuvenalem
1642 2457 1733 2482 vero

90 2514 272 2562 tamquam
294 2509 506 2549 tamiliarem
528 2523 652 2550 secum
676 2511 814 2559 habet,
846 2511 1098 2550 adhibendum
1131 2525 1219 2551 esse
1252 2514 1417 2551 eiusdem
1444 2519 1583 2564 poetae
1616 2512 1733 2551 locum

89 2579 265 2626 alterum,
298 2578 367 2617 M.
398 2581 488 2616 191.
521 2593 576 2617 ss.
608 2581 833 2635 similisque
863 2581 1056 2632 triecmpho
1088 2581 1258 2621 Praeda
1289 2582 1535 2621 caballorum
1565 2583 1736 2622 Praetor

90 2647 219 2692 sedet,
259 2659 380 2699 neque
419 2647 465 2684 de
496 2660 589 2686 vero
621 2649 830 2700 triumpho,
868 2653 932 2688 aut
964 2649 1060 2690 duce
1089 2650 1203 2700 belli,
1237 2651 1476 2700 cogitandum
1518 2664 1625 2698 esse,
1665 2651 1733 2688 sed

90 2716 349 2765 magistratum
382 2715 545 2754 describi
580 2718 785 2766 praesidem
824 2719 923 2767 ludi,
966 2719 1195 2758 ornamentis
1236 2718 1541 2770 triumplialibus,
1583 2719 1733 2758 monuit.

91 2784 233 2833 Igitur.
267 2786 299 2823 si
331 2783 419 2822 nihil
452 2785 573 2833 aliud,
615 2786 805 2825 admodum
838 2788 1000 2827 obscure
1031 2800 1076 2826 ac
1109 2788 1295 2839 perplexe
1327 2788 1539 2840 loquentem
1571 2788 1732 2825 hahere-

90 2866 170 2892 mus
202 2851 405 2903 Catonem,
446 2854 477 2891 si
506 2860 715 2907 praetores
748 2856 914 2896 dixisset
952 2857 1068 2896 duces
1108 2857 1213 2896 belli.
1277 2857 1387 2896 Addo
1419 2857 1531 2895 aliud.
1593 2857 1734 2894 Ponam

90 2922 378 2975 aliquantisper,
408 2931 631 2975 praetorem
660 2937 776 2974 posse
808 2926 939 2964 ducem
971 2926 1060 2965 belli
1092 2927 1189 2964 diei:
1224 2930 1345 2965 tamen
1374 2938 1557 2976 nunquam
1585 2925 1636 2964 ita
1667 2937 1732 2963 ac-

91 2995 236 3042 ceptum
268 2993 356 3041 fuit,
399 2996 438 3032 ut
465 3000 688 3045 praetorem
718 2993 887 3033 dicerent
928 2996 1099 3046 quemvis
1136 2995 1226 3033 belli
1270 2995 1421 3042 ducem,
1463 2994 1528 3031 sed
1563 2998 1601 3032 ut
1632 3007 1733 3041 eum,

92 3060 152 3111 qui
182 3064 288 3101 esset
317 3063 586 3112 magistratus,
618 3061 663 3099 ad
696 3061 832 3100 bellum
863 3063 1073 3111 gerendum
1105 3063 1274 3112 legitime
1306 3063 1546 3101 constitutus.
1603 3063 1732 3101 Asco-
