2006 3365
214 145 316 190 426
823 138 1193 180 DISSERTATIO
1225 140 1295 181 lv.

214 269 308 296 vera
339 254 646 294 animadverterit
677 253 788 293 etiam
819 253 916 293 falsa
947 256 986 293 et
1017 255 1150 305 partim
1179 255 1270 292 mira
1295 265 1407 303 esse,
1439 255 1472 293 is
1504 256 1673 306 cogitet,
1707 255 1745 295 in
1778 256 1873 295 viris

213 325 363 374 magnis
395 335 466 361 non
499 325 571 361 tam
604 322 692 361 illud
727 323 1126 373 circumspiciendum,
1170 335 1243 374 quo
1275 321 1328 360 illi
1361 322 1631 363 imbecillitatis
1662 325 1874 375 participes

213 393 393 431 humanae
424 390 786 441 deprehenduntur,
819 403 925 442 quam
959 391 1136 430 virtutem
1168 390 1416 429 admirandam
1448 403 1561 439 esse,
1594 396 1794 443 praeterea
1825 392 1869 431 il-

214 461 274 499 lud
308 471 422 510 supra
453 459 676 508 indicatum,
711 459 748 497 in
779 459 961 497 extremis
994 459 1321 508 castigationibus
1349 459 1394 497 ad
1415 459 1599 508 Aetnam,
1634 463 1672 500 et
1703 462 1739 499 in
1772 461 1872 500 Act-

213 540 294 565 nam
326 527 569 578 principium,
614 531 653 566 et
695 526 791 566 haec
829 527 955 576 legat,
998 539 1093 579 quae
1140 529 1228 566 sunt
1269 528 1304 565 in
1346 530 1538 567 extremas
1569 528 1683 567 Diras
1715 529 1873 579 scripta.

212 595 318 634 Nini!
352 595 427 633 sibi
462 596 596 645 egisse
630 596 834 634 videbatur
866 596 925 634 vir
957 607 1141 645 summus,
1188 598 1227 635 ct
1256 596 1370 635 multa
1401 599 1512 635 acute
1544 597 1754 635 observata
1784 595 1874 635 nulli

213 664 288 701 sibi
329 663 427 702 laudi
466 676 556 703 esse
598 664 785 713 ducebat,
835 663 932 716 quod
978 662 1051 702 alia
1091 665 1210 702 minus
1254 676 1347 703 vere
1377 676 1399 702 a
1442 677 1484 702 se
1524 664 1759 714 observata,
1801 664 1875 703 alia

213 732 423 783 praeterita
455 744 545 771 esse
577 732 733 771 silentio
765 733 939 771 sentiret.
1002 732 1089 781 Ego
1131 744 1223 771 vero
1256 733 1445 782 ingenium
1479 732 1673 782 Scaligeri
1705 733 1875 783 inprimis

212 802 348 839 sactum
381 802 503 840 fuisse
534 801 579 840 ad
612 804 749 851 poetas
782 801 983 845 duriores,
1018 801 1151 854 quales
1183 800 1219 839 hi
1246 804 1355 846 sunt,
1390 800 1642 839 emendandos
1660 803 1774 852 atque
1800 812 1874 839 ex-

212 868 411 919 plicandos
444 881 596 908 censeo.
660 870 936 920 Proprietatem
970 881 1120 919 eorum,
1153 873 1192 909 et
1223 881 1313 908 esse
1345 869 1505 921 aliquam
1537 869 1729 907 scribendi
1757 870 1875 907 artem

211 938 259 975 ab
306 936 502 986 elegantia
550 938 636 976 aevi
686 938 856 988 Augusti
896 937 1108 986 diversam,
1155 940 1413 989 perspexerat
1454 937 1583 975 divino
1615 938 1809 975 acumine:
1842 937 1875 975 si

211 1007 346 1044 morari
379 1006 413 1043 in
450 1005 510 1044 his
546 1006 693 1056 poetis,
736 1007 767 1044 si
804 1005 933 1056 plures
974 1009 1206 1057 exspectare
1249 1005 1368 1044 libros
1418 1005 1635 1054 voluisset3
1676 1006 1811 1045 deinde
1841 1008 1875 1045 si

212 1073 300 1112 illud
345 1074 476 1112 Bembi
522 1074 821 1127 Aldinarumque
860 1075 983 1113 odium
1030 1075 1358 1124 compescuisset,
1405 1073 1502 1126 quod
1542 1074 1723 1112 facturum
1755 1075 1876 1113 fuisse

212 1142 443 1181 diuturniore
475 1143 735 1192 cogitatione,
771 1146 808 1181 et
840 1142 1010 1194 pluribus
1043 1141 1150 1180 libris
1182 1142 1369 1192 adiutum,
1412 1142 1579 1187 conlido,
1620 1155 1692 1181 non
1724 1142 1875 1181 multum

211 1210 295 1248 aliis
329 1211 586 1261 peragendum
620 1210 852 1262 reliquisset.
914 1210 976 1249 Ad
1011 1209 1202 1260 Culicem,
1236 1211 1428 1258 Aetnam,
1460 1211 1674 1260 Moretum,
1708 1212 1753 1249 ad
1787 1211 1873 1250 Pri-

212 1280 346 1330 apeia,
382 1277 550 1330 Copam,
583 1279 756 1328 Elegiam
788 1280 834 1317 de
867 1279 971 1318 obitu
1006 1279 1271 1329 Maecenatis,
1304 1278 1471 1317 nonnihil
1506 1279 1685 1329 Scaliger
1714 1280 1876 1318 subsidii

213 1360 260 1386 ex
296 1348 402 1386 libris
434 1348 589 1398 scriptis
624 1348 777 1386 babuit:
822 1347 941 1387 veluti
981 1348 1026 1386 ad
1061 1347 1230 1387 Culicem
1264 1350 1302 1387 et
1334 1346 1475 1398 Copam
1507 1348 1756 1386 membranam
1788 1349 1876 1387 sive

212 1417 447 1454 membranas
480 1417 640 1455 Antonii
675 1417 801 1456 Contii
834 1416 864 1455 Ι.
899 1416 944 1456 C.
977 1416 1132 1465 landat3
1166 1416 1212 1454 ad
1243 1414 1435 1466 Culicem,
1469 1416 1681 1465 Moretum,
1714 1417 1876 1468 itemque

213 1484 258 1523 ad
293 1484 435 1535 Copam
455 1514 466 1533 ,
501 1485 747 1523 membranam
780 1486 867 1523 sive
899 1484 1063 1523 schedas
1095 1486 1140 1524 P.
1172 1485 1343 1524 PItboei.
1406 1485 1467 1524 Ad
1497 1484 1632 1534 Cirin,
1667 1485 1805 1535 Diras,
1839 1488 1877 1524 et

213 1553 413 1594 Catalecta
457 1553 635 1602 Virgilii,
674 1554 810 1592 nullum
843 1554 976 1592 librum
1009 1554 1188 1604 scriptum
1221 1554 1382 1603 babuit,
1433 1558 1536 1593 certe
1568 1553 1727 1604 nullum,
1770 1566 1877 1606 quem

213 1622 366 1671 dignum
398 1623 586 1660 mentione
618 1623 859 1661 iudicaverit.
922 1622 977 1660 At
1022 1625 1176 1661 veteres
1223 1623 1432 1668 editiones,
1473 1622 1536 1662 vel
1579 1626 1618 1661 ut
1649 1623 1734 1673 ipse
1765 1622 1875 1668 dicit,

212 1690 413 1729 obsoletae
446 1691 658 1739 editiones,
707 1691 913 1742 antiquitus
945 1692 1102 1739 excusi,
1145 1695 1303 1730 veteres
1335 1691 1468 1729 excusi
1502 1691 1684 1740 codices,
1717 1691 1762 1729 ad
1795 1703 1875 1729 om-

212 1758 272 1796 nia
305 1757 525 1808 opuscula,
559 1759 763 1809 praecipue
794 1758 839 1796 ad
875 1756 1010 1806 Cirin,
1046 1757 1244 1798 laudantur
1276 1758 1507 1808 Scaligero,
1557 1759 1657 1798 inter
1687 1772 1781 1811 quas
1814 1760 1876 1796 fn-

212 1826 292 1864 isse
324 1827 635 1878 antiqnissimas,
677 1826 715 1864 h.
750 1838 784 1865 e.
817 1827 900 1864 eius
932 1827 1013 1864 fere
1044 1827 1206 1876 aetatis,
1246 1828 1291 1865 ad
1325 1840 1431 1879 qnam
1464 1835 1618 1866 nostrae
1649 1827 1876 1879 antiquissi-

211 1907 290 1932 mae
333 1894 505 1933 Venetae
546 1896 767 1945 pertinent,
810 1894 1010 1945 probabile
1051 1897 1125 1933 est.
1207 1896 1275 1934 Sic
1316 1897 1351 1934 in
1394 1894 1474 1934 Uiri
1514 1909 1553 1934 v.
1588 1897 1682 1934 375.
1729 1895 1876 1935 auibus

212 1975 301 2001 csse
334 1964 368 2000 in
402 1963 574 2001 omnibus
605 1964 813 2014 antiquitus
847 1964 1003 2001 excusis
1034 1966 1182 2002 monet:
1216 1967 1343 2013 recte,
1376 1976 1456 2002 nam
1489 1964 1542 2002 ita
1568 1963 1720 2003 Veneta
1751 1964 1877 2002 Rubei

213 2044 291 2069 cum
325 2032 458 2070 codice
507 2031 744 2081 Basileensi3
784 2032 950 2070 senibus·
992 2032 1196 2071 Vicentina
1236 2033 1381 2071 demum
1414 2044 1494 2070 cum
1528 2032 1723 2071 Vossiano
1756 2031 1806 2070 ΙΙ.
1840 2036 1878 2071 et

213 2112 291 2138 cnm
326 2100 548 2149 Pomponio.
611 2099 719 2152 Quod
762 2101 883 2138 monui
925 2104 1081 2150 propter
1125 2101 1339 2151 Heynium,
1386 2101 1447 2152 qui
1482 2099 1616 2138 nnllam
1649 2101 1744 2140 satis
1776 2101 1875 2139 anti-

213 2182 319 2220 quam
353 2169 551 2206 editionem
583 2167 729 2207 habuit.
791 2169 933 2207 Tamen
968 2172 1072 2207 certo
1106 2169 1199 2213 dici,
1234 2182 1330 2221 quae
1357 2170 1544 2208 editiones
1574 2172 1728 2208 veteres
1760 2181 1875 2220 prae-

212 2240 273 2275 sto
306 2237 444 2275 suerint
477 2236 702 2285 ScaligerO,
737 2238 894 2288 nequit:
938 2240 986 2275 el'.
1020 2237 1064 2274 ad
1102 2237 1181 2275 Dis,
1217 2251 1254 2275 v.
1291 2243 1357 2276 St).

300 2304 436 2343 Altera
469 2305 584 2343 editio
617 2304 834 2353 Scaligeri,
870 2304 957 2354 vel,
991 2307 1022 2343 si
1056 2307 1257 2344 editionem
1285 2319 1319 2344 a.
1349 2309 1466 2344 1575.
1495 2317 1575 2343 cum
1596 2305 1766 2354 Virgilio
1787 2305 1875 2344 Val.

212 2373 352 2412 Guellii
386 2375 520 2412 factam
553 2385 799 2422 annumeres,
833 2374 963 2420 tertia,
997 2386 1041 2411 ea
1075 2376 1158 2421 est,
1191 2387 1297 2425 quam
1321 2375 1469 2413 curavit
1494 2374 1687 2426 ediditque
1711 2374 1875 2412 Linden-

212 2442 418 2480 bruebius:
458 2442 562 2481 Pub.
603 2441 764 2493 Virgsile‘i
805 2442 1001 2480 Maronis
1049 2443 1292 2495 Appemlioe,
1356 2442 1454 2481 Cum
1495 2443 1768 2494 supplemento
1801 2446 1875 2482 etc.

214 2512 381 2563 Iosephz'
411 2512 616 2562 Scaliyeri
648 2511 725 2549 Iul.
760 2512 883 2550 Caes.
919 2511 997 2549 Fil.
1039 2511 1088 2549 In
1119 2512 1284 2550 eandem
1315 2512 1584 2564 Appendicem
1617 2513 1875 2562 Castiyatio-

213 2594 282 2618 nes
316 2583 348 2618 ἅ
379 2580 658 2619 Commentarii
688 2580 823 2619 multis
857 2582 897 2618 in
929 2580 1030 2618 locis
1064 2582 1189 2618 aucti.
1223 2587 1392 2619 curante
1423 2581 1641 2633 edenteque
1667 2580 1876 2619 Friderieo

213 2648 530 2687 Limlenbruclz:
564 2650 681 2687 enias
714 2651 745 2687 dc
776 2648 895 2687 Notoe
927 2649 1093 2687 additae.
1158 2648 1348 2699 Lnydaetm'
1379 2649 1660 2696 Batavorum,
1695 2649 1762 2686 Ea:
1793 2647 1874 2700 Of·-

213 2719 337 2769 steina
372 2717 662 2765 Flaminiana,
695 2717 819 2769 Apud
851 2717 1112 2756 Franez'seum
1143 2716 1485 2769 Rcepleelengsium,
1519 2716 1600 2755 clo.
1634 2716 1691 2754 10.
1714 2731 1808 2754 xcv.
1836 2721 1874 2755 8.

216 2786 270 2824 Ea
303 2788 341 2824 et
372 2785 434 2823 alii
469 2786 520 2824 uti
553 2784 706 2835 solent,
748 2787 786 2824 et
827 2797 897 2823 nos
930 2785 987 2823 usi
1019 2798 1145 2823 sumus
1186 2785 1418 2837 plerumque.
1480 2785 1627 2824 Nactus
1668 2788 1750 2824 erat
1779 2785 1874 2824 Lin-

215 2853 493 2902 dcnbrueliius,
526 2856 566 2892 ut
597 2854 681 2903 ipse
712 2866 749 2903 p.
785 2857 880 2892 258.
914 2858 1064 2902 narrat,
1100 2853 1294 2904 exemplar
1325 2854 1465 2904 prioris
1498 2854 1699 2902 editionis,
1732 2855 1767 2892 in
1800 2865 1874 2905 quo

216 2933 238 2957 a
270 2922 473 2970 Scaligero
515 2923 598 2972 ipso
638 2923 816 2975 plurima
856 2922 1028 2971 addila,
1072 2922 1270 2976 quamdam
1301 2926 1421 2962 etiam
1450 2928 1604 2961 mutata
1633 2929 1773 2961 erant:
1824 2933 1873 2961 ex

218 3000 264 3026 eo
295 2988 342 3026 ad
374 2987 631 3030 Coniectanea
661 2990 805 3030 addidit
836 2990 1013 3041 pagellas
1045 2994 1231 3043 quatuor,
1264 2991 1299 3029 in
1332 2991 1469 3044 quibus
1500 2990 1796 3030 ohservationes
1827 2990 1873 3029 ad
