2006 3365
607 156 875 199 RECENSIO
908 156 1200 199 LIBRORUM.
1647 162 1747 210 41?

95 274 134 310 ut
167 283 205 309 v.
237 274 276 309 8.
304 272 370 310 78.
393 275 575 311 88.161.
610 273 803 311 vidimus:
837 272 900 312 illa
932 275 1049 312 utrum
1082 274 1117 312 in
1148 273 1325 312 Aldinam
1358 286 1379 312 e
1411 274 1628 313 coniectura
1658 275 1747 313 sive

94 339 218 389 ipsius
250 339 430 389 editoris,
472 341 558 379 sive
589 340 685 379 alius
718 341 792 379 viri
824 341 944 390 docti,
983 353 1030 379 an
1062 353 1112 379 ex
1142 341 1229 379 aliis
1261 341 1479 389 codicibus,
1512 354 1534 380 a
1565 342 1747 380 Bembinu

93 406 282 457 diversis,
316 409 513 457 venerint,
541 421 612 446 non
646 409 783 460 ubique
816 413 955 448 certum
988 412 1063 448 est.
1123 409 1254 448 Taceo
1275 409 1403 457 Cirin,
1430 410 1617 461 Aetnam,
1649 423 1747 463 (luae

93 476 256 513 carmina
287 489 393 526 quum
426 477 622 514 emendata
654 477 731 514 sint
762 477 796 514 in
819 476 991 523 Aldinis,
1025 489 1097 515 non
1130 480 1293 528 possunt
1323 491 1373 516 cx
1405 479 1585 517 Bembino
1617 491 1747 518 emen-

91 543 180 581 data
212 556 314 581 esse.
387 543 504 582 Unum
537 544 768 595 alterumque
799 556 819 581 c
851 546 1087 584 correctione
1133 549 1256 584 natum
1295 550 1408 599 atque
1457 546 1748 597 interpolatione

91 610 264 659 dixeris,
297 615 335 650 ut
367 613 477 651 dicat
512 627 550 650 v.
580 616 619 651 8.
675 625 746 651 nec
765 613 883 652 adire
915 616 1035 651 v-SS.
1070 614 1232 665 itemque
1264 614 1372 653 ZVam
1394 629 1433 652 v.
1455 618 1547 653 161.
1581 628 1631 653 ex
1664 615 1748 653 As—

92 679 283 717 censianis
317 681 471 718 venisse
504 682 539 718 in
573 680 747 719 Aldinam
780 681 938 731 quisquc
970 681 1165 719 iuraverit.
1228 681 1401 733 Denique
1434 681 1746 733 orthographiae,

91 758 188 798 quae
220 747 320 786 ssuxa
353 753 390 786 et
422 761 579 798 prorsus
611 749 829 786 inconstans
861 752 994 793 antea,
1029 749 1204 786 maiorem
1238 761 1362 787 curam
1394 748 1578 788 habuisse
1609 750 1748 789 Aldum

92 817 255 854 constat.
320 815 370 854 Ut
403 817 483 855 Uir.
519 820 613 854 160.
645 815 741 867 quod
776 818 881 853 recte
920 816 1039 854 letum
1070 816 1105 853 in
1137 816 1319 855 Romanis
1351 820 1389 856 et
1422 817 1573 857 Veneta
1603 817 1746 858 Acbat.

91 883 248 933 editum,
290 884 390 922 nullo
432 885 612 924 editorum
654 884 786 923 merito
826 885 964 922 sactum
1002 887 1091 932 cst3
1129 888 1169 924 at
1208 885 1243 923 in
1283 885 1424 924 Aldina
1471 886 1644 927 consulto
1687 889 1750 926 est

89 951 208 990 lecmn
239 952 390 990 editum.

181 1088 525 1128 Taurinen'sis
562 1092 683 1128 1518.
716 1090 742 1127 s.
803 1089 854 1128 P.
910 1090 1113 1142 Vergsilins
1161 1091 1289 1130 Maro
1327 1104 1413 1130 enm
1446 1091 1641 1143 sssaynece
1672 1105 1747 1133 suo

88 1157 231 1197 Seruio
262 1157 405 1196 Mario
436 1162 721 1209 gyrmntnncico:
770 1158 995 1211 Interprete
1036 1173 1155 1212 qnam
1196 1162 1550 1211 cnstiqntissimoz
1597 1164 1629 1200 ἃ
1656 1165 1748 1213 pri·

89 1228 223 1264 atinae
254 1225 443 1264 lectioni:
491 1227 614 1281 sibiqg
648 1227 796 1266 demum
823 1227 943 1279 plene
973 1230 1173 1266 resticulo.
1206 1230 1273 1267 ceci
1301 1230 1422 1268 etiam
1453 1227 1644 1268 addzltur
1673 1227 1748 1269 Ia·

88 1293 254 1332 uenalia
294 1295 521 1345 opuscula:
573 1308 678 1348 quae
718 1309 832 1348 quum
870 1297 988 1348 prius
1038 1296 1383 1347 neqligsentissime
1434 1299 1749 1349 imprimerentur

89 1361 268 1400 sublatis
288 1365 494 1401 sea-centis
519 1364 673 1402 mendis
707 1369 895 1417 qutcnlmn
924 1363 1014 1414 fieri
1042 1367 1174 1416 poluit
1199 1367 1238 1403 in
1262 1366 1433 1417 formam
1456 1366 1638 1419 aliquam
1654 1373 1748 1406 snm

88 1432 273 1481 reposita
305 1434 378 1468 etc.
440 1430 738 1469 Praemittuntur
769 1431 951 1482 operibus
984 1432 1139 1481 Virgilii
1170 1434 1435 1472 annotationes
1467 1432 1669 1473 nonnullae
1704 1434 1748 1473 L.

90 1496 136 1536 C.
168 1497 404 1547 Rhodigini,
449 1498 648 1538 Benedicti
680 1499 905 1548 Philologi‚
947 1499 1024 1538 Iac.
1074 1499 1288 1540 Constantii
1328 1502 1538 1550 Fanensis,
1582 1500 1749 1541 Matthei

87 1567 261 1613 Boulini,
295 1566 372 1604 lac.
407 1564 533 1605 Crueii
567 1567 840 1618 Bononiensis,
886 1567 1039 1606 Ioannis
1073 1569 1238 1617 Bromii,
1271 1569 1416 1619 Index,
1450 1569 1553 1609 Vita.
1615 1569 1750 1610 Insunt

86 1633 186 1672 liber
217 1633 374 1684 Maphei
410 1634 550 1683 chii,
592 1638 631 1673 ct
664 1636 826 1674 carmina
858 1637 1025 1685 minora,
1058 1640 1232 1688 quantum
1265 1637 1436 1687 memini,
1478 1650 1575 1690 quac
1607 1638 1749 1676 editio-

87 1702 199 1740 nibus
231 1703 316 1740 istis
347 1702 623 1753 antiquioribus
655 1704 921 1753 continentur,
949 1705 1084 1742 omnia.
1146 1705 1346 1744 Postrema
1378 1705 1450 1744 boc
1481 1705 1640 1745 ordine:
1675 1705 1749 1744 Di-

87 1782 177 1818 rae,
211 1769 356 1814 Aetna,
392 1770 516 1819 Ciris,
548 1770 762 1818 Mmetum,
797 1769 930 1822 Copa‚
964 1772 1399 1823 Priapeia,Catalccta.
1461 1774 1503 1813 In
1530 1772 1625 1820 fine,
1659 1777 1750 1824 post

88 1837 309 1878 Catalccta:
343 1839 524 1877 Taurini.
569 1838 774 1879 Nicotaus
795 1840 1045 1880 Benedictus
1072 1844 1105 1880 ἃ
1129 1844 1330 1881 Antonius
1358 1842 1547 1881 Ranotus
1571 1842 1746 1882 Chalco-

86 1908 237 1958 {Jraphi
274 1905 471 1946 cudebdt.
513 1907 690 1946 Ioannes
734 1908 921 1947 Bremius
954 1909 1192 1960 castigsahat
1223 1912 1339 1949 Anno
1370 1911 1534 1950 Salutis
1567 1916 1748 1950 nostrae.

88 1978 147 2011 M.
174 1978 220 2011 D.
248 1979 401 2012 XVIII.
448 1973 546 2027 ‹srco
588 1988 716 2014 nonas
751 1976 914 2015 Martii.
985 1976 1125 2025 Liber,
1167 1980 1205 2016 ut
1250 1978 1423 2029 videtur,
1467 1990 1597 2026 rarus,
1641 1979 1748 2017 cuius

88 2040 189 2079 nulla
220 2042 357 2079 mentio
389 2042 487 2092 apud
521 2043 738 2092 lleynium:
772 2045 839 2083 sed
871 2046 975 2083 totus
1007 2056 1223 2096 expressus
1256 2050 1316 2085 est
1336 2075 1346 2095 ,
1378 2047 1476 2099 quod
1509 2046 1624 2085 Diras
1655 2047 1749 2085 atti-

88 2111 176 2157 net,
208 2122 256 2146 ex
291 2108 456 2157 Virgilio
488 2110 580 2148 Aldi
611 2124 645 2149 s.
678 2123 712 2149 a.
757 2124 913 2164 quocum
947 2116 985 2152 et
1016 2115 1277 2153 correctiones
1310 2114 1396 2153 illas
1429 2125 1643 2153 communes
1676 2112 1748 2152 ba-

88 2177 177 2225 bet,
209 2177 282 2216 nisi
315 2177 400 2228 quid
434 2179 666 2217 conserendo
698 2181 963 2230 peccaverim,
997 2193 1152 2231 omnes,
1185 2188 1224 2220 et
1258 2182 1352 2221 vitia
1384 2181 1587 2231 nonnulla,
1619 2184 1658 2221 et
1689 2183 1748 2220 in-

89 2245 417 2295 terpunctionem:
464 2247 536 2284 nisi
568 2248 665 2298 quod
698 2247 949 2287 Taurincnsis
982 2249 1119 2301 ubique
1159 2249 1270 2288 colon
1315 2251 1476 2300 retinet,
1519 2250 1581 2288 ubi
1623 2247 1750 2288 Aldus

89 2316 271 2351 conmiate
293 2314 420 2351 utitur.
477 2314 540 2353 Ac
566 2327 611 2353 ne
636 2315 809 2365 dubites,
827 2315 958 2368 Copae
989 2318 1166 2356 subiecta
1192 2322 1252 2357 est
1274 2318 1502 2357 admonitio:
1537 2324 1748 2358 lOANNES

88 2386 314 2419 BREMIVS.
341 2387 605 2422 S'rvmosls.
632 2389 672 2423 S.
725 2385 952 2437 Sperabam
984 2387 1169 2426 daturum
1200 2386 1314 2426 uobis
1342 2387 1533 2426 Culicem.
1563 2387 1747 2427 Aetnam.

90 2449 219 2488 Cirin.
252 2450 416 2489 Diras:
457 2451 628 2503 Veryilii
658 2452 805 2492 lusus:
838 2457 1128 2494 correctiores:
1161 2455 1312 2494 habitis
1346 2455 1534 2493 alicunde
1565 2456 1747 2494 emenda-

88 2520 143 2557 tis
176 2520 383 2571 exemplis.
417 2521 524 2574 quod
556 2523 652 2572 quia
682 2534 759 2560 non
791 2523 938 2561 licuit:
978 2523 1105 2575 paulo
1136 2523 1320 2562 meliores
1352 2523 1417 2562 leis
1451 2536 1556 2576 quae
1588 2525 1749 2563 circun-

89 2587 324 2626 sciebantur
356 2586 450 2637 (sic)
470 2589 663 2628 dedimus.
735 2590 889 2630 Valele.
910 2590 1031 2629 Vides
1064 2591 1249 2630 Bromium
1281 2590 1377 2630 satis
1411 2591 1648 2642 impudenter
1679 2603 1750 2631 sua

90 2655 259 2703 secisse,
293 2654 494 2705 paullulum
526 2657 730 2705 immutata,
774 2659 895 2697 verba
926 2658 1032 2698 Aldi.

177 2778 549 2831 Luyclzcnensis
585 2784 706 2823 1529.
740 2786 766 2823 f.
844 2784 984 2839 Opera
1033 2785 1262 2836 Viryiliana
1306 2785 1401 2824 Cum
1442 2786 1589 2824 Decem
1636 2785 1751 2824 Com-

90 2849 257 2896 mentis,
298 2848 431 2887 Docte
468 2849 525 2887 Ec
563 2850 827 2900 familiariter
870 2855 1087 2905 expos-ira,
1131 2854 1246 2892 docte
1277 2853 1433 2906 quidem
1463 2853 1687 2901 Bucolica,
1721 2856 1754 2892 ἀ

91 2915 296 2966 6801·ῃίοα
317 2919 391 2955 etc.
454 2916 668 2968 Lugduni,
702 2922 743 2958 in
772 2921 1099 2974 typoyrapliaria
1131 2920 1300 2971 officina
1333 2920 1506 2959 Ioannis
1541 2920 1754 2974 CrespiM,

93 2996 198 3022 anno
230 2986 404 3036 viryinee'
440 2990 589 3037 partus
631 2990 689 3024 M.
728 2991 776 3024 D.
812 2993 961 3026 XXIX.
1035 2987 1172 3027 Rel'ert
1217 2987 1496 3026 Asccnsianam
1539 2987 1672 3038 titulo,
1715 2990 1754 3030 et

163 3061 318 3094 Valerius
339 3060 435 3093 Cato.
1413 3059 1480 3100 27
