2006 3365
247 146 314 190 64
795 134 1328 176 AMMoneusmNES

331 254 554 295 Incredibile
584 253 662 297 est,
696 262 787 301 quas
818 249 948 287 turbas
979 248 1123 287 dederit
1155 249 1377 289 insolentior
1401 262 1556 290 caesura
1580 252 1732 291 Milisis
1760 253 1881 306 impia

246 340 343 365 emn.
404 325 459 362 Ea
489 334 593 373 quum
632 318 871 367 displiceret,
913 318 979 355 iam
1018 317 1201 366 librariis,
1242 318 1340 370 quod
1382 319 1491 358 valde
1530 319 1765 358 memorabile
1797 323 1879 371 est,

247 391 493 442 interpolandi
525 398 659 426 caussa
690 386 770 424 l'uit.
832 387 958 439 Impia
991 400 1073 425 enm
1102 387 1240 425 militis
1273 389 1454 427 succidet
1482 389 1623 427 Medic.
1657 389 1810 428 Militis
1843 393 1882 428 in

244 463 426 514 platanis
459 456 643 496 suecedet
673 454 823 492 Monac.
856 454 886 493 I.
918 454 967 493 11.
1001 454 1160 494 Vratisl.
1195 457 1224 493 1.
1289 455 1435 495 Deinde
1468 457 1539 495 viri
1573 458 1673 495 docti
1706 469 1778 495 non
1810 469 1881 496 uno

247 528 485 568 tentaverunt
516 523 636 561 modo.
700 524 760 561 M.
793 525 832 561 in
866 537 1047 577 quereum
1078 525 1266 563 suecedet
1298 523 1552 563 Boxhornius.
1596 528 1635 564 in
1665 528 1797 578 pinum
1828 524 1881 563 Is.

246 596 410 635 Vossius
441 594 475 631 in
508 605 626 641 marg.
660 592 718 631 ed.
751 591 898 640 Scalig.
934 595 1054 631 1595.
1143 592 1265 631 Multo
1298 592 1502 631 violentius
1530 593 1732 632 Heinsius:
1766 595 1883 633 Dex-

245 673 332 705 tera
363 663 542 702 succidet
575 675 689 715 quam
719 661 858 699 militis
890 663 1011 713 impia
1040 663 1073 713 s.
1111 664 1150 700 ut
1180 661 1298 699 locum
1334 662 1512 712 scriptum
1545 661 1669 701 laudat
1699 663 1884 701 Burman-

246 746 315 771 nus
347 733 382 770 in
414 730 533 769 Antb.
567 730 648 769 Lat.
680 729 728 768 Τ.
760 729 791 768 Ι.
823 743 859 780 p.
894 733 990 769 369.
1036 733 1074 768 et
1111 731 1168 768 sic
1199 731 1396 776 Francius,
1436 731 1497 782 qui
1534 734 1653 768 tamen
1686 745 1769 770 eum
1800 742 1882 769 ser-

246 801 372 840 vabat.
432 800 507 838 Pro
540 813 656 854 quam
688 800 794 838 etiam
826 812 928 839 nune
957 800 991 837 in
1024 802 1178 837 mentem
1211 799 1369 837 Heinsio
1402 802 1573 838 venerat.
1607 801 1644 837 et
1674 806 1713 838 te
1744 799 1884 839 caedet

245 870 318 909 alio
351 872 527 920 tempore.
578 869 730 908 Militis
762 870 789 906 i.
821 881 922 907 nune
953 869 1132 906 sueciclet
1161 868 1390 906 Burmannus
1422 867 1548 906 laudat
1569 868 1663 906 infra
1686 868 1731 906 ad
1753 881 1791 906 v.
1816 870 1882 907 73.

246 939 303 977 De
330 950 486 976 caesura
517 937 579 975 illa
611 950 680 975 nos
704 936 810 975 Diss.
830 936 900 974 111.
947 936 1076 974 Habet
1101 935 1275 974 nonnulla
1302 936 1519 987 ArnolduS,
1551 936 1619 975 sed
1652 935 1764 975 valde
1791 948 1885 975 con-

246 1010 347 1056 fusa,
387 1018 432 1045 ac
461 1008 659 1056 praeterea
696 1003 874 1044 ridiculus
906 1007 985 1050 est,
1027 1017 1133 1055 quum
1167 1004 1349 1043 Catonem
1388 1006 1582 1056 consult0,
1624 1008 1663 1044 et
1700 1004 1886 1055 singulari

245 1075 420 1124 artificio,
454 1076 505 1113 ita
537 1075 794 1124 composuisse
827 1086 974 1111 versum
1007 1073 1248 1111 demonstrat.

334 1145 390 1182 De
420 1142 601 1182 Tborone
633 1142 812 1189 milleno,
845 1142 964 1191 Ario,
998 1155 1092 1194 quos
1124 1141 1183 1179 bic
1215 1142 1286 1180 sibi
1309 1143 1480 1181 invenire
1508 1143 1734 1182 videbantur
1755 1140 1885 1182 Gloss.

247 1213 295 1252 V.
324 1212 356 1251 I.
408 1212 613 1259 Domitius,
648 1211 812 1261 Badius,
846 1213 939 1250 satis
972 1212 1126 1250 dicimus
1159 1210 1265 1249 Diss.
1298 1210 1328 1249 Ι.

339 1348 389 1388 V.
430 1352 496 1387 32.
565 1357 912 1399 FORMOSAEQUE
950 1357 1138 1391 CADENT
1179 1358 1391 1397 UMBRAE,
1429 1357 1701 1391 FORMOSmR
1742 1357 1887 1391 ILLIS.

247 1420 395 1459 eadunt
426 1418 510 1456 libri
540 1419 609 1456 mei
640 1419 871 1456 vetustiores
903 1419 983 1456 sere
1014 1429 1164 1456 omnes:
1205 1417 1354 1455 Thuan.
1388 1418 1507 1456 Paris.
1541 1417 1590 1456 11.
1622 1415 1744 1466 Angl.
1778 1417 1886 1467 Aug.

247 1490 352 1528 Mon.
385 1487 415 1526 l.
449 1486 497 1525 11.
531 1486 639 1525 Vrat.
674 1486 702 1525 l.
735 1489 773 1525 et
805 1486 951 1525 Veneta
982 1485 1081 1524 iens.
1129 1487 1273 1525 eadent
1305 1489 1343 1525 ut
1374 1498 1511 1525 sensus
1542 1486 1729 1537 postulat,
1763 1490 1800 1525 et
1824 1488 1888 1525 fu-

248 1563 385 1605 turum,
425 1556 520 1608 quod
552 1556 769 1606 praecedit:
803 1555 970 1594 Romana
989 1554 1037 1593 ll.
1071 1567 1149 1593 cum
1183 1556 1265 1593 cod.
1301 1556 1389 1593 Bas.
1423 1558 1461 1593 et
1482 1555 1656 1594 Vrat.ll.
1689 1555 1886 1594 Mutinen-

248 1628 321 1675 sis,
354 1626 505 1665 Vicent.
539 1636 617 1663 cum
643 1624 762 1663 Voss
784 1624 833 1662 Il.
867 1628 1058 1669 caeterae,
1091 1625 1198 1662 etiam
1225 1623 1408 1668 Aldinae,
1443 1625 1687 1662 recentiores
1736 1624 1888 1663 cadant

247 1695 347 1734 Ven.
377 1693 516 1733 Acbat.
550 1694 698 1733 eadunt
730 1705 821 1731 unus
863 1705 979 1743 nuper
1021 1694 1115 1731 tueri
1154 1693 1274 1731 voluit
1306 1692 1500 1742 Silligius‚
1541 1693 1602 1744 qui
1640 1691 1735 1731 haec
1766 1693 1888 1731 onmia

248 1776 367 1816 usque
406 1763 450 1801 ad
491 1763 604 1814 liqna
644 1775 722 1801 cum
755 1762 1052 1810 interrogatione
1092 1762 1329 1812 pronunciari
1368 1761 1513 1800 statuit.
1574 1760 1761 1800 Graviore
1799 1773 1887 1800 cor-

248 1831 393 1883 ruptela
428 1832 583 1870 affectus
615 1831 867 1880 Augustanus
907 1834 986 1880 est,
1019 1831 1053 1868 in
1087 1843 1158 1882 quo
1190 1832 1247 1869 sic
1279 1834 1486 1880 conceptus
1518 1842 1677 1868 versus:

530 1900 793 1954 Formo-seque
823 1900 970 1939 cadant
1002 1900 1160 1938 umbrae
1191 1900 1315 1938 cades
1349 1899 1434 1938 illis

248 1973 351 2023 ipsis
384 1982 452 2020 pro
485 1970 568 2008 illis
601 1970 718 2009 Voss.
751 1968 782 2007 I.
830 1969 914 2008 iliis
947 1967 1044 2007 Mut.
1085 1968 1172 2007 Non
1205 1968 1399 2007 dissimilis
1432 1968 1673 2006 conformatio
1705 1970 1764 2007 est
1794 1980 1886 2006 ver-

248 2052 314 2077 sus
345 2038 549 2088 Virgiliani
581 2038 661 2077 Ecl.
695 2038 742 2077 V.
777 2040 843 2076 44.

531 2107 711 2146 Formosi
738 2110 896 2160 peeoris
929 2113 1090 2153 eustos,
1121 2107 1335 2157 formosior
1365 2107 1466 2159 ipse.

249 2173 308 2214 Cf.
343 2175 374 2212 si
406 2175 552 2225 placet,
586 2176 815 2213 Burmannus
848 2177 883 2214 in
916 2174 1032 2214 Ovid.
1064 2176 1184 2225 Epist.
1205 2173 1313 2213 XVI.
1338 2178 1403 2212 86.
1455 2174 1541 2212 Non
1573 2185 1709 2226 quaero
1741 2176 1883 2225 autem,

249 2256 320 2295 quo
362 2243 467 2281 miles
510 2244 668 2282 consilio
708 2245 824 2294 primo
867 2256 1009 2294 ramos,
1055 2248 1126 2283 tum
1164 2244 1321 2281 arbores
1360 2243 1512 2281 excidat
1553 2243 1677 2294 ipsas:
1729 2243 1884 2281 immane

248 2312 420 2364 quiddam
452 2325 636 2360 grassans
669 2313 702 2350 in
741 2312 872 2350 silvam
909 2313 1014 2351 miles
1045 2312 1284 2350 describitur.
1346 2313 1406 2349 Ac
1439 2312 1604 2361 poteris,
1646 2312 1679 2349 si
1713 2311 1883 2361 videtur,

249 2381 301 2419 ita
332 2393 404 2418 rem
436 2393 645 2431 proponere
676 2382 815 2425 animo,
850 2385 889 2420 ut
911 2380 1060 2419 aliarum
1084 2381 1255 2419 arborum
1280 2392 1400 2417 ramos
1427 2382 1587 2430 tantum,
1611 2380 1703 2419 alias
1729 2379 1883 2419 excidat

249 2451 366 2499 ipsas.
468 2451 678 2500 formosior
710 2450 791 2489 ilex·
822 2451 922 2502 Ipsa
954 2451 1072 2489 eade!
1103 2449 1317 2487 coniectura
1348 2448 1570 2488 Boxhornii.
1616 2448 1881 2487 recordandum

248 2520 328 2566 est,
366 2518 632 2568 praecedentia
662 2520 713 2557 ita
744 2519 939 2556 emendare
971 2519 1154 2557 eumdem:
1211 2518 1362 2557 Militis
1403 2520 1441 2555 in
1484 2531 1664 2571 quereum
1695 2517 1882 2556 succedet

249 2587 288 2625 cl.
317 2587 354 2638 f.
412 2587 461 2625 Et
491 2586 562 2625 boc
593 2588 756 2639 quidem,
788 2588 1003 2639 formosior
1034 2587 1115 2627 ilex
1144 2587 1247 2640 Ipsa
1277 2587 1426 2637 eudes,
1458 2587 1575 2625 edidit
1606 2585 1812 2625 Arnoldus.

390 2723 438 2762 V.
470 2727 536 2763 33.
571 2727 607 2761 4.
653 2732 759 2766 IPSA
785 2733 953 2775 eAnEs,
979 2733 1179 2767 VETEffls
1205 2732 1374 2766 noM1N1
1401 2732 1585 2766 melem
1611 2735 1680 2765 etc.

331 2793 433 2846 Ipsa
463 2788 605 2844 cades]
637 2792 765 2841 Lego:

528 2862 632 2913 Ipsa
663 2862 819 2900 ealles:
853 2865 987 2901 iterum
1018 2861 1160 2899 domini
1188 2862 1326 2913 felicis
1359 2862 1517 2900 alumna

528 2930 853 2985 Neeqniequam,
885 2932 1034 2970 nostris
1064 2932 1199 2982 potius
1232 2931 1377 2970 devota
1408 2929 1556 2970 libellis

528 2998 691 3050 [quibus
723 3000 917 3039 aethereis
948 2998 1153 3051 stayrabe‘t.
1187 3020 1239 3026 —
