2006 3365
249 139 350 183 122
810 136 1336 178 ANIMADVERSIONES

248 263 329 290 uem
361 252 397 289 in
431 253 564 291 silvas
596 253 765 289 fecerunt
796 251 1012 300 Arnoldus,
1046 253 1350 302 Wernsdortius,
1377 254 1592 294 Putschius.
1625 254 1746 304 Angi.
1779 256 1889 294 etiam

249 320 284 357 iu
317 321 456 359 eolles.

336 389 416 427 Hic
449 387 603 426 Vratisl.
637 387 665 426 1.
725 388 827 427 Hinc
858 389 943 428 cibo
976 389 1097 428 Paris.
1132 389 1179 428 11.
1212 391 1318 429 Hine
1347 405 1417 443 eqo
1449 391 1554 430 Mon.
1579 392 1627 431 11.
1667 393 1733 430 scd
1767 396 1887 431 muta-

248 461 321 494 tum
353 457 386 494 in
418 456 493 494 ibo.
554 456 773 496 (tbstabzmt
805 458 912 496 idem.

385 593 434 632 V·
468 596 535 632 33·
596 603 877 637 OBSTABUNT
904 605 1118 638 MONTES.
1146 605 1333 639 CAMPOS
1361 605 1535 638 AUDIRE
1562 606 1758 641 LICEssl'r.

250 661 318 699 Sic
351 665 388 699 et
418 661 508 700 editi
542 674 667 700 omnes
705 667 792 702 ante
825 664 976 702 Badium
1018 668 1055 703 rt
1092 665 1270 713 Aldinas,
1314 668 1351 703 et
1387 666 1518 715 scripti
1558 670 1629 704 tam
1671 667 1892 717 Burmanni,

250 730 386 767 Petav.
428 729 575 768 Thuan.
619 731 722 770 Med.
757 733 873 771 Voss.
914 736 951 771 ct
990 733 1206 776 Leidensis,
1251 746 1356 786 quam
1388 735 1477 783 mci,
1519 734 1664 773 duobus
1696 737 1892 785 exceptis,

249 810 392 836 omnes.
438 799 597 837 Scilicet
628 801 661 838 in
696 801 945 840 Ascensianis
968 802 996 840 1.
1023 807 1060 840 et
1081 802 1128 840 11.
1162 815 1240 840 nam
1273 802 1319 840 de
1351 803 1463 841 tertia
1493 802 1645 852 dubit03
1678 816 1739 854 ap.
1767 803 1892 843 Crou-

249 866 315 905 flit.
350 868 384 905 in
417 867 589 917 Aldinis,
633 869 720 907 Bas.
770 874 885 908 1543.
927 870 1050 919 Lugd.
1088 873 1206 909 1529.
1250 870 1409 908 Venetis
1444 873 1565 908 1544.
1609 875 1728 910 1555.
1771 875 1893 910 1558.

247 935 372 985 Lugd.
407 940 444 975 et
477 938 597 975 Antv.
634 941 753 976 1556.
798 939 886 977 Bas.
919 939 968 976 H.
1002 940 1044 978 P.
1086 943 1201 978 1561.
1240 940 1335 989 apud
1371 939 1634 989 Scaligerum‚
1674 940 1893 990 pithoeum,

248 1008 285 1043 et
319 1006 352 1042 in
385 1007 659 1044 recentioribus
692 1008 741 1045 ita
773 1007 940 1056 legitur:

761 1090 924 1129 campos
959 1090 1026 1115 nec
1059 1077 1162 1115 adire
1194 1077 1340 1116 licebit.

248 1141 403 1188 Aldinis
435 1156 506 1181 non
540 1143 686 1181 muitum
718 1145 909 1183 tr'buerim
942 1144 1013 1183 1100
1046 1145 1149 1188 loco,
1184 1158 1290 1197 quum
1320 1145 1443 1184 facilis
1471 1147 1505 1184 iu
1539 1150 1708 1197 promptu
1741 1147 1793 1185 sit
1824 1160 1894 1185 su-

247 1211 390 1259 spicio,
433 1224 483 1248 cx
520 1210 772 1249 Ascensianis
810 1211 897 1249 iilud
939 1213 1145 1251 devenisse
1176 1215 1209 1252 in
1242 1213 1419 1252 Aldinas.
1483 1214 1619 1253 Badius
1653 1227 1743 1254 vero
1775 1216 1893 1253 inter-

248 1283 418 1329 pretatur
450 1280 567 1317 locum
600 1293 649 1318 ex
682 1293 726 1318 ea
757 1282 966 1332 scripturag
1009 1283 1105 1320 unde
1137 1283 1340 1333 sumpserit
1371 1284 1513 1333 ipsam,
1555 1296 1626 1322 non
1658 1283 1782 1334 addit,
1825 1295 1892 1322 ne-

249 1360 321 1399 que
344 1351 604 1387 commemorat
633 1349 823 1398 vulgatam
845 1363 878 1388 e.
912 1351 1054 1390 audire
1084 1352 1110 1389 l.
1149 1339 1184 1389 *E
1211 1353 1365 1401 scriptis
1396 1365 1490 1390 unus
1519 1364 1597 1389 cum
1630 1353 1747 1391 Badio
1779 1352 1894 1391 Aldi-

251 1417 383 1468 nisque
415 1418 580 1456 faciebat
610 1418 724 1456 Voss.
761 1418 789 1456 1.
823 1420 853 1455 si
887 1420 912 1457 s.
945 1419 1005 1457 sil.
1074 1420 1166 1458 Nam
1199 1420 1440 1469 Anglicanus
1482 1433 1552 1458 non
1587 1420 1733 1459 multum
1765 1421 1895 1470 iuvat,

250 1485 284 1522 in
319 1498 390 1537 quo
424 1500 585 1539 campos
619 1487 733 1526 adire
765 1488 792 1525 l.
840 1488 931 1527 Utut
963 1490 1030 1537 sit,
1064 1489 1168 1536 (sive
1202 1489 1414 1527 inveniatur
1447 1489 1481 1526 in
1514 1488 1609 1527 libro
1632 1489 1781 1542 aliquo,
1808 1490 1894 1528 sive

251 1566 321 1592 non
357 1555 608 1603 inveniatur)
655 1569 723 1594 sno
756 1569 799 1595 se
831 1558 925 1596 vitio
967 1558 1091 1608 prodit
1133 1570 1175 1595 ac
1213 1559 1336 1609 perdit
1368 1558 1516 1596 inticrta
1548 1559 1748 1598 correctio.
1808 1558 1893 1597 Non

248 1626 474 1673 perceperat
515 1628 708 1663 corrector
748 1629 984 1664 venustatem
1019 1627 1275 1666 Catonianam.
1336 1626 1520 1665 Tollenda
1552 1630 1611 1665 est
1641 1631 1730 1677 post
1760 1627 1894 1666 licebit

247 1691 441 1729 distinctio
474 1693 613 1743 maior,
645 1705 740 1745 qnae
770 1695 943 1746 antiquos
975 1694 1092 1732 libros
1125 1695 1295 1741 obtinet,
1340 1695 1470 1744 paucis
1502 1697 1703 1744 exceptis,
1737 1698 1776 1734 ut
1807 1696 1892 1735 Ve-

249 1764 333 1798 neta
368 1760 504 1799 Achat.
537 1765 575 1800 et
607 1761 754 1800 Veneta
784 1763 885 1801 Iens.
927 1776 1076 1816 quarum
1119 1763 1181 1801 illa
1218 1763 1349 1811 001011,
1392 1763 1483 1801 haec
1529 1763 1661 1801 nuliam
1693 1765 1894 1815 interpun-

248 1829 403 1866 ctionem
437 1829 570 1877 hahet,
611 1843 682 1869 non
716 1831 909 1879 consulto,
953 1831 1019 1869 scd
1053 1843 1140 1870 casu
1174 1836 1343 1882 utraque.
1406 1833 1574 1870 Pendcnt
1605 1845 1626 1869 a
1657 1834 1777 1871 verbo
1810 1846 1887 1871 au-

247 1898 334 1936 dire
365 1898 436 1936 duo
471 1911 605 1937 versus
638 1901 699 1951 qui
731 1904 954 1951 sequuntur,
988 1914 1033 1938 eo
1060 1901 1191 1948 modo,
1223 1912 1326 1951 quem
1354 1912 1467 1950 supra
1489 1900 1679 1939 declaravi
1700 1901 1745 1939 ad
1770 1915 1807 1940 v.
1825 1905 1893 1941 30.

247 1980 408 2018 campos
434 1968 575 2006 audire
606 1969 768 2008 licebit:
803 1970 940 2008 dulcia
970 1983 1068 2008 rura
1092 1970 1225 2007 valete
1244 1974 1316 2007 etc.
1361 1969 1498 2007 Eadem
1527 1970 1756 2007 constructio
1784 1971 1893 2009 verbi

247 2036 375 2074 licere
406 2036 440 2073 in
474 2034 551 2075 Ciri
586 2051 622 2074 v.
663 2042 722 2075 10.
792 2038 838 2076 In
872 2051 946 2092 qno
979 2040 1063 2077 iure
1092 2051 1201 2077 meus
1240 2041 1388 2076 utinum
1431 2042 1679 2091 requiescere
1709 2038 1891 2088 Musas,

248 2104 302 2142 Et
343 2105 485 2143 leviter
527 2106 713 2145 blandum
750 2108 873 2146 liceat
912 2108 1106 2160 deponere
1145 2121 1297 2146 morem.
1359 2109 1406 2145 cl'.
1448 2107 1539 2145 ibid.
1575 2112 1639 2146 90.
1682 2110 1777 2146 443.
1809 2120 1891 2160 sqq.

249 2173 350 2211 Add.
385 2174 480 2212 Cato
514 2175 617 2224 ipse,
653 2175 732 2213 Dir.
773 2180 860 2215 103.
894 2178 926 2214 si
959 2176 1008 2214 ibi
1045 2188 1169 2214 verum
1202 2177 1272 2223 sit,
1306 2179 1344 2213 ut
1375 2178 1504 2226 potest
1537 2188 1663 2214 verum
1694 2188 1806 2223 esse,
1838 2177 1893 2215 li-

247 2242 366 2280 cebit.
431 2243 558 2280 stianit.
591 2243 620 2281 Ι.
657 2250 720 2283 25.
753 2246 877 2297 ibique
909 2245 1071 2284 Bentlei.

334 2311 427 2349 Illud
463 2310 689 2351 obstabunt
718 2321 889 2362 montes,
924 2317 962 2352 ut
992 2327 1012 2352 a
1044 2325 1099 2352 me
1131 2312 1358 2363 explicatum
1384 2316 1444 2351 est
1469 2312 1512 2350 ad
1543 2326 1579 2349 v.
1608 2317 1673 2352 87.
1695 2314 1763 2351 iam
1788 2316 1891 2353 recte

249 2380 462 2429 accipiebat
493 2380 622 2420 Gloss.
649 2383 698 2422 V.
722 2383 752 2421 Ι.
785 2385 845 2436 qui
877 2383 1102 2433 adscripsit:
1136 2388 1177 2420 nt
1206 2395 1290 2421 mea
1322 2394 1420 2420 rura
1453 2382 1589 2420 villere
1619 2395 1693 2421 non
1722 2386 1890 2435 possim.

248 2448 395 2487 licebat
429 2449 537 2487 Vrat.
570 2449 598 2488 Ι.

334 2585 381 2623 V.
414 2590 481 2625 80.
543 2590 715 2624 DULciA
743 2592 869 2624 RURA
897 2591 1093 2625 VALETE.
1154 2588 1237 2625 Hoc
1279 2588 1395 2636 igitur
1426 2588 1512 2626 illud
1552 2588 1639 2627 vale
1672 2590 1751 2636 est,
1791 2589 1887 2640 quod

249 2668 400 2705 campos
421 2656 530 2694 etiam
553 2659 625 2694 tum
648 2658 895 2705 percepturos
927 2668 1014 2694 esse
1045 2656 1157 2702 dicit,
1190 2668 1295 2706 quum
1329 2657 1412 2706 ipse
1444 2661 1514 2694 tam
1546 2656 1662 2704 longe
1686 2656 1888 2705 digressus

248 2725 380 2771 suerit,
422 2727 460 2762 ut
490 2736 562 2762 non
594 2723 751 2773 amplius
783 2724 1004 2773 conspicere
1043 2736 1194 2774 campos
1232 2725 1369 2774 possit.
1431 2724 1562 2776 ltaque
1600 2724 1813 2774 significat,
1844 2738 1888 2763 se

248 2793 518 2841 digredientem
552 2792 682 2830 iterum
715 2793 918 2843 iterumque
950 2791 1021 2830 hoc
1053 2793 1159 2830 modo
1194 2793 1279 2831 vale
1310 2794 1487 2832 dicturum
1521 2805 1608 2832 esse
1638 2794 1801 2831 ruribus.
1846 2794 1886 2833 ld

250 2860 335 2899 vale
366 2864 486 2900 autem
518 2860 706 2911 praecipit
736 2859 809 2898 1100
839 2859 946 2909 loco,
979 2861 1061 2899 dum
1093 2864 1152 2900 est
1184 2862 1217 2900 in
1252 2865 1456 2913 conspectu
1488 2862 1597 2899 ruris,
1637 2861 1731 2899 Tum
1754 2876 1793 2900 v.
1820 2866 1885 2901 95.

248 2929 376 2968 iterum
409 2934 519 2982 atque
551 2928 711 2968 ultimum
743 2928 830 2968 vale
860 2929 973 2967 dicit:
1016 2928 1088 2968 1100
1119 2934 1198 2977 est,
1243 2931 1425 2979 ultimum,
1471 2932 1503 2968 in
1538 2934 1742 2981 conspectu
1775 2932 1885 2970 ruris.

333 2999 470 3050 lycidu
502 2998 607 3037 Mon.
640 2997 670 3037 1.
712 2998 837 3037 lic-ida
868 2997 974 3037 Mon.
1014 2998 1060 3037 11.
1113 3000 1215 3038 lidia
1246 2999 1367 3049 Angl.
1401 3000 1522 3039 Paris.
1556 2998 1604 3037 11.
1642 2999 1732 3037 Bas.
1766 2999 1885 3039 Prae-
