2006 3365
553 161 623 201 DE
654 160 807 201 Pousl
846 159 1180 202 CATONIANA.
1586 165 1688 209 :319

54 275 84 314 l.
117 277 210 313 301.
242 273 310 312 Ill.
344 278 438 313 218.
472 274 539 314 lv.
574 277 639 315 73.
703 275 815 327 Apud
856 275 1065 315 Lucretium
1109 277 1218 316 etiam
1250 276 1285 314 in
1316 275 1414 327 pede
1444 276 1555 315 tertio
1586 278 1689 316 inter

53 357 119 390 se,
153 342 183 380 l.
218 344 311 381 787.
346 342 393 381 ll.
427 346 493 382 66.
555 344 697 383 Similis
738 343 988 395 epitlietorum
1030 345 1124 382 ratio
1171 346 1252 393 est,
1284 356 1390 396 quum
1420 344 1544 382 statim
1576 345 1687 382 exci-

51 412 156 462 piunt
188 412 334 449 nomina
366 425 454 459 sua,
488 411 548 450 vel
582 414 820 464 excipiuntur
851 411 898 450 ab
932 411 1036 449 illis:
1070 416 1109 450 ut
1139 411 1393 461 gratissimum
1425 415 1508 460 est,
1535 412 1686 451 Lucret-

50 480 101 519 ll.
139 483 255 518 1150.
312 479 387 519 Vis
418 482 610 520 animalia
639 495 774 534 parva
805 486 930 520 creat.
990 479 1088 518 Idem
1119 480 1149 519 Ι.
1184 484 1247 519 73.
1298 480 1409 531 Eryo
1449 481 1592 521 vivida
1622 484 1687 521 vis

51 552 171 588 animi
198 551 384 602 pere-icil.
461 550 558 601 quod
593 549 782 601 aliquanto
815 549 931 586 minus
962 550 1109 596 gratum
1141 551 1297 598 propter
1329 561 1458 587 vocem
1490 548 1688 600 monosyl-

50 617 200 656 labam:
234 618 300 656 sed
334 621 454 656 tamen
488 618 616 656 eodem
648 618 755 656 modo
788 614 1006 664 Virgilius:
1039 616 1094 654 Et
1127 630 1240 669 quum
1268 618 1428 668 friyicla
1458 631 1561 658 mors
1594 620 1687 656 ani-

49 699 112 724 ma
143 686 349 725 seduxerit
380 692 526 725 artus:
560 687 660 724 Aen.
693 685 761 724 lV.
794 688 887 723 385.
949 682 1039 721 Alia
1080 683 1301 732 longissime
1339 687 1474 735 patens
1505 685 1688 738 locosque

50 754 262 792 innumeros
295 753 549 805 complectens
582 753 780 792 excusatio
810 764 832 790 a
864 763 1022 790 caesura
1053 753 1192 803 petitur
1223 766 1294 802 ca,
1326 766 1421 806 quae
1453 756 1513 792 est
1544 754 1579 792 in
1610 755 1688 793 arsi

49 822 163 872 pedis
195 822 362 861 secundi.
425 821 498 861 Ubi
531 822 626 860 enim
668 821 735 859 iam
775 820 889 859 semel
921 821 1136 860 constiterit
1167 834 1245 859 vox
1278 822 1472 861 recitantis
1504 822 1538 860 in
1571 834 1689 861 exor-

49 890 110 928 dio
142 903 303 939 versus,
337 890 486 929 facilius
518 890 669 940 peragit
711 888 877 940 reliqua,
919 889 1126 941 pedemque
1166 891 1314 929 tertium
1354 890 1438 929 sine
1470 890 1690 930 difficultate

49 959 216 997 annectit
247 959 332 1009 pedi
364 959 544 997 secundo.
605 957 690 996 Non
723 957 855 1010 loquor
885 957 931 996 de
962 957 1039 996 illis
1061 957 1176 1007 locis,
1210 959 1271 997 ubi
1302 959 1386 1009 ipsa
1417 959 1604 998 sententia
1628 961 1690 998 at-

50 1040 122 1079 que
154 1028 188 1065 in
221 1028 296 1065 arsi
330 1027 438 1078 pedis
470 1026 627 1065 secundi
669 1026 919 1076 interpunctio
952 1026 1063 1072 facit,
1104 1030 1142 1066 ut
1182 1027 1216 1066 in
1265 1028 1337 1066 fine
1376 1028 1485 1078 pedis
1531 1028 1688 1066 secundi

49 1108 241 1147 nequeaS,
276 1096 419 1134 etiamsi
453 1094 572 1143 velis,
604 1094 846 1133 consistere:
880 1094 1011 1147 quales
1043 1098 1129 1134 sunt
1152 1094 1296 1144 Georg.
1321 1095 1352 1133 Ι.
1377 1101 1415 1135 3.
1442 1098 1509 1135 21.
1536 1098 1602 1134 36.
1622 1098 1689 1135 48.

49 1163 185 1216 aliique
217 1176 321 1215 quam
354 1163 496 1215 plurimi
528 1163 624 1214 apud
657 1175 785 1202 omnes
816 1168 964 1214 poetas.
1024 1149 1143 1202 Tales
1168 1163 1280 1213 volo,
1315 1164 1445 1216 quales
1476 1168 1562 1204 sunt
1592 1165 1689 1215 apud

49 1232 251 1281 Virgilium
284 1232 429 1282 Georg.
464 1233 493 1272 1.
529 1236 622 1271 2⁴3.
669 1231 751 1272 Sub
780 1232 951 1285 pedibus
991 1232 1098 1284 Styx
1134 1238 1230 1271 atra
1268 1233 1392 1273 videt.
1456 1237 1549 1272 482.
1590 1234 1689 1272 Flu-

48 1305 198 1342 viorum
240 1315 311 1340 rex
349 1301 583 1350 Eridanus,
627 1300 758 1353 quales
797 1312 868 1338 non
909 1301 960 1339 ita
1000 1301 1080 1351 legi
1120 1304 1233 1352 poeta
1262 1301 1416 1341 voluit:
1461 1302 1690 1342 Fluviorum

48 1367 146 1427 rex}
175 1371 407 1417 Eridanus,
441 1370 507 1409 sed
540 1370 621 1408 ita:
655 1369 882 1408 Fluviorum
917 1367 1041 1423 {rex}
1076 1371 1310 1419 Eridanus,
1344 1374 1382 1410 ut
1412 1384 1486 1411 rex
1507 1371 1542 1409 in
1569 1370 1689 1409 medio

49 1440 121 1487 sit,
155 1439 452 1488 coniungendum
485 1451 563 1477 cum
588 1438 835 1488 Flauiorum,
868 1439 964 1491 quod
998 1440 1184 1478 sententia
1215 1440 1342 1488 iubet,
1376 1439 1442 1478 sed
1475 1440 1526 1478 ita
1557 1442 1596 1479 ut
1625 1451 1690 1478 ra-

50 1508 137 1559 pide
170 1508 350 1546 transitus
383 1507 446 1546 liat
475 1508 520 1545 ad
554 1519 683 1545 nomen
709 1507 900 1546 Eridani.
962 1505 1121 1546 Constat
1153 1508 1354 1557 Virgilium
1384 1507 1480 1546 haud
1513 1520 1598 1546 raro
1631 1508 1691 1546 in-

52 1577 346 1627 terpunctionem
379 1589 519 1626 ponere
550 1575 620 1614 hac
652 1577 685 1614 in
717 1576 839 1624 sede,
871 1579 910 1614 ut
941 1577 975 1614 in
1008 1576 1092 1623 illo,
1125 1577 1220 1628 quod
1254 1576 1349 1615 haud
1382 1577 1493 1615 dubie
1518 1576 1690 1615 consulto

51 1646 162 1693 fecit,
197 1645 409 1684 Incassum
438 1646 570 1697 furit:
612 1644 756 1692 Georg.
788 1644 856 1682 Ill.
896 1648 985 1683 100.
1018 1647 1056 1683 et
1088 1645 1178 1683 ibid.
1211 1648 1278 1684 98.
1317 1645 1522 1697 Inyratum
1552 1646 1689 1684 trahit.

50 1714 106 1751 At
136 1724 284 1762 semper
316 1713 384 1755 ita,
422 1719 523 1751 certe
555 1713 589 1750 in
619 1713 847 1764 Georgicis,
881 1726 931 1752 ex
963 1713 1098 1766 quibus
1130 1718 1318 1753 numerata
1349 1713 1522 1766 exempla
1553 1713 1690 1763 babeo,

50 1785 89 1820 ut
119 1781 324 1832 praecedat
367 1793 523 1820 caesura
562 1782 597 1820 in
628 1782 703 1819 arsi
740 1782 852 1832 pedis
884 1782 1054 1821 secundi.
1128 1782 1212 1821 Non
1244 1784 1409 1822 facturus
1442 1787 1522 1822 erat
1552 1783 1688 1822 talem:

50 1850 176 1889 Irrita
206 1851 409 1902 perfurit:
441 1864 536 1902 erqo
567 1853 719 1890 animos
754 1853 829 1889 etc.
900 1850 1029 1903 Atque
1068 1850 1162 1890 haec
1204 1852 1299 1890 satis
1331 1856 1403 1890 tum
1434 1852 1479 1890 ad
1512 1864 1586 1890 rem
1618 1864 1689 1890 no-

51 1921 186 1966 stram,
225 1931 330 1970 quam
368 1931 464 1957 nunc
502 1919 672 1968 aginus,
714 1924 785 1958 tum
833 1923 871 1958 ut
914 1918 1000 1958 binc
1030 1920 1216 1968 ordiatur,
1249 1920 1280 1957 si
1312 1921 1395 1972 quis
1427 1919 1582 1958 ulterius
1613 1932 1690 1959 rem

52 1987 252 2038 persequi,
285 1992 323 2025 et
353 1987 550 2025 subtiliora
582 2000 715 2026 eruere
747 1989 983 2037 discrimina,
1030 1988 1147 2027 veluti
1187 2000 1283 2039 quae
1321 1990 1397 2027 sint
1428 1989 1524 2027 iuter
1556 1988 1690 2038 Virgi-

52 2055 137 2093 lium
169 2058 207 2094 et
239 2055 434 2103 Ovidium,
483 2055 602 2094 volet.
664 2057 729 2096 Sic
761 2058 807 2096 de
839 2056 1001 2095 vocibus
1032 2055 1294 2106 longioribus,
1342 2070 1436 2110 quae
1482 2057 1590 2108 ipsae
1621 2070 1691 2109 per

53 2137 97 2163 se
128 2125 199 2163 duo
232 2125 349 2175 pedes
381 2124 560 2174 impleut,
593 2127 803 2176 quaeritur,
836 2138 880 2163 an
913 2125 998 2177 quid
1032 2126 1065 2163 in
1098 2138 1140 2163 se
1171 2127 1428 2165 excusationiS
1461 2127 1605 2165 ferant:
1639 2128 1688 2165 cf.

54 2193 222 2232 Lucretii
254 2196 403 2243 praeter
435 2206 502 2230 eos
534 2192 661 2241 locos,
693 2206 786 2245 quos
818 2195 885 2233 iam
918 2194 1076 2245 protuli,
1109 2194 1140 2233 l.
1174 2197 1268 2234 469.
1302 2199 1397 2234 585.
1429 2194 1478 2233 11.
1512 2198 1606 2234 861.
1652 2198 1690 2235 at

53 2261 242 2311 Virgilius
274 2260 386 2299 semel
420 2265 582 2309 tantum,
615 2263 649 2299 in
669 2261 895 2312 Georgicis,
928 2262 1107 2302 111.344.
1142 2266 1420 2303 Armentarius
1452 2265 1556 2316 Afer
1587 2267 1688 2316 ‘19²7‘

54 2330 117 2369 ubi
149 2333 302 2381 praesto
335 2333 394 2368 est
424 2343 538 2381 supra
568 2330 682 2369 allata
714 2333 911 2370 excusatio
943 2344 964 2370 a
996 2337 1126 2372 natura
1158 2333 1329 2384 epitheti.
1391 2334 1522 2372 Parum
1555 2334 1688 2372 iucun-

54 2399 89 2437 di
120 2399 164 2437 ad
197 2412 310 2437 meum
342 2412 513 2448 sensum,
557 2412 627 2438 nou
661 2403 815 2451 propter
847 2413 1037 2440 caesuram
1071 2403 1104 2441 in
1139 2403 1208 2441 line
1240 2403 1345 2453 pedis
1378 2404 1555 2452 secundi,
1596 2415 1689 2455 quae

55 2469 199 2520 quidem
232 2481 386 2518 prorsus
425 2468 634 2518 delitescit,
678 2470 743 2507 sed
786 2473 942 2520 propter
981 2483 1171 2509 caesuram
1210 2472 1620 2523 interpunctionenmpie
1652 2471 1689 2510 in

56 2537 154 2576 thesi
189 2537 294 2587 pedis
335 2538 486 2575 secundi
528 2538 664 2587 priori,
711 2538 746 2576 hi
787 2542 873 2577 suut
914 2552 1050 2577 versus
1090 2539 1270 2589 Virgilii,
1314 2540 1457 2589 Georg.
1494 2540 1559 2579 lV.
1596 2541 1687 2578 153.

55 2607 348 2659 Experiuntur,
391 2613 427 2644 e!
460 2608 498 2643 in
529 2607 702 2645 medium.
764 2609 857 2646 274.
890 2608 1051 2647 Aureus
1084 2610 1193 2660 ipse,
1230 2608 1303 2647 secl
1334 2613 1372 2648 in
1401 2610 1532 2661 f'olie's.
1594 2612 1688 2648 351.

58 2673 334 2727 Obstupuere,
369 2675 441 2714 sed
472 2681 565 2712 ante
595 2675 718 2714 alias.
780 2679 874 2714 450.
913 2677 1078 2715 Tantum
1107 2678 1280 2728 effatus.
1313 2678 1368 2716 ad
1398 2678 1497 2717 lmee
1528 2684 1659 2716 rates.

140 2743 275 2796 Neque
309 2743 401 2781 baec
433 2744 562 2781 suavis
594 2755 750 2782 caesura
781 2749 861 2795 est,
902 2745 983 2784 Ecl.
1016 2750 1082 2784 55.

284 2812 498 2851 Immaturn
528 2825 636 2851 meae
668 2826 821 2867 quoque
851 2828 981 2854 noxae
1012 2815 1170 2854 solvere
1198 2815 1307 2866 sala.

59 2879 137 2919 Sed
169 2881 263 2919 satis
294 2885 417 2919 tuetur
448 2880 645 2919 Lucretius
676 2881 706 2919 l.
744 2885 861 2922 1049.
893 2883 941 2922 ll.
975 2887 1042 2923 39.
1076 2888 1169 2922 212.
1213 2883 1281 2922 111.
1315 2886 1409 2921 456.
1444 2886 1536 2922 758.
1570 2886 1688 2922 1008.

58 2948 126 2987 lV.
163 2953 281 2988 1142.
328 2949 375 2988 V.
409 2953 504 2988 307.
558 2948 625 2987 ΥῙ.
660 2953 752 2989 576.
788 2955 882 2991 905.

145 3016 346 3058 Caesnram
378 3018 602 3059 trochaIcam
636 3019 671 3057 in
703 3023 833 3071 quarto
866 3021 964 3072 pede
993 3033 1115 3073 neque
1147 3020 1208 3060 alii
1239 3023 1377 3072 poetae
1408 3021 1561 3060 veteres
1587 3020 1688 3061 latini
