2006 3365
271 152 370 196 158
824 145 1353 187 ANJMADVERSIONES

271 276 375 315 quem
416 262 627 301 restitutum
667 260 764 299 dabo
805 272 855 299 ex
895 258 1001 298 libris
1038 261 1155 309 meis,
1198 261 1258 312 qui
1299 263 1385 299 sunt
1425 261 1549 300 collati
1587 260 1634 300 ab
1674 259 1726 299 is.
1759 259 1904 300 Vossio

270 331 474 370 Thuaneus
505 333 543 367 et
574 329 829 378 Petavianus,
870 340 892 366 a
929 340 985 367 me
1017 328 1271 377 Augustanus
1311 332 1349 368 et
1378 329 1591 368 Vossianus
1622 332 1690 368 81.
1731 330 1805 367 tum
1836 339 1906 366 co·-

271 399 374 437 dices
405 397 658 443 recentiores,
691 395 807 434 Basii.
841 401 878 435 ct
910 397 1029 436 Voss.
1062 397 1110 435 ΙΙ.
1172 396 1344 436 Venetae
1374 396 1538 436 Achatis
1570 401 1608 438 et
1638 397 1784 446 Rubei‚
1816 395 1907 434 Mu-

272 466 454 515 tinensis,
487 465 699 503 Viccntina.

498 533 687 585 Propulit
717 548 738 572 e
769 533 944 573 stabulis
977 533 1032 572 ad
1059 532 1214 587 pabula
1244 534 1355 573 laeta
1386 535 1572 586 cupellas

385 605 452 641 45.
500 603 676 650 Pastor,
709 610 746 642 et
776 604 931 642 eoecelsi
960 605 1102 641 montis
1135 606 1228 654 fuya
1260 617 1407 642 summa
1436 606 1605 656 petivit,

500 671 659 710 Lurida
691 685 771 725 qua
799 672 965 725 patulos
997 672 1188 711 vetabant
1217 676 1400 724 gyramz'na
1427 672 1567 711 eolles.

500 740 587 779 Iam
618 740 740 779 silvis
774 741 980 794 dumisque
1010 753 1165 791 vagjae,
1200 745 1274 779 iam
1307 741 1484 780 vultibus
1517 741 1667 779 abdunt

500 808 709 860 Corpora:
742 811 898 862 iamque
929 811 1030 847 omni
1060 810 1210 848 celeres
1243 823 1264 848 e
1291 816 1411 862 parte
1441 815 1642 861 vaqantes

503 878 735 917 Tendebam
766 886 897 917 tenero
928 878 1155 916 viridantia
1185 880 1369 930 fiumina
1399 892 1553 926 morsu,

387 949 453 985 50.
499 946 683 999 Serupea
715 948 891 986 desertis
922 946 1140 986 heterebant
1172 948 1227 986 ad
1257 960 1363 986 caea
1395 950 1538 999 rupis:

499 1014 688 1053 Pendula
715 1017 906 1067 proiectis
940 1023 1162 1066 carpuntur
1191 1023 1228 1055 et
1261 1016 1406 1054 arbuta
1436 1018 1585 1065 ramis,

499 1084 723 1136 Densaque
753 1083 943 1133 viryultis
976 1084 1098 1122 avide
1127 1084 1321 1123 labrusca
1350 1091 1550 1137 petuntur.

498 1152 615 1190 Haec
646 1165 851 1204 suspensa
881 1155 992 1202 rapit
1024 1161 1211 1206 carpente
1243 1157 1451 1193 eacumina
1482 1167 1616 1193 morsu

510 1220 579 1259 Vel
610 1221 758 1260 salicis
790 1220 945 1268 lentae,
979 1220 1044 1259 vel
1076 1235 1179 1274 quae
1208 1236 1314 1261 nova
1344 1225 1531 1262 nascitur
1561 1223 1703 1261 alnus:

387 1292 453 1327 55.
500 1289 617 1327 Haec
648 1297 808 1328 teneras
837 1290 1026 1340 fruticum
1057 1294 1191 1329 sentes
1224 1293 1417 1330 rimatur:
1451 1298 1494 1330 ut
1525 1291 1601 1330 illa

501 1359 675 1397 Imminet
707 1361 744 1396 in
776 1360 857 1398 riri
885 1361 1142 1410 praestantis
1174 1362 1360 1411 imuqinis
1392 1362 1549 1399 undam.

273 1426 324 1465 V.
358 1427 424 1465 44.
456 1426 643 1479 Per-pulit
669 1427 768 1466 Ven.
796 1426 937 1464 Achat.
984 1426 1163 1467 Protulit
1194 1428 1290 1466 Vcn.
1325 1428 1424 1467 Rub.
1458 1431 1496 1466 et
1513 1428 1663 1467 Vicent.
1696 1439 1775 1466 cum
1791 1426 1911 1466 Voss.

274 1496 324 1535 11.
367 1509 388 1534 e
419 1496 557 1534 cuncti.
637 1495 686 1534 V.
722 1499 787 1534 45.
820 1509 968 1534 smnma
1000 1498 1095 1547 iugsa
1127 1501 1257 1535 contra
1287 1500 1437 1536 metrum
1471 1498 1588 1536 Voss.
1615 1501 1680 1535 81.
1762 1495 1812 1534 V.
1846 1498 1912 1534 46.

275 1564 458 1604 Luridas
491 1564 626 1603 Petav.
702 1564 843 1616 patulo
875 1564 972 1603 Mut.
1049 1566 1253 1604 uellabcmt
1286 1566 1382 1605 Ven.
1416 1565 1557 1605 Achat.
1590 1566 1676 1605 Vic.
1709 1564 1828 1603 Voss.
1858 1563 1910 1603 ΙΙ.

274 1633 464 1674 vetabunt
494 1632 641 1672 Thoan.
682 1636 719 1672 ct
750 1633 884 1671 petav.
954 1634 1080 1672 eolles
1120 1636 1267 1685 cuncti,
1308 1639 1460 1686 praeter
1499 1635 1616 1673 Voss.
1649 1638 1715 1673 81.
1761 1634 1796 1672 in
1839 1645 1911 1685 quo

273 1704 408 1755 flores.
528 1702 576 1741 V.
612 1702 677 1739 47.
717 1709 833 1753 rccgyet
872 1715 939 1752 pro
973 1715 1107 1754 vuyae
1136 1704 1254 1744 Voss.
1287 1707 1353 1743 81.
1386 1709 1422 1742 εί,
1454 1704 1621 1743 addunt.
1711 1703 1910 1756 diurnisq3

272 1785 342 1824 pro
375 1773 583 1825 dumisque
617 1770 711 1810 Mut.
848 1770 898 1809 V.
933 1774 998 1810 48.
1031 1786 1076 1811 se
1106 1785 1173 1823 pro
1205 1787 1226 1811 e
1255 1774 1374 1812 Voss·
1407 1776 1473 1811 81.
1648 1771 1809 1810 Versum
1841 1773 1908 1809 49.

272 1841 360 1880 libri
393 1842 463 1879 mei
494 1841 616 1878 cuncti
649 1840 776 1878 versui
807 1841 991 1893 Serupeu
1023 1844 1094 1879 etc.
1130 1843 1188 1880 cui
1219 1843 1253 1879 in
1287 1842 1450 1880 editione
1468 1841 1631 1891 Hcynii,
1662 1840 1766 1890 aliis,
1798 1841 1910 1890 post-

272 1912 443 1961 ponitur,
477 1908 731 1960 praepositum
765 1908 924 1958 hahent3
957 1922 1000 1948 ac
1036 1910 1267 1949 Tendebam
1299 1911 1434 1948 cuncti.
1579 1908 1629 1948 V.
1663 1914 1729 1948 50.
1760 1908 1805 1948 S.
1838 1907 1911 1947 cle-

273 1986 412 2019 sertas
443 1977 660 2017 haerebant
691 1977 747 2015 ud
777 1991 811 2015 e.
844 1992 965 2031 rupes
1005 1978 1154 2017 Thoan.
1197 1980 1314 2018 Basil.
1355 1980 1451 2018 Mut.
1492 1980 1592 2019 Vcn.
1624 1978 1724 2018 Rub.
1756 1977 1909 2017 Vicent.

274 2061 352 2086 cum
384 2048 503 2087 Voss.
536 2046 585 2085 ll.
645 2046 689 2085 S.
723 2046 898 2085 desertis
928 2047 1118 2086 herebant
1149 2048 1205 2087 acl
1236 2061 1269 2087 e.
1303 2062 1423 2102 rupes
1448 2048 1618 2097 August.
1649 2050 1686 2086 et
1712 2048 1768 2085 sic
1792 2046 1910 2085 Peta-

274 2118 432 2163 vianuS,
473 2115 540 2154 sed
578 2115 783 2154 aerehmzt.
853 2116 898 2155 S.
931 2116 1107 2155 desertis
1144 2118 1336 2156 errabant
1375 2119 1430 2157 ad
1460 2130 1494 2156 c.
1535 2120 1649 2169 rupis
1690 2117 1808 2156 Voss.
1841 2119 1908 2156 81.

275 2186 449 2224 desertis
482 2186 541 2222 cst
572 2186 610 2222 in
642 2184 839 2232 desertis,
881 2188 921 2223 ut
952 2185 987 2223 in
1020 2185 1177 2225 Catonis
1208 2186 1315 2235 loco,
1355 2187 1399 2224 ad
1432 2199 1538 2238 quem
1569 2184 1663 2224 hacc
1693 2185 1908 2230 scribimus,

274 2268 314 2292 v.
348 2259 414 2292 33.
447 2253 590 2301 siluis,
625 2256 662 2291 et
693 2266 731 2291 v.
764 2256 831 2292 34.
864 2256 1032 2306 eampis.
1130 2255 1280 2294 Veneta
1311 2255 1450 2294 Achat.
1484 2255 1624 2294 omittit
1654 2254 1751 2293 hunc
1781 2257 1818 2293 et
1849 2254 1910 2307 qui

275 2324 482 2374 sequuntur
524 2334 659 2360 versus
690 2326 790 2371 tres,
834 2326 901 2361 51.
935 2326 1000 2361 52.
1034 2327 1100 2362 53.
1274 2323 1324 2361 V.
1357 2327 1423 2362 54.
1467 2325 1594 2374 recepi
1634 2324 1763 2363 nescio
1803 2323 1910 2362 cuius

275 2391 564 2430 emendationem
604 2392 687 2432 Vel.
747 2393 814 2430 mei
855 2394 1005 2430 cuncti:
1049 2393 1165 2431 Haec
1196 2390 1277 2439 (vel
1313 2393 1417 2440 Hee)
1456 2393 1586 2434 salicis
1623 2393 1749 2432 lentae
1788 2391 1911 2439 (lente

276 2460 395 2498 Voss.
430 2464 494 2498 81.
534 2468 658 2499 mente
688 2461 843 2510 Petav.)
878 2461 941 2500 uel
972 2465 1044 2500 etc.
1090 2460 1187 2512 quod
1219 2461 1332 2500 video
1372 2462 1520 2500 defendi
1558 2474 1704 2513 posse:
1736 2464 1774 2500 at
1802 2461 1910 2499 nimis

275 2528 496 2567 inconcinna
528 2532 587 2566 est
618 2530 750 2567 oratio.
793 2530 916 2568 Facile
947 2533 1067 2568 autem
1099 2531 1220 2579 potuit
1256 2530 1327 2569 Vel
1357 2531 1541 2581 corrumpi
1574 2531 1610 2568 in
1635 2531 1771 2578 Haec,
1802 2542 1909 2582 quum

275 2601 314 2637 et
345 2596 548 2648 praecedat
580 2597 720 2645 Haec,
755 2601 793 2636 et
824 2600 946 2637 statim
979 2601 1170 2650 sequatur.
1230 2602 1413 2637 nascitur
1445 2600 1552 2637 etiam
1582 2598 1810 2647 Thnaneus,
1841 2598 1909 2636 sed

275 2670 312 2706 in
344 2678 415 2718 quo
446 2665 673 2716 adscriptum
705 2670 785 2705 erat
815 2668 829 2705 l
861 2668 955 2715 (vet)
986 2671 1186 2721 pascitur.
1290 2668 1335 2706 V.
1367 2672 1431 2706 55.
1462 2669 1674 2720 fructicum
1698 2667 1815 2705 Voss.
1842 2670 1906 2705 81.

275 2739 469 2775 rimamur
492 2734 587 2772 Veu.
608 2735 708 2774 Rub.
732 2735 885 2774 Viccnt.
910 2736 1027 2774 Voss.
1049 2735 1097 2774 11.
1131 2736 1285 2775 vitiose.
1347 2738 1396 2776 V.
1420 2741 1485 2776 56.
1518 2737 1681 2776 Inminet
1701 2736 1820 2775 Voss.
1842 2739 1907 2774 Sl.

276 2806 475 2858 ymayinis
507 2802 604 2841 Ven.
638 2802 778 2842 Achat.
839 2804 934 2842 Mihi
970 2817 1043 2843 non
1075 2805 1225 2843 videtur
1255 2806 1363 2845 nimis
1394 2806 1507 2844 durus
1537 2805 1599 2843 hic
1629 2817 1764 2843 versus
1796 2816 1908 2856 esse,

279 2879 318 2913 ut
349 2875 383 2911 in
408 2871 481 2911 hoc
511 2874 644 2922 poeta,
676 2872 782 2910 modo
815 2876 946 2911 teneas
977 2874 1121 2912 undam
1151 2873 1335 2924 duplicem
1366 2874 1572 2913 adiunctum
1603 2873 1810 2922 genitivum
1838 2873 1909 2911 ha-

279 2944 390 2982 bere:
414 2940 532 2992 primo
553 2940 696 2979 undam
715 2943 815 2991 rivi3
834 2941 968 2980 deinde
986 2945 1242 2995 praestantis
1262 2945 1447 2995 imayinis
1464 2942 1629 2990 undam,
1648 2940 1686 2979 h.
1700 2954 1734 2980 e.
1756 2942 1909 2989 undam,

279 3023 373 3062 quac
405 3010 494 3049 facit
523 3009 586 3048 vei
619 3009 732 3050 habet
761 3014 1013 3061 praestantem
1045 3012 1262 3062 imaginem,
1294 3013 1330 3050 in
1361 3024 1433 3064 qua
1457 3013 1515 3050 est
1540 3014 1739 3062 praestans
1768 3012 1907 3061 imago.
