<?xml version="1.0" encoding="UTF-8"?>
<!DOCTYPE html PUBLIC "-//W3C//DTD XHTML 1.0 Transitional//EN"
    "http://www.w3.org/TR/xhtml1/DTD/xhtml1-transitional.dtd">
<html xmlns="http://www.w3.org/1999/xhtml" xml:lang="en" lang="en">
 <head>
  <title>
</title>
<meta http-equiv="Content-Type" content="text/html;charset=utf-8" />
  <meta name='ocr-system' content='tesseract 3.04.00' />
  <meta name='ocr-capabilities' content='ocr_page ocr_carea ocr_par ocr_line ocrx_word'/>
</head>
<body>
  <div class='ocr_page' id='page_1' title='image "./carmina00catouoft_0337.png"; bbox 0 0 2006 3365; ppageno 0'>
   <div class='ocr_carea' id='block_1_1' title="bbox 554 152 1683 198">
    <p class='ocr_par' dir='ltr' id='par_1_1' title="bbox 554 152 1683 198">
     <span class='ocr_line' id='line_1_1' title="bbox 554 152 1683 198; baseline 0.004 -4"><span class='ocrx_word' id='word_1_1' title='bbox 554 155 620 194; x_wconf 68' lang='lat' dir='ltr'>DF}</span> <span class='ocrx_word' id='word_1_2' title='bbox 652 154 805 195; x_wconf 69' lang='lat' dir='ltr'>POESI</span> <span class='ocrx_word' id='word_1_3' title='bbox 837 152 1170 194; x_wconf 78' lang='lat' dir='ltr'>CATONIANA.</span> <span class='ocrx_word' id='word_1_4' title='bbox 1581 153 1683 198; x_wconf 80' lang='lat'>313</span> 
     </span>
    </p>
   </div>
   <div class='ocr_carea' id='block_1_2' title="bbox 49 266 1696 3068">
    <p class='ocr_par' dir='ltr' id='par_1_2' title="bbox 50 266 1689 796">
     <span class='ocr_line' id='line_1_2' title="bbox 52 266 1681 323; baseline -0.006 -11"><span class='ocrx_word' id='word_1_5' title='bbox 52 274 293 313; x_wconf 77' lang='lat' dir='ltr'>coniectura.</span> <span class='ocrx_word' id='word_1_6' title='bbox 355 270 578 323; x_wconf 81' lang='lat' dir='ltr'>Quamquam</span> <span class='ocrx_word' id='word_1_7' title='bbox 619 270 703 322; x_wconf 86' lang='lat' dir='ltr'>quid</span> <span class='ocrx_word' id='word_1_8' title='bbox 752 271 881 308; x_wconf 82' lang='lat' dir='ltr'>faciam</span> <span class='ocrx_word' id='word_1_9' title='bbox 918 281 1052 318; x_wconf 84' lang='lat' dir='ltr'>versu,</span> <span class='ocrx_word' id='word_1_10' title='bbox 1095 269 1200 308; x_wconf 90' lang='lat' dir='ltr'>cuius</span> <span class='ocrx_word' id='word_1_11' title='bbox 1231 267 1350 317; x_wconf 87' lang='lat' dir='ltr'>vulgo</span> <span class='ocrx_word' id='word_1_12' title='bbox 1381 266 1569 318; x_wconf 84' lang='lat' dir='ltr'>scriptura</span> <span class='ocrx_word' id='word_1_13' title='bbox 1598 270 1681 305; x_wconf 89' lang='lat' dir='ltr'>est:</span> 
     </span>
     <span class='ocr_line' id='line_1_3' title="bbox 52 334 1684 392; baseline -0.005 -12"><span class='ocrx_word' id='word_1_14' title='bbox 52 339 326 392; x_wconf 80' lang='lat' dir='ltr'>Mittebatque</span> <span class='ocrx_word' id='word_1_15' title='bbox 356 352 453 378; x_wconf 74' lang='lat' dir='ltr'>suos</span> <span class='ocrx_word' id='word_1_16' title='bbox 487 343 598 390; x_wconf 66' lang='lat' dir='ltr'>iquos</span> <span class='ocrx_word' id='word_1_17' title='bbox 630 345 667 378; x_wconf 81' lang='lat' dir='ltr'>ec</span> <span class='ocrx_word' id='word_1_18' title='bbox 697 339 803 377; x_wconf 84' lang='lat' dir='ltr'>mille</span> <span class='ocrx_word' id='word_1_19' title='bbox 833 339 1012 386; x_wconf 80' lang='lat' dir='ltr'>earinis,</span> <span class='ocrx_word' id='word_1_20' title='bbox 1045 349 1115 375; x_wconf 89' lang='lat' dir='ltr'>non</span> <span class='ocrx_word' id='word_1_21' title='bbox 1148 339 1270 385; x_wconf 82' lang='lat' dir='ltr'>magis</span> <span class='ocrx_word' id='word_1_22' title='bbox 1300 335 1446 385; x_wconf 90' lang='lat' dir='ltr'>haheo,</span> <span class='ocrx_word' id='word_1_23' title='bbox 1477 347 1582 387; x_wconf 90' lang='lat' dir='ltr'>quam</span> <span class='ocrx_word' id='word_1_24' title='bbox 1613 334 1684 372; x_wconf 84' lang='lat' dir='ltr'>ha-</span> 
     </span>
     <span class='ocr_line' id='line_1_4' title="bbox 51 404 1685 459; baseline -0.005 -11"><span class='ocrx_word' id='word_1_25' title='bbox 51 410 132 448; x_wconf 81' lang='lat' dir='ltr'>huit</span> <span class='ocrx_word' id='word_1_26' title='bbox 163 407 384 456; x_wconf 86' lang='lat' dir='ltr'>Bentleius,</span> <span class='ocrx_word' id='word_1_27' title='bbox 417 408 476 459; x_wconf 89' lang='lat' dir='ltr'>qui</span> <span class='ocrx_word' id='word_1_28' title='bbox 508 420 587 445; x_wconf 88' lang='lat' dir='ltr'>eum</span> <span class='ocrx_word' id='word_1_29' title='bbox 619 407 764 445; x_wconf 76' lang='lat' dir='ltr'>(lanniat</span> <span class='ocrx_word' id='word_1_30' title='bbox 796 409 924 445; x_wconf 92' lang='lat' dir='ltr'>totum.</span> <span class='ocrx_word' id='word_1_31' title='bbox 985 405 1049 444; x_wconf 80' lang='lat' dir='ltr'>An</span> <span class='ocrx_word' id='word_1_32' title='bbox 1081 407 1249 444; x_wconf 77' lang='lat' dir='ltr'>carinas</span> <span class='ocrx_word' id='word_1_33' title='bbox 1281 404 1498 452; x_wconf 82' lang='lat' dir='ltr'>legendum,</span> <span class='ocrx_word' id='word_1_34' title='bbox 1531 405 1570 442; x_wconf 88' lang='lat' dir='ltr'>ut</span> <span class='ocrx_word' id='word_1_35' title='bbox 1599 413 1685 441; x_wconf 81' lang='lat' dir='ltr'>ser-</span> 
     </span>
     <span class='ocr_line' id='line_1_5' title="bbox 50 472 1685 523; baseline -0.003 -8"><span class='ocrx_word' id='word_1_36' title='bbox 50 490 107 516; x_wconf 90' lang='lat' dir='ltr'>mo</span> <span class='ocrx_word' id='word_1_37' title='bbox 139 477 191 515; x_wconf 90' lang='lat' dir='ltr'>sit</span> <span class='ocrx_word' id='word_1_38' title='bbox 222 478 268 515; x_wconf 87' lang='lat' dir='ltr'>de</span> <span class='ocrx_word' id='word_1_39' title='bbox 300 472 494 515; x_wconf 59' lang='lat' dir='ltr'>Hectore?</span> <span class='ocrx_word' id='word_1_40' title='bbox 525 476 697 514; x_wconf 83' lang='lat' dir='ltr'>mittebat</span> <span class='ocrx_word' id='word_1_41' title='bbox 728 475 890 523; x_wconf 81' lang='lat' dir='ltr'>Hector,</span> <span class='ocrx_word' id='word_1_42' title='bbox 923 473 959 511; x_wconf 89' lang='lat' dir='ltr'>h.</span> <span class='ocrx_word' id='word_1_43' title='bbox 986 486 1019 512; x_wconf 91' lang='lat' dir='ltr'>e.</span> <span class='ocrx_word' id='word_1_44' title='bbox 1052 474 1187 511; x_wconf 85' lang='lat' dir='ltr'>missas</span> <span class='ocrx_word' id='word_1_45' title='bbox 1219 473 1384 511; x_wconf 76' lang='lat' dir='ltr'>faciebat</span> <span class='ocrx_word' id='word_1_46' title='bbox 1414 474 1518 511; x_wconf 78' lang='lat' dir='ltr'>faces</span> <span class='ocrx_word' id='word_1_47' title='bbox 1548 477 1586 511; x_wconf 91' lang='lat' dir='ltr'>et</span> <span class='ocrx_word' id='word_1_48' title='bbox 1617 483 1685 510; x_wconf 87' lang='lat' dir='ltr'>ca-</span> 
     </span>
     <span class='ocr_line' id='line_1_6' title="bbox 50 539 1685 594; baseline -0.004 -11"><span class='ocrx_word' id='word_1_49' title='bbox 50 547 171 594; x_wconf 86' lang='lat' dir='ltr'>rinas,</span> <span class='ocrx_word' id='word_1_50' title='bbox 203 544 422 583; x_wconf 78' lang='lat' dir='ltr'>abstinebat</span> <span class='ocrx_word' id='word_1_51' title='bbox 453 557 494 581; x_wconf 86' lang='lat' dir='ltr'>se</span> <span class='ocrx_word' id='word_1_52' title='bbox 525 545 571 582; x_wconf 91' lang='lat' dir='ltr'>ab</span> <span class='ocrx_word' id='word_1_53' title='bbox 605 543 761 592; x_wconf 79' lang='lat' dir='ltr'>ignibus</span> <span class='ocrx_word' id='word_1_54' title='bbox 793 546 831 582; x_wconf 90' lang='lat' dir='ltr'>et</span> <span class='ocrx_word' id='word_1_55' title='bbox 862 542 1019 590; x_wconf 77' lang='lat' dir='ltr'>earinis,</span> <span class='ocrx_word' id='word_1_56' title='bbox 1046 544 1201 591; x_wconf 85' lang='lat' dir='ltr'>propter</span> <span class='ocrx_word' id='word_1_57' title='bbox 1231 554 1353 579; x_wconf 87' lang='lat' dir='ltr'>arcum</span> <span class='ocrx_word' id='word_1_58' title='bbox 1385 540 1569 592; x_wconf 89' lang='lat' dir='ltr'>telumque</span> <span class='ocrx_word' id='word_1_59' title='bbox 1588 539 1685 578; x_wconf 92' lang='lat' dir='ltr'>Phi-</span> 
     </span>
     <span class='ocr_line' id='line_1_7' title="bbox 50 605 1689 660; baseline -0.005 -8"><span class='ocrx_word' id='word_1_60' title='bbox 50 614 230 652; x_wconf 75' lang='lat' dir='ltr'>loetetae.</span> <span class='ocrx_word' id='word_1_61' title='bbox 290 613 394 651; x_wconf 86' lang='lat' dir='ltr'>Facit</span> <span class='ocrx_word' id='word_1_62' title='bbox 434 611 640 660; x_wconf 75' lang='lat' dir='ltr'>Manilius,</span> <span class='ocrx_word' id='word_1_63' title='bbox 688 615 727 650; x_wconf 87' lang='lat' dir='ltr'>ut</span> <span class='ocrx_word' id='word_1_64' title='bbox 764 610 939 648; x_wconf 82' lang='lat' dir='ltr'>recorder</span> <span class='ocrx_word' id='word_1_65' title='bbox 978 610 1164 658; x_wconf 83' lang='lat' dir='ltr'>geminum</span> <span class='ocrx_word' id='word_1_66' title='bbox 1206 610 1350 649; x_wconf 86' lang='lat' dir='ltr'>Culicis</span> <span class='ocrx_word' id='word_1_67' title='bbox 1390 609 1509 648; x_wconf 90' lang='lat' dir='ltr'>locum</span> <span class='ocrx_word' id='word_1_68' title='bbox 1540 609 1586 648; x_wconf 87' lang='lat' dir='ltr'>de</span> <span class='ocrx_word' id='word_1_69' title='bbox 1618 605 1689 644; x_wconf 80' lang='grc' dir='ltr'>ὲπί</span> 
     </span>
     <span class='ocr_line' id='line_1_8' title="bbox 51 677 1357 732; baseline -0.002 -15"><span class='ocrx_word' id='word_1_70' title='bbox 51 679 178 718; x_wconf 69' lang='grc' dir='ltr'><em>ναυσί</em></span> <span class='ocrx_word' id='word_1_71' title='bbox 205 679 347 732; x_wconf 72' lang='grc' dir='ltr'><em>μάχῃ,</em></span> <span class='ocrx_word' id='word_1_72' title='bbox 383 682 419 719; x_wconf 93' lang='lat' dir='ltr'>in</span> <span class='ocrx_word' id='word_1_73' title='bbox 451 693 556 732; x_wconf 86' lang='lat' dir='ltr'>quem</span> <span class='ocrx_word' id='word_1_74' title='bbox 588 682 735 718; x_wconf 80' lang='lat' dir='ltr'>suerunt</span> <span class='ocrx_word' id='word_1_75' title='bbox 765 679 826 730; x_wconf 86' lang='lat' dir='ltr'>qui</span> <span class='ocrx_word' id='word_1_76' title='bbox 858 679 1038 717; x_wconf 74' lang='lat' dir='ltr'>inferrent</span> <span class='ocrx_word' id='word_1_77' title='bbox 1067 677 1357 728; x_wconf 81' lang='lat' dir='ltr'><strong>apostrophen:</strong></span> 
     </span>
     <span class='ocr_line' id='line_1_9' title="bbox 449 747 1324 796; baseline -0.003 -9"><span class='ocrx_word' id='word_1_78' title='bbox 449 762 553 796; x_wconf 81' lang='lat' dir='ltr'>eum,</span> <span class='ocrx_word' id='word_1_79' title='bbox 596 747 743 795; x_wconf 90' lang='lat' dir='ltr'>Troes,</span> <span class='ocrx_word' id='word_1_80' title='bbox 784 748 902 785; x_wconf 72' lang='lat' dir='ltr'>saevi</span> <span class='ocrx_word' id='word_1_81' title='bbox 933 759 1004 784; x_wconf 89' lang='lat' dir='ltr'>vos</span> <span class='ocrx_word' id='word_1_82' title='bbox 1036 747 1226 785; x_wconf 72' lang='lat' dir='ltr'>Hectoris</span> <span class='ocrx_word' id='word_1_83' title='bbox 1258 748 1324 785; x_wconf 85' lang='lat' dir='ltr'>ira</span> 
     </span>
    </p>

    <p class='ocr_par' dir='ltr' id='par_1_3' title="bbox 49 814 1687 1075">
     <span class='ocr_line' id='line_1_10' title="bbox 282 814 1514 868; baseline -0.003 -11"><span class='ocrx_word' id='word_1_84' title='bbox 282 817 426 858; x_wconf 84' lang='lat' dir='ltr'>Videre</span> <span class='ocrx_word' id='word_1_85' title='bbox 458 816 573 864; x_wconf 81' lang='lat' dir='ltr'>(vel,</span> <span class='ocrx_word' id='word_1_86' title='bbox 607 819 646 854; x_wconf 93' lang='lat' dir='ltr'>ut</span> <span class='ocrx_word' id='word_1_87' title='bbox 677 815 768 864; x_wconf 88' lang='lat' dir='ltr'>alii,</span> <span class='ocrx_word' id='word_1_88' title='bbox 803 814 975 863; x_wconf 81' lang='lat' dir='ltr'>Viderit,</span> <span class='ocrx_word' id='word_1_89' title='bbox 1015 815 1219 863; x_wconf 84' lang='lat' dir='ltr'>Verteret)</span> <span class='ocrx_word' id='word_1_90' title='bbox 1251 837 1303 843; x_wconf 84' lang='lat'>—-</span> <span class='ocrx_word' id='word_1_91' title='bbox 1326 820 1514 868; x_wconf 80' lang='lat' dir='ltr'>paratos.</span> 
     </span>
     <span class='ocr_line' id='line_1_11' title="bbox 50 882 1685 936; baseline -0.004 -10"><span class='ocrx_word' id='word_1_92' title='bbox 50 900 122 926; x_wconf 88' lang='lat' dir='ltr'>non</span> <span class='ocrx_word' id='word_1_93' title='bbox 163 886 383 936; x_wconf 73' lang='lat' dir='ltr'>eleganter,</span> <span class='ocrx_word' id='word_1_94' title='bbox 427 886 493 924; x_wconf 87' lang='lat' dir='ltr'>sed</span> <span class='ocrx_word' id='word_1_95' title='bbox 533 887 697 923; x_wconf 84' lang='lat' dir='ltr'>fortasse</span> <span class='ocrx_word' id='word_1_96' title='bbox 728 884 822 922; x_wconf 88' lang='lat' dir='ltr'>satis</span> <span class='ocrx_word' id='word_1_97' title='bbox 853 883 950 922; x_wconf 87' lang='lat' dir='ltr'>bene</span> <span class='ocrx_word' id='word_1_98' title='bbox 982 885 1017 922; x_wconf 91' lang='lat' dir='ltr'>in</span> <span class='ocrx_word' id='word_1_99' title='bbox 1062 883 1135 922; x_wconf 90' lang='lat' dir='ltr'>hoc</span> <span class='ocrx_word' id='word_1_100' title='bbox 1172 886 1299 934; x_wconf 87' lang='lat' dir='ltr'>poeta.</span> <span class='ocrx_word' id='word_1_101' title='bbox 1360 883 1465 922; x_wconf 87' lang='lat' dir='ltr'>Libri</span> <span class='ocrx_word' id='word_1_102' title='bbox 1497 882 1594 922; x_wconf 87' lang='lat' dir='ltr'>aliud</span> <span class='ocrx_word' id='word_1_103' title='bbox 1626 882 1685 920; x_wconf 87' lang='lat' dir='ltr'>iu-</span> 
     </span>
     <span class='ocr_line' id='line_1_12' title="bbox 49 951 1687 1007; baseline -0.003 -13"><span class='ocrx_word' id='word_1_104' title='bbox 49 956 165 995; x_wconf 90' lang='lat' dir='ltr'>bent:</span> <span class='ocrx_word' id='word_1_105' title='bbox 199 956 246 994; x_wconf 91' lang='lat' dir='ltr'>de</span> <span class='ocrx_word' id='word_1_106' title='bbox 277 955 412 1007; x_wconf 86' lang='lat' dir='ltr'>quibus</span> <span class='ocrx_word' id='word_1_107' title='bbox 444 954 632 1001; x_wconf 81' lang='lat' dir='ltr'><strong>certiora,</strong></span> <span class='ocrx_word' id='word_1_108' title='bbox 674 964 780 1004; x_wconf 87' lang='lat' dir='ltr'>quam</span> <span class='ocrx_word' id='word_1_109' title='bbox 811 951 933 990; x_wconf 86' lang='lat' dir='ltr'>adhuc</span> <span class='ocrx_word' id='word_1_110' title='bbox 964 956 1158 1000; x_wconf 77' lang='lat' dir='ltr'>constant,</span> <span class='ocrx_word' id='word_1_111' title='bbox 1204 954 1381 1001; x_wconf 82' lang='lat' dir='ltr'>reseram,</span> <span class='ocrx_word' id='word_1_112' title='bbox 1431 954 1469 992; x_wconf 93' lang='lat' dir='ltr'>ut</span> <span class='ocrx_word' id='word_1_113' title='bbox 1505 953 1687 1002; x_wconf 80' lang='lat' dir='ltr'>appareat</span> 
     </span>
     <span class='ocr_line' id='line_1_13' title="bbox 50 1019 1314 1075; baseline -0.003 -12"><span class='ocrx_word' id='word_1_114' title='bbox 50 1028 153 1063; x_wconf 85' lang='lat' dir='ltr'>recte</span> <span class='ocrx_word' id='word_1_115' title='bbox 183 1024 405 1075; x_wconf 85' lang='lat' dir='ltr'>dispositum</span> <span class='ocrx_word' id='word_1_116' title='bbox 438 1021 556 1060; x_wconf 84' lang='lat' dir='ltr'>locum</span> <span class='ocrx_word' id='word_1_117' title='bbox 597 1021 643 1059; x_wconf 85' lang='lat' dir='ltr'>ab</span> <span class='ocrx_word' id='word_1_118' title='bbox 677 1021 829 1071; x_wconf 80' lang='lat' dir='ltr'>Ileynio</span> <span class='ocrx_word' id='word_1_119' title='bbox 861 1033 964 1059; x_wconf 86' lang='lat' dir='ltr'>esse.</span> <span class='ocrx_word' id='word_1_120' title='bbox 996 1019 1045 1059; x_wconf 94' lang='lat' dir='ltr'>V.</span> <span class='ocrx_word' id='word_1_121' title='bbox 1079 1024 1173 1060; x_wconf 86' lang='lat'>303.</span> <span class='ocrx_word' id='word_1_122' title='bbox 1207 1032 1314 1073; x_wconf 84' lang='lat' dir='ltr'>seqq.</span> 
     </span>
    </p>

    <p class='ocr_par' dir='ltr' id='par_1_4' title="bbox 279 1089 1228 1145">
     <span class='ocr_line' id='line_1_14' title="bbox 279 1089 1228 1145; baseline -0.004 -14"><span class='ocrx_word' id='word_1_123' title='bbox 279 1091 315 1132; x_wconf 88' lang='lat' dir='ltr'><strong><em>O</em></strong></span> <span class='ocrx_word' id='word_1_124' title='bbox 347 1093 439 1145; x_wconf 81' lang='lat' dir='ltr'>quis</span> <span class='ocrx_word' id='word_1_125' title='bbox 471 1104 546 1129; x_wconf 81' lang='lat' dir='ltr'>non</span> <span class='ocrx_word' id='word_1_126' title='bbox 585 1091 739 1141; x_wconf 84' lang='lat' dir='ltr'>referat</span> <span class='ocrx_word' id='word_1_127' title='bbox 768 1090 869 1129; x_wconf 73' lang='lat' dir='ltr'>tali-5·</span> <span class='ocrx_word' id='word_1_128' title='bbox 902 1090 1080 1128; x_wconf 81' lang='lat' dir='ltr'>divortia</span> <span class='ocrx_word' id='word_1_129' title='bbox 1112 1089 1228 1137; x_wconf 83' lang='lat' dir='ltr'>belli,</span> 
     </span>
    </p>

    <p class='ocr_par' dir='ltr' id='par_1_5' title="bbox 279 1158 1312 1216">
     <span class='ocr_line' id='line_1_15' title="bbox 279 1158 1312 1216; baseline -0.005 -16"><span class='ocrx_word' id='word_1_130' title='bbox 279 1160 393 1216; x_wconf 78' lang='lat' dir='ltr'>Quae</span> <span class='ocrx_word' id='word_1_131' title='bbox 427 1160 574 1199; x_wconf 81' lang='lat' dir='ltr'>Troiae</span> <span class='ocrx_word' id='word_1_132' title='bbox 604 1158 743 1197; x_wconf 77' lang='lat' dir='ltr'>videre</span> <span class='ocrx_word' id='word_1_133' title='bbox 780 1162 880 1207; x_wconf 83' lang='lat' dir='ltr'>viri,</span> <span class='ocrx_word' id='word_1_134' title='bbox 921 1158 1135 1212; x_wconf 78' lang='lat' dir='ltr'>videreque</span> <span class='ocrx_word' id='word_1_135' title='bbox 1166 1159 1312 1197; x_wconf 85' lang='lat' dir='ltr'>Graii:</span> 
     </span>
    </p>

    <p class='ocr_par' dir='ltr' id='par_1_6' title="bbox 281 1227 1383 1283">
     <span class='ocr_line' id='line_1_16' title="bbox 281 1227 1383 1283; baseline -0.002 -15"><span class='ocrx_word' id='word_1_136' title='bbox 281 1230 455 1268; x_wconf 77' lang='lat' dir='ltr'>Teucria</span> <span class='ocrx_word' id='word_1_137' title='bbox 488 1242 602 1283; x_wconf 84' lang='lat' dir='ltr'>quum</span> <span class='ocrx_word' id='word_1_138' title='bbox 631 1241 772 1279; x_wconf 79' lang='lat' dir='ltr'>maqno</span> <span class='ocrx_word' id='word_1_139' title='bbox 803 1234 983 1267; x_wconf 76' lang='lat' dir='ltr'>manaret</span> <span class='ocrx_word' id='word_1_140' title='bbox 1013 1229 1210 1279; x_wconf 75' lang='lat' dir='ltr'>sanquine</span> <span class='ocrx_word' id='word_1_141' title='bbox 1238 1227 1383 1275; x_wconf 79' lang='lat' dir='ltr'>lellus,</span> 
     </span>
    </p>

    <p class='ocr_par' dir='ltr' id='par_1_7' title="bbox 278 1296 1417 1351">
     <span class='ocr_line' id='line_1_17' title="bbox 278 1296 1417 1351; baseline -0.004 -13"><span class='ocrx_word' id='word_1_142' title='bbox 278 1299 334 1338; x_wconf 81' lang='lat' dir='ltr'>Et</span> <span class='ocrx_word' id='word_1_143' title='bbox 365 1299 535 1346; x_wconf 79' lang='lat' dir='ltr'>Simois,</span> <span class='ocrx_word' id='word_1_144' title='bbox 570 1298 805 1351; x_wconf 78' lang='lat' dir='ltr'>Xanthique</span> <span class='ocrx_word' id='word_1_145' title='bbox 835 1297 989 1350; x_wconf 80' lang='lat' dir='ltr'>liquor3</span> <span class='ocrx_word' id='word_1_146' title='bbox 1021 1296 1226 1348; x_wconf 76' lang='lat' dir='ltr'>Siqeaque</span> <span class='ocrx_word' id='word_1_147' title='bbox 1253 1301 1417 1348; x_wconf 84' lang='lat' dir='ltr'>praeter</span> 
     </span>
    </p>

    <p class='ocr_par' dir='ltr' id='par_1_8' title="bbox 277 1364 1417 1420">
     <span class='ocr_line' id='line_1_18' title="bbox 277 1364 1417 1420; baseline -0.004 -14"><span class='ocrx_word' id='word_1_148' title='bbox 277 1367 442 1406; x_wconf 79' lang='lat' dir='ltr'>Littera</span> <span class='ocrx_word' id='word_1_149' title='bbox 475 1381 589 1420; x_wconf 77' lang='lat' dir='ltr'>quum</span> <span class='ocrx_word' id='word_1_150' title='bbox 624 1367 777 1414; x_wconf 75' lang='lat' dir='ltr'>Troas,</span> <span class='ocrx_word' id='word_1_151' title='bbox 811 1367 930 1405; x_wconf 72' lang='lat' dir='ltr'>saevi</span> <span class='ocrx_word' id='word_1_152' title='bbox 961 1365 1076 1404; x_wconf 79' lang='lat' dir='ltr'>ducis</span> <span class='ocrx_word' id='word_1_153' title='bbox 1108 1364 1298 1404; x_wconf 78' lang='lat' dir='ltr'>Hectoris</span> <span class='ocrx_word' id='word_1_154' title='bbox 1330 1367 1417 1413; x_wconf 81' lang='lat' dir='ltr'>ira,</span> 
     </span>
    </p>

    <p class='ocr_par' dir='ltr' id='par_1_9' title="bbox 286 1433 1309 1485">
     <span class='ocr_line' id='line_1_19' title="bbox 286 1433 1309 1485; baseline -0.004 -10"><span class='ocrx_word' id='word_1_155' title='bbox 286 1435 431 1475; x_wconf 78' lang='lat' dir='ltr'>Videre</span> <span class='ocrx_word' id='word_1_156' title='bbox 462 1438 500 1474; x_wconf 77' lang='lat' dir='ltr'>iri</span> <span class='ocrx_word' id='word_1_157' title='bbox 531 1436 693 1474; x_wconf 75' lang='lat' dir='ltr'>classes</span> <span class='ocrx_word' id='word_1_158' title='bbox 726 1437 886 1474; x_wconf 83' lang='lat' dir='ltr'>inimica</span> <span class='ocrx_word' id='word_1_159' title='bbox 916 1439 1039 1473; x_wconf 83' lang='lat' dir='ltr'>mente</span> <span class='ocrx_word' id='word_1_160' title='bbox 1077 1433 1309 1485; x_wconf 73' lang='lat' dir='ltr'>Pelczsqres,</span> 
     </span>
    </p>

    <p class='ocr_par' dir='ltr' id='par_1_10' title="bbox 53 1503 1691 1762">
     <span class='ocr_line' id='line_1_20' title="bbox 287 1503 1349 1555; baseline -0.003 -12"><span class='ocrx_word' id='word_1_161' title='bbox 287 1503 489 1552; x_wconf 80' lang='lat' dir='ltr'>Vulnera,</span> <span class='ocrx_word' id='word_1_162' title='bbox 522 1504 628 1552; x_wconf 82' lang='lat' dir='ltr'>tela,</span> <span class='ocrx_word' id='word_1_163' title='bbox 661 1517 804 1553; x_wconf 78' lang='lat' dir='ltr'>neces,</span> <span class='ocrx_word' id='word_1_164' title='bbox 837 1507 948 1555; x_wconf 75' lang='lat' dir='ltr'>iques</span> <span class='ocrx_word' id='word_1_165' title='bbox 980 1504 1133 1554; x_wconf 81' lang='lat' dir='ltr'>inferre</span> <span class='ocrx_word' id='word_1_166' title='bbox 1161 1508 1349 1555; x_wconf 81' lang='lat' dir='ltr'>paratos.</span> 
     </span>
     <span class='ocr_line' id='line_1_21' title="bbox 54 1566 1691 1618; baseline -0.005 -4"><span class='ocrx_word' id='word_1_167' title='bbox 54 1588 95 1614; x_wconf 84' lang='lat' dir='ltr'>v.</span> <span class='ocrx_word' id='word_1_168' title='bbox 127 1578 221 1614; x_wconf 87' lang='lat'><strong>303.</strong></span> <span class='ocrx_word' id='word_1_169' title='bbox 253 1573 331 1611; x_wconf 82' lang='lat' dir='ltr'>tali</span> <span class='ocrx_word' id='word_1_170' title='bbox 361 1573 543 1612; x_wconf 73' lang='lat' dir='ltr'>‹leuortia</span> <span class='ocrx_word' id='word_1_171' title='bbox 576 1572 675 1612; x_wconf 78' lang='lat' dir='ltr'>belis</span> <span class='ocrx_word' id='word_1_172' title='bbox 707 1572 854 1611; x_wconf 87' lang='lat' dir='ltr'>Thuan.</span> <span class='ocrx_word' id='word_1_173' title='bbox 887 1574 924 1610; x_wconf 88' lang='lat' dir='ltr'>et</span> <span class='ocrx_word' id='word_1_174' title='bbox 956 1571 1091 1610; x_wconf 87' lang='lat' dir='ltr'>Petav.</span> <span class='ocrx_word' id='word_1_175' title='bbox 1123 1574 1223 1610; x_wconf 87' lang='lat' dir='ltr'>teste</span> <span class='ocrx_word' id='word_1_176' title='bbox 1254 1569 1419 1618; x_wconf 84' lang='lat' dir='ltr'>Vossi03</span> <span class='ocrx_word' id='word_1_177' title='bbox 1453 1570 1491 1607; x_wconf 89' lang='lat' dir='ltr'>et</span> <span class='ocrx_word' id='word_1_178' title='bbox 1521 1568 1578 1607; x_wconf 87' lang='lat' dir='ltr'>sic</span> <span class='ocrx_word' id='word_1_179' title='bbox 1605 1566 1691 1606; x_wconf 84' lang='lat' dir='ltr'>Au-</span> 
     </span>
     <span class='ocr_line' id='line_1_22' title="bbox 53 1638 1691 1693; baseline -0.003 -12"><span class='ocrx_word' id='word_1_180' title='bbox 53 1646 267 1693; x_wconf 87' lang='lat' dir='ltr'>gustanus,</span> <span class='ocrx_word' id='word_1_181' title='bbox 302 1642 368 1680; x_wconf 89' lang='lat' dir='ltr'>sed</span> <span class='ocrx_word' id='word_1_182' title='bbox 401 1642 437 1680; x_wconf 90' lang='lat' dir='ltr'>in</span> <span class='ocrx_word' id='word_1_183' title='bbox 468 1653 540 1693; x_wconf 92' lang='lat' dir='ltr'>quo</span> <span class='ocrx_word' id='word_1_184' title='bbox 573 1641 703 1681; x_wconf 79' lang='lat' dir='ltr'>bellis.</span> <span class='ocrx_word' id='word_1_185' title='bbox 785 1653 822 1679; x_wconf 87' lang='lat' dir='ltr'>v.</span> <span class='ocrx_word' id='word_1_186' title='bbox 856 1643 950 1680; x_wconf 74' lang='lat'>304.</span> <span class='ocrx_word' id='word_1_187' title='bbox 983 1639 1192 1679; x_wconf 84' lang='lat' dir='ltr'>insolenter</span> <span class='ocrx_word' id='word_1_188' title='bbox 1222 1639 1358 1678; x_wconf 89' lang='lat' dir='ltr'>dictum</span> <span class='ocrx_word' id='word_1_189' title='bbox 1402 1638 1549 1677; x_wconf 78' lang='lat' dir='ltr'>Troiae</span> <span class='ocrx_word' id='word_1_190' title='bbox 1586 1639 1691 1689; x_wconf 73' lang='lat' dir='ltr'>viri3</span> 
     </span>
     <span class='ocr_line' id='line_1_23' title="bbox 55 1709 899 1762; baseline -0.005 -11"><span class='ocrx_word' id='word_1_191' title='bbox 55 1714 266 1762; x_wconf 88' lang='lat' dir='ltr'>corruptum</span> <span class='ocrx_word' id='word_1_192' title='bbox 298 1722 370 1748; x_wconf 90' lang='lat' dir='ltr'>non</span> <span class='ocrx_word' id='word_1_193' title='bbox 401 1712 540 1761; x_wconf 83' lang='lat' dir='ltr'>putem.</span> <span class='ocrx_word' id='word_1_194' title='bbox 601 1709 668 1748; x_wconf 88' lang='lat' dir='ltr'>Sic</span> <span class='ocrx_word' id='word_1_195' title='bbox 698 1709 899 1748; x_wconf 86' lang='lat' dir='ltr'>Naevius:</span> 
     </span>
    </p>

    <p class='ocr_par' dir='ltr' id='par_1_11' title="bbox 55 1778 1664 1901">
     <span class='ocr_line' id='line_1_24' title="bbox 283 1778 1149 1837; baseline -0.003 -19"><span class='ocrx_word' id='word_1_196' title='bbox 283 1779 362 1837; x_wconf 73' lang='lat' dir='ltr'>Qui</span> <span class='ocrx_word' id='word_1_197' title='bbox 390 1781 518 1818; x_wconf 84' lang='lat' dir='ltr'>terrai</span> <span class='ocrx_word' id='word_1_198' title='bbox 548 1779 695 1817; x_wconf 80' lang='lat' dir='ltr'>Laliai</span> <span class='ocrx_word' id='word_1_199' title='bbox 737 1783 919 1817; x_wconf 78' lang='lat' dir='ltr'>luserunt</span> <span class='ocrx_word' id='word_1_200' title='bbox 956 1778 1149 1817; x_wconf 70' lang='lat' dir='ltr'>liemones.</span> 
     </span>
     <span class='ocr_line' id='line_1_25' title="bbox 55 1844 1664 1901; baseline -0.004 -13"><span class='ocrx_word' id='word_1_201' title='bbox 55 1851 94 1888; x_wconf 89' lang='lat' dir='ltr'>et</span> <span class='ocrx_word' id='word_1_202' title='bbox 124 1861 170 1887; x_wconf 89' lang='lat' dir='ltr'>ne</span> <span class='ocrx_word' id='word_1_203' title='bbox 201 1848 286 1901; x_wconf 92' lang='lat' dir='ltr'>quis</span> <span class='ocrx_word' id='word_1_204' title='bbox 316 1847 388 1886; x_wconf 85' lang='lat' dir='ltr'>hoc</span> <span class='ocrx_word' id='word_1_205' title='bbox 419 1860 588 1893; x_wconf 87' lang='lat' dir='ltr'>cascum,</span> <span class='ocrx_word' id='word_1_206' title='bbox 630 1847 882 1896; x_wconf 82' lang='lat' dir='ltr'>Naevianum,</span> <span class='ocrx_word' id='word_1_207' title='bbox 915 1847 1033 1894; x_wconf 85' lang='lat' dir='ltr'>dicat,</span> <span class='ocrx_word' id='word_1_208' title='bbox 1065 1846 1180 1895; x_wconf 79' lang='lat' dir='ltr'>Eleg.</span> <span class='ocrx_word' id='word_1_209' title='bbox 1213 1845 1258 1884; x_wconf 83' lang='lat' dir='ltr'>ad</span> <span class='ocrx_word' id='word_1_210' title='bbox 1288 1844 1492 1885; x_wconf 81' lang='lat' dir='ltr'>Messalam</span> <span class='ocrx_word' id='word_1_211' title='bbox 1523 1857 1564 1883; x_wconf 84' lang='lat' dir='ltr'>v.</span> <span class='ocrx_word' id='word_1_212' title='bbox 1597 1847 1664 1883; x_wconf 87' lang='grc'>20.</span> 
     </span>
    </p>

    <p class='ocr_par' dir='ltr' id='par_1_12' title="bbox 55 1915 1696 3068">
     <span class='ocr_line' id='line_1_26' title="bbox 286 1915 1201 1973; baseline -0.003 -18"><span class='ocrx_word' id='word_1_213' title='bbox 286 1916 437 1973; x_wconf 75' lang='lat' dir='ltr'>Qualia</span> <span class='ocrx_word' id='word_1_214' title='bbox 467 1916 687 1955; x_wconf 81' lang='lat' dir='ltr'>Trinacriae</span> <span class='ocrx_word' id='word_1_215' title='bbox 719 1917 860 1955; x_wconf 73' lang='lat' dir='ltr'>(Iactus</span> <span class='ocrx_word' id='word_1_216' title='bbox 902 1923 1009 1954; x_wconf 83' lang='lat' dir='ltr'>amat</span> <span class='ocrx_word' id='word_1_217' title='bbox 1040 1915 1201 1953; x_wconf 83' lang='lat' dir='ltr'>iuvenis.</span> 
     </span>
     <span class='ocr_line' id='line_1_27' title="bbox 56 1981 1694 2037; baseline -0.002 -14"><span class='ocrx_word' id='word_1_218' title='bbox 56 1985 281 2037; x_wconf 79' lang='lat' dir='ltr'>Quamquam</span> <span class='ocrx_word' id='word_1_219' title='bbox 313 1986 421 2023; x_wconf 88' lang='lat' dir='ltr'>etiam</span> <span class='ocrx_word' id='word_1_220' title='bbox 452 1984 549 2023; x_wconf 89' lang='lat' dir='ltr'>hunc</span> <span class='ocrx_word' id='word_1_221' title='bbox 592 1984 711 2023; x_wconf 89' lang='lat' dir='ltr'>locum</span> <span class='ocrx_word' id='word_1_222' title='bbox 743 1987 889 2023; x_wconf 88' lang='lat' dir='ltr'>tentant</span> <span class='ocrx_word' id='word_1_223' title='bbox 933 1984 1003 2022; x_wconf 89' lang='lat' dir='ltr'>viri</span> <span class='ocrx_word' id='word_1_224' title='bbox 1050 1984 1162 2021; x_wconf 86' lang='lat' dir='ltr'>docti.</span> <span class='ocrx_word' id='word_1_225' title='bbox 1232 1982 1273 2021; x_wconf 93' lang='lat' dir='ltr'>In</span> <span class='ocrx_word' id='word_1_226' title='bbox 1316 1982 1447 2022; x_wconf 88' lang='lat' dir='ltr'>Culice</span> <span class='ocrx_word' id='word_1_227' title='bbox 1486 1981 1694 2031; x_wconf 84' lang='lat' dir='ltr'>singularis</span> 
     </span>
     <span class='ocr_line' id='line_1_28' title="bbox 56 2051 1692 2105; baseline -0.001 -14"><span class='ocrx_word' id='word_1_228' title='bbox 56 2053 235 2105; x_wconf 83' lang='lat' dir='ltr'>quaedam</span> <span class='ocrx_word' id='word_1_229' title='bbox 267 2053 360 2090; x_wconf 89' lang='lat' dir='ltr'>ratio</span> <span class='ocrx_word' id='word_1_230' title='bbox 385 2056 468 2101; x_wconf 82' lang='lat' dir='ltr'>est,</span> <span class='ocrx_word' id='word_1_231' title='bbox 500 2056 784 2104; x_wconf 86' lang='lat' dir='ltr'>propterquam</span> <span class='ocrx_word' id='word_1_232' title='bbox 816 2053 867 2091; x_wconf 87' lang='lat' dir='ltr'>ita</span> <span class='ocrx_word' id='word_1_233' title='bbox 896 2053 1102 2103; x_wconf 79' lang='lat' dir='ltr'>scripsisse</span> <span class='ocrx_word' id='word_1_234' title='bbox 1125 2056 1271 2102; x_wconf 85' lang='lat' dir='ltr'>poetam</span> <span class='ocrx_word' id='word_1_235' title='bbox 1303 2051 1511 2090; x_wconf 87' lang='lat' dir='ltr'>insolenter</span> <span class='ocrx_word' id='word_1_236' title='bbox 1542 2063 1692 2089; x_wconf 79' lang='lat' dir='ltr'>censen.</span> 
     </span>
     <span class='ocr_line' id='line_1_29' title="bbox 57 2120 1692 2172; baseline -0.002 -11"><span class='ocrx_word' id='word_1_237' title='bbox 57 2123 101 2161; x_wconf 83' lang='lat' dir='ltr'>Si</span> <span class='ocrx_word' id='word_1_238' title='bbox 132 2123 225 2160; x_wconf 87' lang='lat' dir='ltr'>enim</span> <span class='ocrx_word' id='word_1_239' title='bbox 262 2122 387 2160; x_wconf 79' lang='lat' dir='ltr'>Troes</span> <span class='ocrx_word' id='word_1_240' title='bbox 419 2121 667 2171; x_wconf 81' lang='lat' dir='ltr'>scripsisset,</span> <span class='ocrx_word' id='word_1_241' title='bbox 702 2127 740 2160; x_wconf 92' lang='lat' dir='ltr'>nt</span> <span class='ocrx_word' id='word_1_242' title='bbox 771 2121 895 2172; x_wconf 81' lang='lat' dir='ltr'>placet</span> <span class='ocrx_word' id='word_1_243' title='bbox 926 2121 1106 2170; x_wconf 73' lang='lat' dir='ltr'>lleynio,</span> <span class='ocrx_word' id='word_1_244' title='bbox 1140 2122 1326 2159; x_wconf 89' lang='lat' dir='ltr'>sententia</span> <span class='ocrx_word' id='word_1_245' title='bbox 1359 2122 1410 2159; x_wconf 77' lang='lat' dir='ltr'>ita</span> <span class='ocrx_word' id='word_1_246' title='bbox 1440 2120 1692 2171; x_wconf 78' lang='lat' dir='ltr'>procederet:</span> 
     </span>
     <span class='ocr_line' id='line_1_30' title="bbox 56 2187 1695 2243; baseline -0.002 -14"><span class='ocrx_word' id='word_1_247' title='bbox 56 2204 151 2243; x_wconf 87' lang='lat' dir='ltr'>qnae</span> <span class='ocrx_word' id='word_1_248' title='bbox 185 2190 273 2228; x_wconf 88' lang='lat' dir='ltr'>belli</span> <span class='ocrx_word' id='word_1_249' title='bbox 305 2190 466 2228; x_wconf 84' lang='lat' dir='ltr'>divortia</span> <span class='ocrx_word' id='word_1_250' title='bbox 495 2189 619 2228; x_wconf 81' lang='lat' dir='ltr'>Troes</span> <span class='ocrx_word' id='word_1_251' title='bbox 652 2190 807 2239; x_wconf 80' lang='lat' dir='ltr'>videre,</span> <span class='ocrx_word' id='word_1_252' title='bbox 854 2203 960 2242; x_wconf 92' lang='lat' dir='ltr'>quum</span> <span class='ocrx_word' id='word_1_253' title='bbox 1004 2189 1136 2228; x_wconf 83' lang='lat' dir='ltr'>videre</span> <span class='ocrx_word' id='word_1_254' title='bbox 1175 2190 1300 2229; x_wconf 86' lang='lat' dir='ltr'>Troas</span> <span class='ocrx_word' id='word_1_255' title='bbox 1342 2193 1508 2240; x_wconf 88' lang='lat' dir='ltr'>paratos.</span> <span class='ocrx_word' id='word_1_256' title='bbox 1569 2187 1695 2226; x_wconf 84' lang='lat' dir='ltr'>Troes</span> 
     </span>
     <span class='ocr_line' id='line_1_31' title="bbox 59 2258 1695 2312; baseline -0.002 -14"><span class='ocrx_word' id='word_1_257' title='bbox 59 2260 191 2298; x_wconf 77' lang='lat' dir='ltr'>videre</span> <span class='ocrx_word' id='word_1_258' title='bbox 233 2259 384 2297; x_wconf 85' lang='lat' dir='ltr'>Troas:</span> <span class='ocrx_word' id='word_1_259' title='bbox 426 2258 522 2310; x_wconf 87' lang='lat' dir='ltr'>quod</span> <span class='ocrx_word' id='word_1_260' title='bbox 561 2259 774 2297; x_wconf 86' lang='lat' dir='ltr'>absurdum.</span> <span class='ocrx_word' id='word_1_261' title='bbox 849 2261 993 2298; x_wconf 78' lang='lat' dir='ltr'>Troiae</span> <span class='ocrx_word' id='word_1_262' title='bbox 1030 2263 1142 2298; x_wconf 71' lang='lat' dir='ltr'>viros</span> <span class='ocrx_word' id='word_1_263' title='bbox 1195 2260 1424 2312; x_wconf 78' lang='lat' dir='ltr'>Graiosque</span> <span class='ocrx_word' id='word_1_264' title='bbox 1463 2271 1570 2310; x_wconf 91' lang='lat' dir='ltr'>quum</span> <span class='ocrx_word' id='word_1_265' title='bbox 1606 2258 1695 2296; x_wconf 82' lang='lat' dir='ltr'>dicit</span> 
     </span>
     <span class='ocr_line' id='line_1_32' title="bbox 57 2326 1694 2379; baseline -0.002 -13"><span class='ocrx_word' id='word_1_266' title='bbox 57 2333 194 2379; x_wconf 81' lang='lat' dir='ltr'>poeta,</span> <span class='ocrx_word' id='word_1_267' title='bbox 242 2326 360 2365; x_wconf 83' lang='lat' dir='ltr'>voluit</span> <span class='ocrx_word' id='word_1_268' title='bbox 402 2327 436 2364; x_wconf 92' lang='lat' dir='ltr'>in</span> <span class='ocrx_word' id='word_1_269' title='bbox 471 2327 685 2365; x_wconf 79' lang='lat' dir='ltr'>universum</span> <span class='ocrx_word' id='word_1_270' title='bbox 728 2328 947 2376; x_wconf 74' lang='lat' dir='ltr'>significare</span> <span class='ocrx_word' id='word_1_271' title='bbox 991 2326 1159 2365; x_wconf 84' lang='lat' dir='ltr'>homines</span> <span class='ocrx_word' id='word_1_272' title='bbox 1190 2328 1326 2366; x_wconf 86' lang='lat' dir='ltr'>aetatis</span> <span class='ocrx_word' id='word_1_273' title='bbox 1358 2327 1469 2365; x_wconf 88' lang='lat' dir='ltr'>istius</span> <span class='ocrx_word' id='word_1_274' title='bbox 1501 2326 1694 2374; x_wconf 83' lang='lat' dir='ltr'>heroicae,</span> 
     </span>
     <span class='ocr_line' id='line_1_33' title="bbox 58 2394 1694 2435; baseline -0.002 -1"><span class='ocrx_word' id='word_1_275' title='bbox 58 2400 97 2435; x_wconf 88' lang='lat' dir='ltr'>ut</span> <span class='ocrx_word' id='word_1_276' title='bbox 128 2397 161 2434; x_wconf 90' lang='lat' dir='ltr'>in</span> <span class='ocrx_word' id='word_1_277' title='bbox 196 2399 323 2434; x_wconf 86' lang='lat' dir='ltr'>nostro</span> <span class='ocrx_word' id='word_1_278' title='bbox 355 2407 528 2433; x_wconf 85' lang='lat' dir='ltr'>sermone</span> <span class='ocrx_word' id='word_1_279' title='bbox 560 2396 624 2434; x_wconf 83' lang='lat' dir='ltr'>die</span> <span class='ocrx_word' id='word_1_280' title='bbox 656 2395 838 2435; x_wconf 65' lang='lat' dir='ltr'>fflc&#39;laner</span> <span class='ocrx_word' id='word_1_281' title='bbox 869 2409 946 2435; x_wconf 81' lang='lat' dir='ltr'>von</span> <span class='ocrx_word' id='word_1_282' title='bbox 982 2397 1105 2435; x_wconf 78' lang='lat' dir='ltr'>Troia</span> <span class='ocrx_word' id='word_1_283' title='bbox 1138 2408 1209 2434; x_wconf 91' lang='lat' dir='ltr'>non</span> <span class='ocrx_word' id='word_1_284' title='bbox 1241 2400 1349 2434; x_wconf 85' lang='lat' dir='ltr'>erunt</span> <span class='ocrx_word' id='word_1_285' title='bbox 1380 2394 1600 2433; x_wconf 75' lang='lat' dir='ltr'>nevessario</span> <span class='ocrx_word' id='word_1_286' title='bbox 1632 2394 1694 2432; x_wconf 84' lang='lat' dir='ltr'>in-</span> 
     </span>
     <span class='ocr_line' id='line_1_34' title="bbox 58 2463 1692 2517; baseline -0.002 -13"><span class='ocrx_word' id='word_1_287' title='bbox 58 2465 166 2504; x_wconf 87' lang='lat' dir='ltr'>colae</span> <span class='ocrx_word' id='word_1_288' title='bbox 196 2465 359 2512; x_wconf 86' lang='lat' dir='ltr'>Troiae,</span> <span class='ocrx_word' id='word_1_289' title='bbox 394 2463 454 2502; x_wconf 85' lang='lat' dir='ltr'>vel</span> <span class='ocrx_word' id='word_1_290' title='bbox 488 2464 632 2502; x_wconf 86' lang='lat' dir='ltr'>oriundi</span> <span class='ocrx_word' id='word_1_291' title='bbox 663 2465 799 2514; x_wconf 84' lang='lat' dir='ltr'>Troia,</span> <span class='ocrx_word' id='word_1_292' title='bbox 831 2466 898 2503; x_wconf 83' lang='lat' dir='ltr'>sed</span> <span class='ocrx_word' id='word_1_293' title='bbox 931 2466 1041 2504; x_wconf 85' lang='lat' dir='ltr'>etiam</span> <span class='ocrx_word' id='word_1_294' title='bbox 1073 2465 1134 2517; x_wconf 91' lang='lat' dir='ltr'>qui</span> <span class='ocrx_word' id='word_1_295' title='bbox 1168 2466 1303 2503; x_wconf 85' lang='lat' dir='ltr'>vixere</span> <span class='ocrx_word' id='word_1_296' title='bbox 1334 2468 1499 2515; x_wconf 87' lang='lat' dir='ltr'>tempore</span> <span class='ocrx_word' id='word_1_297' title='bbox 1529 2463 1692 2511; x_wconf 85' lang='lat' dir='ltr'>Troiae,</span> 
     </span>
     <span class='ocr_line' id='line_1_35' title="bbox 58 2531 1694 2586; baseline -0.004 -12"><span class='ocrx_word' id='word_1_298' title='bbox 58 2537 96 2574; x_wconf 82' lang='lat' dir='ltr'>et</span> <span class='ocrx_word' id='word_1_299' title='bbox 127 2534 188 2586; x_wconf 90' lang='lat' dir='ltr'>qui</span> <span class='ocrx_word' id='word_1_300' title='bbox 219 2545 389 2581; x_wconf 77' lang='lat' dir='ltr'>magnum</span> <span class='ocrx_word' id='word_1_301' title='bbox 421 2533 504 2584; x_wconf 86' lang='lat' dir='ltr'>quid</span> <span class='ocrx_word' id='word_1_302' title='bbox 537 2537 810 2583; x_wconf 79' lang='lat' dir='ltr'>perpetravere</span> <span class='ocrx_word' id='word_1_303' title='bbox 841 2535 884 2572; x_wconf 89' lang='lat' dir='ltr'>ad</span> <span class='ocrx_word' id='word_1_304' title='bbox 910 2535 1074 2573; x_wconf 86' lang='lat' dir='ltr'>Troiam.</span> <span class='ocrx_word' id='word_1_305' title='bbox 1135 2534 1298 2573; x_wconf 86' lang='lat' dir='ltr'>Leviora</span> <span class='ocrx_word' id='word_1_306' title='bbox 1329 2536 1415 2571; x_wconf 90' lang='lat' dir='ltr'>sunt</span> <span class='ocrx_word' id='word_1_307' title='bbox 1446 2532 1588 2571; x_wconf 82' lang='lat' dir='ltr'>codicis</span> <span class='ocrx_word' id='word_1_308' title='bbox 1607 2531 1694 2569; x_wconf 89' lang='lat' dir='ltr'>Au-</span> 
     </span>
     <span class='ocr_line' id='line_1_36' title="bbox 58 2599 1694 2654; baseline -0.001 -15"><span class='ocrx_word' id='word_1_309' title='bbox 58 2603 213 2652; x_wconf 82' lang='lat' dir='ltr'>gustani</span> <span class='ocrx_word' id='word_1_310' title='bbox 247 2603 337 2640; x_wconf 73' lang='lat' dir='ltr'>vitia</span> <span class='ocrx_word' id='word_1_311' title='bbox 366 2606 479 2653; x_wconf 84' lang='lat' dir='ltr'>atque</span> <span class='ocrx_word' id='word_1_312' title='bbox 511 2606 664 2640; x_wconf 85' lang='lat' dir='ltr'>errata:</span> <span class='ocrx_word' id='word_1_313' title='bbox 700 2616 737 2640; x_wconf 88' lang='lat' dir='ltr'>v.</span> <span class='ocrx_word' id='word_1_314' title='bbox 770 2606 865 2641; x_wconf 68' lang='lat'>304.</span> <span class='ocrx_word' id='word_1_315' title='bbox 897 2606 1016 2654; x_wconf 74' lang='lat' dir='ltr'>yraui</span> <span class='ocrx_word' id='word_1_316' title='bbox 1047 2615 1115 2654; x_wconf 87' lang='lat' dir='ltr'>pro</span> <span class='ocrx_word' id='word_1_317' title='bbox 1148 2603 1279 2642; x_wconf 84' lang='lat' dir='ltr'>Graii.</span> <span class='ocrx_word' id='word_1_318' title='bbox 1340 2614 1378 2639; x_wconf 89' lang='lat' dir='ltr'>v.</span> <span class='ocrx_word' id='word_1_319' title='bbox 1400 2604 1496 2640; x_wconf 83' lang='lat'>305.</span> <span class='ocrx_word' id='word_1_320' title='bbox 1527 2606 1605 2639; x_wconf 83' lang='lat' dir='ltr'>tum</span> <span class='ocrx_word' id='word_1_321' title='bbox 1631 2599 1694 2638; x_wconf 90' lang='lat' dir='ltr'>ubi</span> 
     </span>
     <span class='ocr_line' id='line_1_37' title="bbox 60 2671 1696 2725; baseline -0.001 -16"><span class='ocrx_word' id='word_1_322' title='bbox 60 2684 171 2725; x_wconf 86' lang='lat' dir='ltr'>quom</span> <span class='ocrx_word' id='word_1_323' title='bbox 202 2671 321 2710; x_wconf 85' lang='lat' dir='ltr'>Voss.</span> <span class='ocrx_word' id='word_1_324' title='bbox 356 2673 421 2708; x_wconf 68' lang='lat' dir='ltr'>sl.</span> <span class='ocrx_word' id='word_1_325' title='bbox 483 2682 521 2708; x_wconf 80' lang='lat' dir='ltr'>v.</span> <span class='ocrx_word' id='word_1_326' title='bbox 555 2674 648 2708; x_wconf 77' lang='lat'><strong>306.</strong></span> <span class='ocrx_word' id='word_1_327' title='bbox 694 2672 866 2712; x_wconf 74' lang='lat' dir='ltr'>Sz&#39;monis</span> <span class='ocrx_word' id='word_1_328' title='bbox 906 2672 1040 2711; x_wconf 87' lang='lat' dir='ltr'>Petav.</span> <span class='ocrx_word' id='word_1_329' title='bbox 1083 2674 1121 2710; x_wconf 90' lang='lat' dir='ltr'>et</span> <span class='ocrx_word' id='word_1_330' title='bbox 1160 2674 1327 2709; x_wconf 83' lang='lat' dir='ltr'>extremo</span> <span class='ocrx_word' id='word_1_331' title='bbox 1368 2682 1482 2709; x_wconf 87' lang='lat' dir='ltr'>versu</span> <span class='ocrx_word' id='word_1_332' title='bbox 1528 2671 1696 2723; x_wconf 85' lang='lat' dir='ltr'>sieaque</span> 
     </span>
     <span class='ocr_line' id='line_1_38' title="bbox 55 2735 1696 2793; baseline -0.002 -14"><span class='ocrx_word' id='word_1_333' title='bbox 55 2744 229 2793; x_wconf 77' lang='lat' dir='ltr'>proetunt</span> <span class='ocrx_word' id='word_1_334' title='bbox 268 2739 440 2788; x_wconf 82' lang='lat' dir='ltr'>August.</span> <span class='ocrx_word' id='word_1_335' title='bbox 474 2740 631 2793; x_wconf 72' lang='lat' dir='ltr'>siqeaq3</span> <span class='ocrx_word' id='word_1_336' title='bbox 660 2748 750 2792; x_wconf 81' lang='lat' dir='ltr'>pret</span> <span class='ocrx_word' id='word_1_337' title='bbox 791 2740 900 2790; x_wconf 88' lang='lat' dir='ltr'>(sie)</span> <span class='ocrx_word' id='word_1_338' title='bbox 950 2741 1070 2780; x_wconf 87' lang='lat' dir='ltr'>Voss.</span> <span class='ocrx_word' id='word_1_339' title='bbox 1102 2742 1169 2778; x_wconf 79' lang='lat' dir='ltr'>Sl.</span> <span class='ocrx_word' id='word_1_340' title='bbox 1213 2740 1340 2777; x_wconf 88' lang='lat' dir='ltr'>mirum</span> <span class='ocrx_word' id='word_1_341' title='bbox 1380 2735 1583 2788; x_wconf 76' lang='grc' dir='ltr'><em>σφάλμα,</em></span> <span class='ocrx_word' id='word_1_342' title='bbox 1626 2737 1696 2776; x_wconf 86' lang='lat' dir='ltr'>sed</span> 
     </span>
     <span class='ocr_line' id='line_1_39' title="bbox 62 2804 1693 2861; baseline -0.001 -16"><span class='ocrx_word' id='word_1_343' title='bbox 62 2804 267 2859; x_wconf 73' lang='grc' dir='ltr'><em>σφάλμα,</em></span> <span class='ocrx_word' id='word_1_344' title='bbox 302 2810 340 2846; x_wconf 94' lang='lat' dir='ltr'>ut</span> <span class='ocrx_word' id='word_1_345' title='bbox 370 2810 483 2858; x_wconf 87' lang='lat' dir='ltr'>puto,</span> <span class='ocrx_word' id='word_1_346' title='bbox 525 2807 559 2845; x_wconf 92' lang='lat' dir='ltr'>in</span> <span class='ocrx_word' id='word_1_347' title='bbox 598 2820 669 2859; x_wconf 89' lang='lat' dir='ltr'>quo</span> <span class='ocrx_word' id='word_1_348' title='bbox 702 2808 789 2847; x_wconf 87' lang='lat' dir='ltr'>nihil</span> <span class='ocrx_word' id='word_1_349' title='bbox 821 2809 914 2848; x_wconf 88' lang='lat' dir='ltr'>latet</span> <span class='ocrx_word' id='word_1_350' title='bbox 945 2809 1068 2857; x_wconf 88' lang='lat' dir='ltr'>aliud,</span> <span class='ocrx_word' id='word_1_351' title='bbox 1113 2821 1219 2861; x_wconf 89' lang='lat' dir='ltr'>quam</span> <span class='ocrx_word' id='word_1_352' title='bbox 1251 2807 1347 2859; x_wconf 84' lang='lat' dir='ltr'>quod</span> <span class='ocrx_word' id='word_1_353' title='bbox 1380 2806 1499 2856; x_wconf 79' lang='lat' dir='ltr'>vulgo</span> <span class='ocrx_word' id='word_1_354' title='bbox 1530 2806 1693 2855; x_wconf 78' lang='lat' dir='ltr'>legitur,</span> 
     </span>
     <span class='ocr_line' id='line_1_40' title="bbox 61 2875 1696 2927; baseline -0.001 -11"><span class='ocrx_word' id='word_1_355' title='bbox 61 2890 105 2916; x_wconf 88' lang='lat' dir='ltr'>ac</span> <span class='ocrx_word' id='word_1_356' title='bbox 137 2877 360 2927; x_wconf 85' lang='lat' dir='ltr'>legebatur,</span> <span class='ocrx_word' id='word_1_357' title='bbox 399 2877 429 2913; x_wconf 86' lang='lat' dir='ltr'>si</span> <span class='ocrx_word' id='word_1_358' title='bbox 463 2875 554 2913; x_wconf 79' lang='lat' dir='ltr'>tides</span> <span class='ocrx_word' id='word_1_359' title='bbox 587 2877 736 2916; x_wconf 78' lang='lat' dir='ltr'>silentio</span> <span class='ocrx_word' id='word_1_360' title='bbox 769 2878 924 2926; x_wconf 86' lang='lat' dir='ltr'>Vossii,</span> <span class='ocrx_word' id='word_1_361' title='bbox 958 2879 992 2916; x_wconf 88' lang='lat' dir='ltr'>in</span> <span class='ocrx_word' id='word_1_362' title='bbox 1024 2877 1207 2916; x_wconf 89' lang='lat' dir='ltr'>Thuaneo</span> <span class='ocrx_word' id='word_1_363' title='bbox 1240 2879 1278 2915; x_wconf 90' lang='lat' dir='ltr'>et</span> <span class='ocrx_word' id='word_1_364' title='bbox 1308 2876 1540 2924; x_wconf 80' lang='lat' dir='ltr'>Petaviano,</span> <span class='ocrx_word' id='word_1_365' title='bbox 1569 2888 1696 2927; x_wconf 83' lang='lat' dir='ltr'>prae-</span> 
     </span>
     <span class='ocr_line' id='line_1_41' title="bbox 62 2943 1696 2997; baseline -0.002 -12"><span class='ocrx_word' id='word_1_366' title='bbox 62 2954 133 2985; x_wconf 74' lang='grc' dir='ltr'>(εν.</span> <span class='ocrx_word' id='word_1_367' title='bbox 195 2959 232 2984; x_wconf 85' lang='lat' dir='ltr'>v.</span> <span class='ocrx_word' id='word_1_368' title='bbox 267 2947 360 2984; x_wconf 67' lang='lat'><strong>307.</strong></span> <span class='ocrx_word' id='word_1_369' title='bbox 396 2957 523 2982; x_wconf 79' lang='lat' dir='ltr'>verum</span> <span class='ocrx_word' id='word_1_370' title='bbox 556 2957 664 2989; x_wconf 87' lang='lat' dir='ltr'>esse,</span> <span class='ocrx_word' id='word_1_371' title='bbox 699 2946 796 2997; x_wconf 79' lang='lat' dir='ltr'>quffll</span> <span class='ocrx_word' id='word_1_372' title='bbox 829 2947 982 2986; x_wconf 86' lang='lat' dir='ltr'>exhibui</span> <span class='ocrx_word' id='word_1_373' title='bbox 1015 2959 1095 2985; x_wconf 87' lang='lat' dir='ltr'>cum</span> <span class='ocrx_word' id='word_1_374' title='bbox 1120 2946 1292 2995; x_wconf 64' lang='lat' dir='ltr'>nemo,</span> <span class='ocrx_word' id='word_1_375' title='bbox 1326 2956 1399 2983; x_wconf 88' lang='lat' dir='ltr'>non</span> <span class='ocrx_word' id='word_1_376' title='bbox 1431 2947 1502 2983; x_wconf 90' lang='lat' dir='ltr'>tam</span> <span class='ocrx_word' id='word_1_377' title='bbox 1536 2943 1696 2982; x_wconf 66' lang='lat' dir='ltr'>Vossm-</span> 
     </span>
     <span class='ocr_line' id='line_1_42' title="bbox 63 3011 1694 3068; baseline -0.001 -15"><span class='ocrx_word' id='word_1_378' title='bbox 63 3028 111 3053; x_wconf 88' lang='lat' dir='ltr'>no</span> <span class='ocrx_word' id='word_1_379' title='bbox 144 3018 210 3055; x_wconf 78' lang='lat' dir='ltr'>Sl.</span> <span class='ocrx_word' id='word_1_380' title='bbox 242 3015 280 3054; x_wconf 93' lang='lat' dir='ltr'>in</span> <span class='ocrx_word' id='word_1_381' title='bbox 313 3028 384 3068; x_wconf 90' lang='lat' dir='ltr'>quo</span> <span class='ocrx_word' id='word_1_382' title='bbox 415 3014 557 3067; x_wconf 85' lang='lat' dir='ltr'>liquide</span> <span class='ocrx_word' id='word_1_383' title='bbox 586 3015 639 3053; x_wconf 81' lang='lat' dir='ltr'>ita</span> <span class='ocrx_word' id='word_1_384' title='bbox 668 3013 830 3065; x_wconf 80' lang='lat' dir='ltr'>legItur,</span> <span class='ocrx_word' id='word_1_385' title='bbox 863 3029 897 3056; x_wconf 86' lang='lat' dir='ltr'>s.</span> <span class='ocrx_word' id='word_1_386' title='bbox 931 3015 1047 3056; x_wconf 78' lang='lat' dir='ltr'>ducis</span> <span class='ocrx_word' id='word_1_387' title='bbox 1078 3015 1117 3054; x_wconf 71' lang='grc' dir='ltr'>Ῐι.</span> <span class='ocrx_word' id='word_1_388' title='bbox 1147 3016 1233 3062; x_wconf 80' lang='lat' dir='ltr'>ira,</span> <span class='ocrx_word' id='word_1_389' title='bbox 1266 3025 1372 3066; x_wconf 88' lang='lat' dir='ltr'>quam</span> <span class='ocrx_word' id='word_1_390' title='bbox 1402 3012 1568 3064; x_wconf 87' lang='lat' dir='ltr'>antiquis</span> <span class='ocrx_word' id='word_1_391' title='bbox 1598 3011 1694 3062; x_wconf 83' lang='lat' dir='ltr'>illis,</span> 
     </span>
    </p>
   </div>
  </div>
 </body>
</html>
