2006 3365
213 119 314 165 234
824 116 1185 156 DISSERTATIO
1219 117 1249 157 Ι.

212 231 347 284 aliquis
379 243 472 284 quae
503 231 628 269 insunt
658 230 703 269 ad
736 229 926 270 historiam
964 231 1215 282 pertinentia,
1255 244 1348 284 quae
1387 232 1531 283 quidem
1574 232 1660 271 mihi
1692 232 1851 272 nondum

213 303 300 339 sunt
330 300 481 350 penitus
514 302 740 349 perspecta,
774 300 1039 350 expediverit,
1069 303 1189 338 tamen
1217 306 1344 339 contra
1368 301 1509 350 lleynii
1534 302 1754 340 sententiam
1779 313 1850 340 non

212 368 329 407 solum
362 368 521 418 priorem
563 367 683 414 illam,
727 368 794 406 sed
829 369 936 406 etiam
968 368 1244 419 posteriorem,
1288 382 1358 420 qua
1390 370 1581 418 Augustei
1613 370 1725 408 fetum
1759 382 1850 408 sae-

212 436 305 486 culi,
337 436 426 485 sed,
458 439 497 474 ut
528 437 697 485 videtur,
732 437 984 481 declinantis,
1017 449 1105 475 esse
1137 437 1390 484 concedebat,
1422 438 1606 489 antiquam
1636 450 1746 486 esse,
1777 437 1850 476 hoc

211 506 290 551 est,
323 506 393 541 tam
424 504 630 555 antiquam,
675 508 713 543 ut
744 506 868 555 possit
912 505 959 543 ab
1002 506 1137 544 iuvene
1179 508 1322 557 scripta
1363 505 1528 554 Virgilio
1568 518 1678 555 esse,
1710 509 1849 545 statuo.

210 571 434 622 Imperitiam
475 573 664 611 concedo:
714 585 868 622 verum,
910 575 947 612 ut
986 574 1086 620 dixi,
1127 575 1269 625 duplex
1309 575 1495 625 reperitur
1534 575 1740 626 imperitia,
1780 587 1853 614 una

211 639 434 679 declinantis
465 653 486 679 a
519 654 586 680 suo
618 643 777 691 fastigio
808 643 920 691 artis,
952 642 1071 681 altera
1102 645 1280 682 enitentis
1299 643 1343 680 ad
1371 643 1576 691 fastigium.
1638 643 1733 682 Post
1756 643 1850 682 haec

212 711 350 759 sponte
390 709 615 759 intelligitur
659 723 728 749 non
775 711 964 749 serendum
1008 724 1097 750 esse
1139 725 1308 761 versum,
1351 711 1471 763 qualis
1519 711 1638 761 vulgo
1682 714 1741 750 cst
1785 715 1852 751 48.

210 777 346 830 Saepe
376 779 560 818 audendo
591 793 698 818 mare
729 782 913 828 vincere,
949 794 1072 834 saepe
1110 782 1279 820 hiemem.
1341 781 1441 827 Mei,
1475 780 1625 819 codices
1652 779 1853 819 Basileen-

211 847 267 884 sis
299 850 336 885 et
357 847 569 886 Vossianus
592 847 641 886 ll.
676 849 848 887 Venetae
868 849 990 887 Rubei
1024 853 1061 887 et
1092 848 1267 892 Ieusoni,
1302 849 1524 893 Vicentina,
1558 849 1707 888 Veneta
1733 851 1851 887 1482.

212 918 250 953 et
282 914 430 954 Veneta
463 916 682 955 Burmanni:
715 918 759 957 S.
788 918 971 956 audendo
1003 932 1112 957 mare
1142 925 1191 957 et.
1225 918 1321 969 quod
1354 917 1592 956 memorabile
1624 922 1684 956 est
1716 930 1854 956 versus

211 983 386 1022 fulcrum:
419 997 464 1022 an
496 997 517 1022 a
547 986 664 1035 primo
701 983 878 1025 editore?
939 986 1052 1025 Alios
1084 999 1156 1024 non
1191 986 1349 1025 collatos
1370 986 1493 1024 habeo
1526 987 1570 1024 ad
1597 986 1693 1024 hunc
1719 986 1852 1025 locum.

213 1052 319 1105 Quae
350 1056 496 1092 restant
529 1055 713 1103 carmina,
745 1054 794 1093 V.
828 1055 936 1094 Vlll.
968 1055 1058 1094 XII.
1088 1055 1197 1095 XIV.
1230 1055 1289 1094 ed.
1324 1056 1450 1105 lleyn.
1514 1053 1654 1103 (Anth.
1687 1055 1770 1094 Lat.
1802 1055 1852 1093 ΙΙ.

212 1136 374 1159 CCXLVI.
408 1137 537 1160 CXXX·
571 1138 717 1160 cxxiii.
751 1128 867 1172 LXV.)

497 1192 641 1230 Iacere
671 1206 750 1241 me,
785 1193 893 1246 qnod
922 1193 1010 1232 alta
1042 1206 1116 1231 non
1145 1196 1326 1245 possim,
1358 1199 1497 1246 putas.

497 1260 679 1300 Sabinus
712 1261 802 1310 ille,
848 1276 956 1314 quem
987 1262 1160 1311 videtis,
1203 1263 1398 1316 hospites.

499 1331 703 1383 Adspice,
737 1345 847 1384 qvem
879 1331 1018 1370 valido
1051 1332 1260 1371 subnixum
1289 1332 1421 1383 {floria
1451 1345 1585 1383 reyno.

500 1400 602 1457 Quis
635 1401 760 1449 dens,
796 1400 966 1451 Octavi,
999 1407 1038 1440 te
1068 1401 1180 1439 nobis
1214 1396 1412 1440 abstulit?
1443 1415 1494 1440 an
1527 1414 1644 1455 quae.

212 1479 343 1517 nemo,
382 1470 499 1518 puto,
539 1481 694 1520 unquam
732 1469 992 1520 adscripturus
1030 1468 1197 1519 Virgilio
1238 1471 1397 1517 suisset,
1446 1470 1537 1517 nisi,
1583 1469 1679 1521 quod
1711 1481 1781 1520 per
1810 1481 1855 1508 Se

211 1548 282 1573 non
316 1536 411 1574 satis
444 1536 603 1574 validum
637 1538 898 1576 firmamentum
918 1567 927 1585 ,
959 1541 1101 1577 mature
1132 1551 1243 1587 casu,
1277 1537 1338 1577 vel
1372 1538 1579 1587 colligendi
1609 1538 1786 1588 libidine,
1817 1539 1853 1576 in

210 1605 383 1642 viciniam
415 1606 711 1658 societatemque
755 1607 952 1645 carminum
991 1608 1188 1646 venissent
1231 1606 1538 1655 Virgilianorum.
1600 1606 1643 1645 Si
1674 1607 1758 1658 quid
1792 1609 1853 1645 ta-

209 1685 290 1711 men
337 1672 398 1711 liic
437 1686 583 1726 quoque
624 1676 753 1713 sensui
799 1676 1055 1724 tribuendum,
1102 1688 1178 1723 ego
1222 1676 1316 1726 quod
1366 1679 1557 1726 postremo
1598 1674 1681 1714 loco
1719 1675 1851 1726 posui,

211 1741 313 1799 Quis
347 1742 446 1781 deus
477 1742 650 1792 Oetaei,
681 1744 831 1782 facilius
864 1744 1054 1782 crederem
1076 1743 1230 1793 Virgilii
1256 1756 1365 1788 esse,
1401 1757 1504 1796 quam
1531 1743 1690 1795 reliqua.
1737 1743 1852 1784 Certe

209 1811 361 1859 ineptus
404 1812 524 1858 soret,
566 1812 598 1849 si
638 1812 721 1863 quis
759 1811 847 1850 illud
892 1814 1050 1863 propter
1095 1813 1333 1861 tenuitatem,
1379 1816 1416 1852 et
1456 1813 1553 1864 quod
1595 1814 1630 1850 in
1670 1811 1852 1850 hominem

210 1878 379 1927 ignotum
412 1880 590 1930 scriptum
621 1883 702 1929 est,
735 1883 897 1930 negaret
928 1893 1017 1919 esse
1039 1880 1210 1929 Virgilii.
1271 1881 1356 1919 Non
1389 1893 1536 1931 semper
1567 1892 1701 1930 magna
1734 1893 1853 1932 quae-

210 1949 295 1985 runt
327 1947 415 1986 boni
447 1952 585 1998 poetae
625 1952 868 1999 argumenta:
912 1950 984 1988 etsi
1025 1962 1119 2001 quae
1159 1948 1209 1986 illi
1250 1949 1423 1987 scribunt
1462 1951 1683 1998 argumento
1730 1949 1852 1996 tenui,

211 2016 338 2054 delere
370 2016 470 2056 solet
501 2021 619 2056 aetas.
685 2019 743 2056 De
776 2019 936 2057 carmine
977 2018 1161 2070 Adspice
1194 2032 1302 2072 quem
1333 2018 1473 2057 valido
1506 2022 1579 2056 etc.
1613 2016 1700 2056 nihil
1730 2016 1853 2056 haheo

211 2085 307 2137 quod
341 2085 475 2124 dicam.
535 2086 576 2125 In
608 2087 797 2127 Sabinum
830 2099 975 2126 carmen
1017 2089 1174 2138 propter
1205 2086 1322 2125 solam
1353 2086 1595 2125 acerbitatem
1626 2090 1738 2138 atque
1771 2089 1853 2124 tru-

212 2152 407 2192 culentiam
441 2167 512 2192 non
544 2155 796 2194 abiudicarem
827 2156 875 2194 ab
917 2156 1104 2206 Virgili03
1151 2159 1189 2194 et
1220 2157 1255 2194 in
1287 2156 1476 2207 parodiam
1509 2159 1734 2194 convertere
1766 2167 1852 2194 car-

210 2234 291 2259 men
334 2220 599 2271 Catullianum,
646 2226 832 2275 inceptmn
874 2226 1064 2264 videbitur
1104 2228 1192 2275 post
1224 2237 1288 2274 ea,
1336 2237 1429 2276 quae
1460 2237 1574 2274 supra
1606 2225 1714 2274 dixi,
1757 2224 1851 2262 haud

213 2290 401 2341 indignum
434 2291 614 2340 Virgilio.
677 2292 814 2331 Verum
846 2306 917 2345 quo
950 2294 994 2332 ad
1027 2294 1228 2342 Virgilium
1261 2294 1467 2340 reseratur,
1500 2294 1673 2332 indicium
1705 2296 1850 2332 notam-

213 2372 283 2411 que
314 2360 453 2398 frustra
498 2361 774 2411 circumspicio.
836 2361 1002 2401 Omnium
1046 2363 1191 2400 minime
1232 2374 1378 2400 carmen
1418 2363 1452 2400 in
1496 2362 1670 2411 Lucium,
1711 2362 1853 2402 Iacere

213 2442 293 2477 me,
328 2428 432 2482 quod
464 2429 551 2467 alla
582 2443 656 2468 non
686 2434 864 2483 possim,
905 2439 1056 2483 putas,
1100 2430 1213 2468 trIbui
1248 2429 1416 2479 Virgilio
1449 2443 1565 2481 posse
1597 2443 1750 2470 censeo.
1809 2429 1850 2467 Id

212 2497 256 2536 L.
295 2498 462 2536 Fruterio
514 2497 761 2537 Catullianum
805 2500 1017 2537 videbatur.
1093 2498 1241 2552 Quanto
1287 2501 1497 2550 sapientius
1538 2499 1737 2549 Scaliger:
1776 2512 1852 2537 non

214 2569 343 2605 ausim
393 2566 559 2618 Virglilio
597 2568 835 2616 attribuere,
885 2569 978 2607 lieet
1018 2568 1183 2619 eleffnns
1216 2574 1253 2607 et
1283 2569 1490 2608 ermlitnm.
1558 2568 1724 2608 Videtur
1753 2570 1851 2607 enim

215 2635 428 2674 seeundum
459 2642 629 2674 aetatem
673 2637 851 2686 Amasti
892 2639 1084 2690 seriptum
1121 2637 1270 2687 fuisse.
1332 2637 1510 2676 Fortasse
1555 2650 1604 2676 ex
1649 2637 1851 2675 imitatione

214 2703 371 2754 Epodon
401 2703 548 2742 Horatii
576 2708 698 2743 natum
727 2716 891 2751 carmen,
919 2706 1055 2757 quibus
1088 2707 1197 2745 etiam
1229 2709 1343 2743 metro
1371 2704 1503 2743 simile.
1566 2704 1671 2758 Quod
1701 2702 1850 2744 Catullo

215 2772 334 2811 simile
377 2773 447 2819 sit,
479 2773 548 2811 vix
580 2774 772 2825 quiequam
805 2774 1000 2812 inveneris
1041 2776 1194 2824 practer
1224 2775 1513 2826 appellationem
1546 2772 1850 2812 contumeliosam

215 2840 312 2878 illam
338 2842 503 2880 cinaede
525 2841 628 2880 Luci
656 2855 694 2879 v.
716 2844 781 2880 35.
809 2842 904 2893 quod
934 2843 1141 2880 convicium
1165 2844 1283 2882 fuisse
1311 2843 1421 2882 valde
1449 2842 1532 2881 olim
1553 2842 1744 2887 usitatum,
1778 2854 1850 2880 non

216 2920 365 2958 semper
394 2910 547 2960 propria
574 2910 828 2960 accipiendum
860 2911 1163 2961 significatione,
1195 2924 1243 2950 ex
1270 2912 1401 2950 erebra
1433 2911 1514 2949 elus
1544 2910 1639 2960 apud
1666 2908 1850 2948 Catullum

217 2978 442 3028 repetitione
469 2978 685 3030 colligitur:
719 2979 895 3020 Cinaede
919 2980 1085 3030 Thalle,
1118 2982 1298 3022 Cinaede
1325 2980 1512 3027 Romule,
1544 2979 1709 3018 cinaede
1739 2979 1849 3019 Furi.
