2006 3365
284 145 386 191 360
878 142 1240 183 DISSERTATIO
1272 144 1342 185 lv.

755 325 1337 383 Monacensis
1391 327 1440 383 Ι.

371 465 564 505 Monachii
597 467 749 506 codices
782 468 1022 518 Virgilianos
1055 481 1164 519 esse,
1211 472 1249 509 et
1281 470 1353 508 duo
1386 470 1551 522 quidem,
1583 471 1619 510 in
1651 472 1789 525 quibus
1821 473 1931 512 etiam

283 535 421 581 Dirae,
463 536 510 574 ab
558 536 711 587 Heynio
752 537 812 576 De
851 538 964 587 Virg.
1005 536 1127 578 Codd.
1171 539 1246 577 Ms.
1289 537 1378 577 Vol.
1420 539 1470 577 V.
1513 553 1551 590 p.
1586 543 1679 579 452.
1714 541 1929 580 didiceram.

284 604 375 643 Adii
408 604 623 656 popularem
656 618 792 656 meum,
825 608 885 660 qui
919 607 1189 646 Monacensem
1222 611 1260 646 et
1299 607 1530 647 Academiam
1563 612 1600 648 et
1631 609 1930 649 Universitatcm

283 676 411 719 ornat,
446 674 541 725 apud
575 687 681 726 quem
713 674 873 727 aliquam
921 677 988 714 mei
1029 676 1239 714 memoriam
1272 688 1322 714 ex
1354 677 1585 726 temporibus
1617 682 1704 716 ante
1735 679 1831 717 actis
1862 692 1930 717 su-

282 754 443 792 peresse
474 743 726 793 confidebam,
758 743 1041 794 Tium-schiunn,
1074 748 1112 784 et
1143 745 1341 795 impetravi
1376 748 1414 783 ut
1445 745 1528 795 ipse
1559 759 1624 784 sua
1658 759 1762 784 manu
1795 759 1840 786 ac
1870 747 1930 785 di-

282 809 445 859 ligentia
486 813 675 851 conferret
713 813 784 850 duo
833 812 942 863 illos,
985 816 1022 852 et
1061 814 1352 864 descriptionem
1398 814 1594 866 utriusque
1632 815 1718 853 libri
1759 816 1929 854 adderet.

282 878 390 934 Quod
423 879 508 931 plus
541 884 642 927 erat,
676 894 780 933 quam
812 884 1021 932 petieram,
1052 883 1118 921 sed
1153 895 1198 921 eo
1227 884 1350 931 magis
1382 887 1557 932 gratum:
1591 896 1666 933 ego
1697 883 1770 922 hoc
1790 888 1931 923 tantum

283 948 486 998 petieram,
528 952 568 988 ut
608 951 667 988 uni
701 962 748 988 ex
783 951 979 1002 discipulis
1012 953 1092 990 suis
1124 964 1202 990 eam
1244 963 1365 989 curam
1410 951 1662 991 demandaret.
1722 952 1932 991 Praeterea

282 1016 558 1066 Thierschius‚
601 1010 708 1070 quum
740 1020 945 1068 insigniter
974 1023 1119 1059 auctam
1152 1032 1240 1058 esse
1271 1022 1361 1070 post
1401 1019 1549 1059 Hardtii
1582 1025 1749 1072 tempora
1780 1021 1931 1060 Biblio-

281 1084 427 1125 thecam
460 1085 730 1125 Monacensem
763 1091 935 1138 constet,
968 1089 1162 1141 inquisivit
1191 1088 1374 1139 ulterius,
1407 1088 1473 1127 sed
1505 1088 1640 1127 nullum
1672 1089 1819 1129 invenit
1849 1092 1931 1129 ter-

281 1154 391 1202 tium,
434 1155 468 1192 in
501 1166 572 1206 quo
605 1154 722 1194 Dirae
754 1159 898 1195 essent.

368 1221 464 1262 Cod.
501 1221 656 1263 CCCV.
690 1224 736 1262 de
768 1237 840 1276 quo
873 1226 969 1275 apud
1002 1225 1190 1275 lleynium
1217 1224 1391 1275 ignatius
1418 1225 1540 1265 Hardt
1571 1227 1653 1265 ita:
1684 1227 1930 1266 membrana-

281 1306 399 1341 cens,
433 1295 472 1331 in
501 1293 625 1345 folio,
659 1294 790 1333 titulis
821 1302 858 1333 et
890 1294 1118 1333 initialibus
1150 1297 1352 1343 miniatis,
1386 1295 1623 1334 charactere
1645 1296 1931 1347 lonyobardico

281 1362 550 1410 nitidissimo,
594 1376 670 1402 usu
709 1366 854 1412 tritus,
903 1377 987 1403 cmn
1025 1364 1182 1415 qtossis
1225 1368 1298 1402 etc.
1374 1364 1428 1403 At
1458 1363 1712 1402 Thierschius
1745 1378 1824 1403 eum
1857 1377 1929 1403 non

284 1431 435 1470 Saeculi
455 1431 525 1470 XI.
558 1431 624 1469 sed
656 1432 700 1470 ad
735 1446 908 1471 summum
928 1433 1042 1471 Sace.
1062 1433 1170 1472 xlv.
1204 1445 1293 1471 esse
1324 1439 1477 1472 monet:
1511 1433 1576 1472 fol.
1601 1435 1684 1472 mai.
1717 1433 1807 1473 folia
1833 1437 1930 1474 233.

284 1498 417 1539 Insunt
448 1499 564 1549 haee,
598 1513 694 1553 quae
727 1502 855 1539 eadem
887 1503 1128 1541 accuratione
1160 1504 1309 1549 resero,
1344 1515 1415 1555 qua
1439 1502 1693 1541 Thierschius
1725 1515 1816 1541 usus
1849 1505 1931 1553 θείς

284 1568 380 1607 addo
413 1581 606 1619 numeros,
648 1582 693 1607 ne
725 1571 807 1622 quis
840 1571 993 1609 diversa
1026 1571 1242 1610 confundat.
1309 1576 1341 1610 l.
1374 1572 1440 1611 De
1472 1571 1638 1623 Origine
1673 1572 1933 1611 Troianorum

287 1636 426 1683 (breve
458 1642 589 1688 caput,
623 1639 783 1689 incipit:
818 1639 941 1688 Origo
966 1640 1211 1678 'l'roianorum
1244 1640 1424 1679 Dat-lanus
1457 1642 1545 1688 fuit,
1579 1642 1639 1692 qui
1673 1654 1720 1679 ex
1753 1640 1848 1680 Iove
1879 1661 1933 1668 —-

285 1705 401 1744 finis:
444 1719 493 1745 ex
525 1719 596 1758 quo
630 1706 822 1745 Anchises
856 1708 978 1746 editus
1012 1712 1092 1756 est,
1136 1709 1197 1760 qui
1234 1711 1402 1747 Aeneam
1435 1709 1544 1748 silium
1576 1711 1830 1760 procreavit.)
1893 1714 1931 1748 2.

284 1774 435 1827 Incipit
463 1775 655 1827 prolofsas
705 1776 875 1815 Daretis
906 1778 1024 1827 frissii
1054 1784 1090 1815 e!
1137 1777 1337 1829 Hystoria
1377 1777 1427 1817 de
1465 1779 1752 1817 devastatione
1787 1779 1936 1818 Troiae

285 1856 312 1882 a
343 1843 528 1882 Cornelio
559 1844 719 1896 IVepote
750 1847 789 1882 in
822 1845 987 1884 tatinum
1018 1859 1234 1885 sermonem
1264 1847 1489 1885 translata.
1552 1846 1771 1893 (Cornelius
1802 1847 1935 1898 Nepos

287 1911 471 1951 Sallustio
505 1913 630 1963 crispo
663 1926 730 1951 suo
773 1914 941 1953 salutem.
1012 1913 1102 1953 Cum
1143 1913 1254 1952 multo
1293 1927 1368 1963 ago
1409 1915 1559 1954 athenis
1599 1917 1761 1953 curiose.
1804 1916 1934 1954 inveni

285 1979 478 2018 historiam
523 1981 676 2020 Daretis
717 1982 821 2030 frigii
863 1984 983 2033 ipsius
1025 1996 1130 2021 manu
1173 1985 1422 2034 conscriptam
1456 2006 1508 2011 —
1535 1984 1615 2023 Fol.
1651 1987 1716 2024 14.
1748 1985 1935 2023 Asaricus

286 2050 420 2101 genuit
451 2051 573 2100 capin.
607 2052 711 2101 capis
753 2051 967 2089 Anchisen.
1001 2052 1179 2090 anchises
1212 2054 1313 2090 enez?
1348 2065 1462 2091 eneas
1493 2055 1727 2103 ascanium.)
1790 2058 1828 2093 3.
1854 2053 1933 2092 Fol.

291 2122 354 2157 15.
396 2118 489 2158 Vita
526 2118 688 2171 Virqilii
720 2119 893 2160 breviter
923 2122 1146 2174 descripta.
1211 2119 1400 2168 (Publius
1428 2122 1616 2171 Virgilius
1648 2122 1759 2161 Maro
1789 2134 1936 2172 genere

287 2190 507 2226 mantuanus
539 2188 725 2237 dignitate
757 2201 874 2240 eques
906 2202 1077 2228 romanus
1119 2193 1227 2227 natus
1269 2190 1392 2228 idibus
1431 2191 1655 2229 octobribus
1688 2212 1740 2218 —
1772 2191 1935 2229 amicitia

286 2267 379 2294 usus
410 2256 645 2306 imperatoris
677 2258 832 2307 augusti
865 2262 902 2297 et
923 2257 1076 2296 aliorum
1102 2258 1340 2307 complurium
1370 2259 1932 2309 probatissimorumvirorum.)

290 2327 327 2364 4.
360 2323 501 2363 Eodem
532 2324 621 2363 folio
659 2329 721 2364 15.
754 2339 857 2365 vers.
903 2339 1020 2378 usque
1057 2327 1103 2364 ad
1144 2326 1223 2364 Fol.
1262 2330 1323 2365 18.
1365 2328 1527 2379 Virgsilii
1558 2328 1752 2368 Maronis
1794 2328 1936 2368 Publii

290 2394 511 2447 descriptio
549 2396 671 2434 vitae.
722 2394 905 2443 (Publius
944 2395 1133 2445 Virgilius
1174 2395 1282 2433 Maro
1323 2396 1540 2436 Mantuanis
1571 2398 1793 2448 parentibus
1824 2400 1934 2437 natus

287 2462 455 2501 modicus
486 2463 554 2502 fuit
584 2463 706 2503 Natus
738 2467 798 2503 est
838 2464 909 2503 Gn.
943 2465 1123 2515 Pompeio
1151 2486 1202 2491 —
1229 2467 1363 2504 exorto
1397 2465 1500 2504 civili
1534 2466 1633 2505 bello
1666 2478 1933 2505 cremonenses

290 2543 369 2570 cum
398 2532 536 2570 ceteris
554 2533 718 2571 eiusdem
745 2534 857 2572 studii
874 2534 1119 2572 adversarios
1143 2533 1295 2582 augusti
1321 2535 1464 2572 cesaris
1493 2535 1750 2585 adiuverunt.)
1785 2539 1822 2575 5.
1847 2534 1933 2573 eod.

290 2598 355 2638 sol.
392 2603 457 2640 18.
491 2600 642 2651 Servii,
689 2602 749 2653 qui
793 2605 915 2640 tamen
946 2614 1019 2640 non
1060 2602 1288 2650 nominatur,
1334 2604 1521 2652 praefatio
1565 2604 1600 2641 in
1643 2603 1822 2642 BucolIca
1865 2603 1933 2641 sed

291 2671 430 2707 tantum
461 2681 550 2720 pars
581 2670 698 2720 prior.
743 2668 949 2714 (Bucolica
980 2672 1019 2709 ut
1049 2671 1173 2708 ferunt
1204 2670 1289 2709 inde
1321 2675 1408 2709 sunt
1439 2672 1539 2710 dieta
1569 2684 1591 2710 a
1622 2672 1794 2710 custodia
1824 2672 1934 2710 boum

291 2738 325 2776 id
352 2744 377 2772 a
396 2741 567 2775 anoN
591 2741 824 2775 BVBALwN
866 2760 917 2766 —-
946 2752 1050 2791 quam
1092 2738 1214 2789 legem
1251 2739 1455 2779 Teocritus
1487 2740 1732 2779 vehementer
1762 2741 1932 2789 astruit.)

294 2812 331 2846 6.
363 2807 446 2846 eod.
479 2806 545 2846 fol.
572 2810 634 2845 18.
660 2819 764 2845 vers-
804 2807 956 2847 Versus
990 2807 1212 2847 Octaviani
1242 2808 1415 2848 Cesaris
1447 2811 1614 2860 aaqasti
1645 2809 1694 2847 de
1723 2809 1934 2848 laudanda

295 2889 345 2916 ac
376 2877 624 2929 affirmanda
656 2884 743 2915 arte
779 2876 913 2915 Publii
949 2876 1110 2929 Viryilii
1143 2878 1333 2917 Maronis
1379 2878 1545 2924 (versus
1577 2881 1644 2917 36.
1676 2877 1833 2926 Ergone
1865 2891 1932 2916 su-

293 2947 430 2995 premis
461 2945 584 2996 potuit
615 2957 694 2983 vox
726 2944 849 2983 ultima
880 2945 1012 2983 verbis
1043 2945 1135 2984 Tam
1168 2946 1284 2984 dirum
1317 2947 1492 2985 mandare
1523 2948 1641 2984 nefas.
1675 2958 1771 2994 ergo
1804 2946 1872 2985 ibit
1897 2947 1933 2984 in

288 3012 470 3062 ignes—
492 3014 679 3054 Laudetur
713 3014 847 3064 vigeat
876 3013 1024 3066 placeat
1055 3014 1248 3064 relegatur
1264 3016 1447 3065 ametur.)
1510 3015 1546 3053 7.
1572 3014 1650 3054 Fol.
1682 3018 1742 3054 19.
1782 3014 1933 3056 Versus
