2006 3365
264 126 365 170 268
862 116 1228 158 DISSERTATIO
1265 117 1314 156 11.

265 252 353 277 nam
382 243 466 285 est,
507 235 727 275 litterarum
765 233 935 282 oblivio,
966 232 1143 283 scriptum
1173 234 1262 283 post
1291 233 1443 271 mortem
1470 231 1606 272 Orbilii
1639 243 1751 279 esse,
1783 229 1896 270 Orbi-

265 306 349 344 lium
381 309 502 343 autem
534 304 569 342 in
600 303 704 342 vivis
734 314 831 341 anno
863 304 957 342 735.
989 302 1134 349 fuisse,
1177 312 1347 339 caussam
1386 300 1576 340 dubitandi
1609 300 1655 339 de
1685 299 1899 338 testimonio

265 372 485 422 Hieronymi
517 371 675 410 habebit
705 370 872 410 alteram.
933 370 997 410 Ab
1028 381 1126 409 anno
1158 369 1253 408 enim
1285 372 1380 407 651.
1418 382 1536 421 usque
1566 369 1612 407 ad
1642 380 1773 406 annum
1805 370 1898 405 735.

264 441 348 479 anni
382 444 467 478 sunt
498 442 654 492 quatuor
684 442 722 479 et
751 440 971 488 octoginta,
1009 438 1162 487 longum
1202 438 1305 476 vitae
1346 438 1531 488 spatium,
1573 440 1611 476 et
1653 436 1749 488 quod
1791 436 1899 473 attri-

264 510 380 548 buere
421 507 623 556 Bibaculo,
664 508 736 545 nisi
776 508 918 546 diserta
956 507 1108 546 iubeant
1146 507 1387 557 probatorum
1431 509 1619 545 auctorum
1667 503 1897 546 testimonia,

266 590 336 616 non
371 577 471 616 licet.
535 577 703 629 Denique
735 588 893 625 versus,
941 577 1001 628 qui
1033 575 1178 628 quidem
1209 575 1255 613 ad
1288 587 1358 613 nos
1389 586 1622 626 pervenere,
1652 573 1750 612 Furii
1785 572 1900 611 Biba-

267 646 338 685 culi
371 659 441 684 non
484 646 727 698 antiquiorem
767 642 942 689 Catulle,
984 643 1176 695 aequalem
1219 643 1415 691 Ciceroni,
1456 646 1626 694 poetam,
1668 641 1736 680 sed
1785 642 1902 692 ipsam

267 713 403 754 Catulli
435 718 615 762 aetatem,
648 715 708 754 vel
741 715 850 753 etiam
882 713 1023 752 saeculi
1055 712 1225 762 Augusti
1258 711 1482 760 elegantiam
1515 711 1689 763 produnt.

352 783 457 836 Quae
495 784 647 822 subiicIt
686 783 893 822 Suetonius
930 782 1199 833 epigrammata
1231 780 1301 819 duo
1342 780 1440 819 Furii
1489 778 1682 827 Bibaculi,
1719 779 1766 818 Si
1812 780 1902 832 quis

264 854 373 906 forte
410 854 483 891 mei
521 852 669 891 domum
715 853 905 900 Catonis,
948 855 986 890 et
1024 851 1195 890 Catonis
1244 850 1381 897 modo,
1425 849 1568 897 Galle,
1615 847 1902 895 Tusculanum,

266 922 357 959 miro
388 921 544 972 quodam
577 932 665 959 casu
697 921 733 958 in
766 919 940 960 Codicem
984 918 1123 959 Catulli
1163 917 1535 969 Guelpberbytanum
1577 915 1646 955 Nr.
1680 920 1774 955 253.
1806 915 1904 955 Gud.

268 989 369 1028 illata
401 994 510 1038 sunt,
543 992 655 1041 atque
686 989 829 1028 inserta
860 990 957 1028 inter
982 988 1120 1028 Catulli
1147 1000 1292 1026 carmen
1311 986 1419 1025 XVI.
1458 985 1688 1025 Paedicabo
1719 998 1790 1036 eqo
1813 997 1903 1032 vos,

269 1063 306 1097 et
336 1056 463 1097 XVII.
509 1056 543 1097 Ο
576 1058 743 1097 Οοίοηὶῑι
776 1071 880 1111 quae
910 1059 1049 1110 cupis,
1084 1069 1129 1096 eo
1160 1056 1288 1095 ordine
1319 1069 1391 1108 quo
1424 1055 1600 1105 leguntur
1630 1054 1726 1106 apud
1760 1054 1904 1093 Sueto-

268 1128 377 1166 nium.
438 1126 618 1164 Fortasse
649 1126 712 1164 illa
743 1126 942 1178 antiquiori
975 1126 1115 1175 codici,
1162 1137 1212 1163 ex
1244 1137 1315 1176 quo
1347 1124 1709 1175 Guelpherhytanus
1741 1135 1904 1173 expres-

270 1209 356 1243 sus,
388 1195 579 1245 adscripta
610 1195 759 1233 fuerant
792 1194 827 1231 in
860 1195 985 1232 fronte
1016 1193 1124 1242 libri,
1165 1192 1227 1232 vel
1260 1194 1295 1232 in
1328 1195 1497 1232 extremo
1530 1193 1648 1239 libro,
1680 1204 1700 1231 a
1731 1191 1906 1237 librarlo,

270 1265 356 1303 sive.
387 1264 482 1316 quod
517 1266 714 1312 cognatam
750 1264 886 1314 poesin
919 1263 1015 1301 Furii
1049 1261 1220 1301 Bibaculi
1255 1273 1332 1300 cum
1364 1259 1576 1301 Catulliana
1607 1274 1694 1300 esse
1725 1260 1906 1307 sentiret,

270 1337 310 1372 ut
341 1335 540 1371 senserunt
570 1331 842 1387 Quintilianus,
882 1331 1063 1380 Tacitus,
1097 1330 1322 1379 Diomedes,
1362 1331 1448 1368 sive
1479 1332 1518 1369 ut
1548 1341 1702 1368 vacuam
1735 1327 1909 1380 expleret

271 1403 471 1453 paginam,
505 1404 632 1439 noster
663 1403 785 1439 autem
816 1400 1016 1448 librarius,
1061 1399 1121 1451 qui
1153 1397 1525 1450 Guelplierbytanum
1557 1399 1733 1449 scripsit,
1766 1409 1810 1436 ea
1841 1408 1908 1447 pro

273 1471 500 1512 CatullIanis
531 1469 685 1520 habuit,
714 1469 946 1521 inseruitque
973 1467 1196 1507 carminibus
1215 1466 1368 1507 Catulli.
1429 1466 1621 1519 Quomodo
1639 1469 1758 1505 autem
1775 1467 1908 1504 factum

274 1542 324 1579 sit
356 1543 395 1578 ut
426 1540 610 1577 insereret
642 1538 712 1577 hoc
745 1537 849 1586 loco,
881 1549 952 1575 non
983 1536 1080 1583 alio,
1112 1537 1324 1575 coniectura
1352 1535 1527 1586 explico,
1560 1538 1599 1575 ut
1628 1535 1712 1573 mibi
1746 1535 1907 1581 videtur,

274 1610 419 1647 minime
451 1610 590 1659 inepta.
652 1607 799 1659 Quippe
830 1605 1027 1645 tenendum
1059 1607 1138 1653 est,
1177 1606 1236 1656 qui
1283 1605 1317 1642 in
1359 1603 1481 1642 multis
1514 1602 1650 1643 Catulli
1684 1603 1910 1642 editionibus

276 1679 425 1717 carmini
445 1677 554 1715 XVI.
583 1676 719 1714 attexti
752 1677 838 1714 sunt
865 1687 1001 1713 versus
1032 1676 1132 1722 tres,
1163 1674 1211 1712 Si
1243 1674 1311 1727 qui
1338 1673 1445 1723 forte
1474 1686 1644 1711 mearum
1675 1673 1912 1723 ineptiarum

275 1747 470 1786 Lectores
503 1748 642 1794 erite's,
674 1758 893 1798 manusque
922 1750 1089 1782 vostras
1124 1740 1305 1792 (Guclph.
1341 1741 1526 1788 nostras)
1568 1742 1661 1781 Non
1699 1740 1911 1779 horrebitis

277 1817 488 1855 admovere
518 1814 662 1853 nobis:
710 1814 745 1851 in
783 1811 1149 1862 Guelplierbytano‚
1190 1813 1228 1849 ut
1259 1811 1292 1848 in
1324 1809 1428 1859 aliis,
1475 1822 1548 1848 non
1588 1809 1660 1848 1100
1699 1809 1807 1858 loco,
1845 1809 1912 1847 sed

277 1885 424 1923 carmini
448 1884 557 1923 XIV.
588 1882 738 1920 addItos
770 1881 849 1930 legi
880 1884 967 1932 post
999 1892 1147 1918 versum
1178 1879 1318 1918 Saecli
1348 1879 1590 1918 incommoda
1618 1880 1787 1931 pessimi
1814 1891 1913 1931 poe-

276 1963 355 1994 tae.
417 1952 574 1993 Carmen
605 1951 715 1991 XVI.
748 1952 800 1990 ita
831 1950 1091 1989 concludItur:
1134 1948 1318 1999 Legis-lis
1352 1946 1534 1997 (Guelpli.
1567 1947 1694 1999 Leyis
1727 1947 1793 1985 sed
1827 1957 1914 1985 cor-

278 2026 416 2061 rectum
448 2022 601 2072 postea)
634 2021 738 2059 male
762 2034 819 2059 me
846 2033 989 2058 marem
1006 2020 1190 2071 putastis
1215 2015 1450 2056 Paedicabo
1465 2029 1535 2068 eqo
1557 2029 1630 2055 vos
1648 2022 1685 2055 et
1702 2014 1914 2054 inrztmabo.

278 2092 353 2130 Iam
385 2091 502 2139 igitur
534 2090 748 2128 coniectura
779 2101 859 2127 mea
889 2087 983 2126 haec
1023 2090 1110 2126 est:
1150 2087 1186 2124 in
1230 2086 1361 2124 codice
1398 2087 1618 2137 antiquiori,
1662 2098 1711 2124 ex
1743 2097 1814 2137 quo
1846 2085 1916 2123 de-

281 2161 444 2210 scriptus
476 2157 855 2208 Guelplierbytanus,
902 2156 1113 2207 appositam
1155 2156 1273 2193 fuisse
1314 2153 1359 2192 ad
1402 2166 1551 2193 versum
1592 2153 1776 2205 Leqistis
1815 2153 1918 2192 male

280 2244 338 2268 me
367 2242 414 2266 m.
437 2241 477 2280 p.
511 2230 631 2264 notam
662 2225 898 2264 huiusmodi:
930 2226 995 2264 hie
1022 2231 1224 2277 ponantur
1254 2237 1400 2263 versus
1431 2223 1480 2262 Si
1512 2225 1579 2277 qui
1607 2224 1715 2275 forle
1735 2229 1808 2262 etc.
1845 2234 1916 2274 quo

284 2295 526 2346 significabat
566 2294 738 2332 librarius
779 2306 917 2332 versus
957 2293 1045 2332 illos
1085 2297 1163 2332 tres
1203 2292 1404 2330 demendos
1437 2304 1526 2330 esse
1558 2292 1709 2330 carmini
1739 2290 1848 2331 XIV.
1881 2292 1919 2329 et

286 2365 477 2404 addendos
509 2363 594 2402 huic
626 2363 773 2401 carmini
804 2362 912 2401 XVI.
974 2362 1030 2401 At
1067 2363 1197 2400 noster
1228 2360 1424 2409 librarius,
1463 2361 1523 2412 qui
1562 2359 1636 2399 1100
1678 2372 1750 2399 non
1783 2357 1917 2398 intelli-

285 2437 426 2484 geret,
459 2433 639 2483 deceptus
671 2431 908 2471 similitudine
940 2431 1161 2473 verborum,
1194 2428 1266 2468 huc
1297 2429 1424 2468 retulit
1454 2441 1593 2468 versus
1624 2427 1824 2468 Bibaculi:
1870 2427 1919 2466 Si

289 2505 380 2558 quis
411 2504 517 2554 forle
546 2505 619 2539 mei
649 2501 797 2539 ‹lonmm
829 2503 902 2539 etc.
963 2500 1068 2538 Facit
1105 2499 1149 2537 ad
1182 2498 1278 2536 hanc
1310 2499 1559 2536 coniecturam
1591 2510 1719 2535 manus
1751 2496 1916 2545 veteris,

288 2585 381 2624 quae
414 2573 448 2609 in
480 2571 603 2621 priore
635 2570 778 2609 codicis
810 2568 1137 2619 Guelplierbytani
1169 2570 1276 2618 parte
1307 2566 1442 2605 multos
1474 2565 1579 2605 locos
1611 2565 1801 2613 correxit,
1846 2564 1918 2602 ob-

289 2641 473 2679 servatio.
534 2638 588 2676 Ea
619 2638 663 2676 ad
696 2650 839 2676 carmen
870 2637 982 2678 XIV.
1022 2637 1084 2675 ubi
1117 2636 1294 2685 leguntur
1332 2649 1470 2674 versus
1511 2639 1588 2673 tres
1629 2634 1676 2674 Se·
1704 2635 1770 2687 qui
1812 2634 1920 2685 force

289 2723 459 2748 mearum
490 2711 514 2747 i.
557 2710 631 2746 etc.
669 2707 899 2757 adscripsit:
939 2706 1083 2745 desunt
1121 2708 1160 2744 et
1200 2706 1245 2744 ad
1293 2705 1465 2744 carminis
1509 2703 1617 2743 XVI.
1660 2714 1810 2740 versum
1855 2704 1918 2740 13.

293 2779 474 2830 Letqistis
506 2792 552 2817 m.
584 2792 640 2816 me
668 2791 715 2815 m.
745 2789 787 2829 p.
819 2778 939 2814 notam
979 2774 1102 2813 hanc:
1145 2775 1264 2829 Siqua·
1305 2781 1343 2814 et
1383 2774 1530 2826 reliqui
1567 2779 1649 2811 tres
1680 2784 1824 2810 versus
1855 2771 1920 2809 hic

292 2854 503 2901 ponuntur.
563 2846 645 2885 Fuit
676 2848 796 2884 autem
828 2844 890 2882 illa
932 2856 1105 2882 versuum
1145 2845 1250 2883 trium
1283 2855 1332 2882 ex
1373 2843 1532 2881 carmine
1567 2838 1674 2879 XIV.
1707 2840 1742 2877 in
1774 2851 1919 2877 carmen

295 2917 404 2955 XVI.
438 2915 659 2964 translatio,
693 2915 865 2967 quantum
895 2911 980 2951 mihi
1010 2912 1154 2964 quidem
1187 2914 1355 2961 constat,
1387 2911 1538 2962 primum
1568 2920 1590 2946 a
1620 2908 1791 2957 Baptista
1815 2906 1920 2946 Gua-

298 2986 378 3024 rino
410 2985 617 3037 proposita.
676 2982 800 3035 Novi,
832 2983 870 3023 et
899 2980 997 3035 quod
1027 2981 1151 3021 bonae
1181 2981 1305 3031 frugis
1344 2980 1413 3024 sit,
1453 2978 1490 3017 in
1526 2976 1792 3028 epigrammata
1822 2975 1920 3015 Furii
