2006 3365
299 137 400 181 310
902 127 1263 168 DISSERTATIO
1295 128 1365 168 111.

303 260 351 286 ex
382 259 461 286 mea
492 245 730 284 distinetione
750 242 896 296 lenique
916 244 1161 282 correctione.
1195 243 1246 282 ibi
1265 241 1501 282 memorabile
1522 242 1667 282 duobus
1686 240 1928 294 parenthesin

302 318 477 354 constare
507 313 700 363 memhris,
733 324 884 365 quorum
914 313 1105 364 posterius
1135 311 1273 363 pendat
1296 323 1318 349 a
1338 311 1468 361 priori.
1529 310 1690 351 Constat
1713 309 1930 362 parenthesi

302 384 410 422 etiam
441 382 537 420 alios
579 382 653 432 uti,
693 384 752 432 ut,
792 381 825 420 si
867 381 1052 433 exemplis
1093 393 1189 432 opus
1218 381 1254 419 in
1285 391 1325 419 re
1356 382 1427 419 tam
1458 382 1564 430 nota,
1596 379 1797 429 Virgilium
1829 381 1929 418 Aen.

299 451 349 490 V.
382 454 448 489 50.
480 450 530 489 X.
566 453 629 488 ll.
660 449 730 489 XI.
764 453 859 489 315.

526 519 687 572 Semper
715 519 963 566 honoratum,
1002 517 1059 555 sic
1098 516 1132 555 di
1164 515 1368 566 voluistis,
1398 516 1562 557 habebo.

525 588 727 627 Adveniet
757 589 906 627 iustum
934 599 1096 640 puynae
1113 614 1126 635 ,
1169 598 1215 625 ne
1246 587 1450 634 arcessite,
1483 593 1648 639 tempus.

526 656 778 710 Expediam,
813 664 851 696 et
878 658 1050 709 paucis,
1081 655 1222 694 animos
1254 654 1456 703 adhibete,
1488 654 1647 694 docebo.

301 722 408 778 Quod
440 723 712 764 hemistichium
744 738 846 764 suum
878 726 968 763 fecit
999 723 1183 770 Ovidius,
1215 723 1371 762 Metam.
1403 722 1493 761 XV.
1526 726 1621 762 238.

473 793 668 852 Quasque
697 796 810 834 vices
839 800 1060 846 peragant,
1094 794 1247 831 animos
1279 791 1484 840 adhibete,
1518 790 1676 830 docebo.

298 859 429 914 Atque
460 862 711 902 usitatissima
741 864 905 902 tortasse
943 862 1098 900 omnium
1137 859 1375 912 parenthesis
1406 863 1465 898 est
1496 871 1573 897 cum
1604 858 1786 910 particula
1816 870 1932 898 nam:

301 932 505 983 praecipue
537 933 570 970 in
602 931 883 985 alloquutione,
917 931 980 970 ubi
1011 932 1119 970 etiam
1151 940 1286 978 magno
1317 927 1454 966 ambitu
1476 926 1721 979 parenthesis
1742 926 1831 965 nihil
1862 926 1934 966 ha-

300 998 390 1051 het,
422 1000 518 1052 quod
551 1001 676 1038 mirum
707 1001 785 1039 sit:
829 1003 868 1039 ut
897 999 1062 1039 Aeneid.
1094 998 1125 1037 I.
1159 1000 1224 1036 65.

525 1069 672 1118 Aeole,
705 1081 862 1121 namque
893 1069 961 1107 tibi
992 1068 1114 1106 divom
1146 1069 1254 1118 pater
1283 1067 1396 1118 atque
1427 1063 1612 1103 hominum
1637 1076 1708 1104 rex

526 1138 576 1176 Et
606 1137 768 1176 mulcere
799 1137 901 1176 dedit
932 1136 1066 1176 fluctus
1098 1138 1136 1176 et
1166 1134 1300 1175 tollere
1332 1136 1446 1174 vento
1471 1146 1481 1171 :

527 1206 635 1246 Gens
667 1208 828 1245 inimica
857 1206 951 1246 mihi
981 1208 1055 1245 etc.

299 1272 390 1312 ihid.
424 1277 517 1313 198.

529 1341 565 1383 O
597 1345 701 1383 socii
707 1371 721 1392 ,
754 1355 874 1395 neque
905 1343 998 1381 enim
1029 1341 1152 1392 ignari
1185 1353 1310 1380 sumus
1340 1341 1427 1380 ante
1456 1339 1662 1379 malorum:

527 1411 562 1452 O
589 1414 715 1466 passi
742 1414 951 1465 yraviora.

301 1481 340 1520 et
371 1492 500 1520 rursus
531 1485 626 1519 261.

529 1550 630 1599 Hic,
664 1550 735 1589 tibi
767 1550 876 1589 fabor
906 1549 1023 1598 enim,
1055 1547 1201 1601 quando
1232 1546 1327 1586 haec
1358 1548 1394 1586 te
1425 1558 1513 1585 cura
1544 1545 1751 1597 remordet,

528 1619 704 1668 Longius
737 1622 774 1659 et
805 1618 969 1658 volvens
1000 1619 1155 1657 fatorum
1187 1629 1323 1656 arcana
1354 1615 1546 1655 movebo:

527 1687 684 1727 Bellum
714 1692 852 1740 inqens
883 1694 992 1739 geret
1031 1687 1161 1726 Italia
1193 1688 1266 1724 etc.

303 1757 352 1795 cf.
384 1755 453 1795 IV.
489 1759 581 1795 105.
614 1769 671 1809 sq.
704 1757 771 1795 sed
804 1756 912 1796 etiam
942 1755 1055 1800 alibi,
1096 1759 1135 1794 ut
1164 1754 1195 1793 I.
1228 1757 1324 1793 308.

532 1824 609 1883 Qui
638 1832 819 1873 teneant,
853 1837 934 1862 nam
964 1823 1102 1863 inculta
1132 1824 1264 1863 videt:
1303 1823 1552 1870 hominesne,
1584 1821 1762 1872 feraene.

304 1893 465 1933 Ovidius
496 1893 532 1932 in
564 1893 720 1932 exordio
752 1892 907 1944 operis:

643 1963 702 2001 Di
731 1965 908 2014 coeptis,
941 1973 1021 2000 nam
1055 1973 1125 2000 vos
1156 1960 1326 2000 mutastis
1358 1962 1397 1999 et
1427 1958 1540 1998 illas:

529 2032 759 2084 Adspirate
795 2034 907 2072 meis.

304 2100 353 2140 Et
383 2102 513 2140 noster
543 2101 680 2151 Eclog.
717 2104 779 2140 12.

531 2170 642 2209 Dulci
674 2182 829 2222 namque
860 2171 974 2208 tumet
1005 2167 1163 2206 nondum
1192 2164 1357 2204 vitecula
1390 2162 1568 2203 Baccho:

305 2237 439 2292 Qualia
469 2238 502 2277 si
534 2239 813 2289 comparaveris
845 2250 923 2276 cum
955 2237 1030 2275 illis
1071 2234 1227 2276 Catonis
1260 2233 1376 2283 loeis,
1417 2237 1455 2272 et
1486 2234 1517 2271 si
1551 2232 1830 2271 examinaveris
1860 2244 1936 2270 rem

304 2306 517 2358 subtiliter,
549 2307 620 2346 duo
653 2310 761 2355 sunt,
800 2306 873 2344 nisi
905 2305 1033 2353 fallor,
1067 2304 1201 2358 quibus
1233 2302 1382 2341 differre
1414 2300 1594 2341 Catonem
1626 2314 1647 2339 a
1679 2300 1843 2350 Virgilio
1875 2301 1936 2339 di·-

306 2387 384 2415 cas.
452 2375 576 2414 Primo
618 2375 653 2413 in
695 2377 766 2414 tam
804 2387 924 2426 parvo
966 2386 1138 2412 versuum
1181 2383 1330 2410 numero
1371 2371 1524 2421 saepius
1565 2369 1783 2421 parenthesi
1825 2370 1938 2408 utitur

306 2443 425 2494 Cato,
457 2457 562 2497 quam
590 2443 798 2494 Virgilius3
831 2446 869 2482 et
899 2441 995 2480 hauc
1027 2443 1190 2480 fortasse
1222 2439 1316 2478 haud
1349 2440 1525 2478 immerito
1557 2439 1716 2490 inopiam
1749 2438 1936 2490 quamdam

307 2512 466 2554 Catonis
496 2513 616 2551 fuisse
647 2512 803 2550 dixeris.
862 2510 1009 2550 Deinde
1031 2509 1219 2558 Virgilius
1251 2507 1492 2557 diligentius,
1525 2520 1631 2560 quam
1654 2507 1772 2556 Cato,
1806 2518 1936 2545 curare

306 2582 426 2633 solet,
457 2584 497 2621 ut
527 2582 649 2620 statim
682 2581 948 2629 dignoscatur,
988 2579 1049 2617 ubi
1081 2578 1235 2628 incipiat
1265 2576 1531 2627 parenthesis:
1576 2577 1690 2615 utitur
1721 2576 1813 2614 enim
1844 2586 1935 2625 par-

305 2650 419 2690 ticula
449 2650 592 2703 aliqua,
624 2653 663 2688 ut
693 2662 804 2697 nam,
838 2661 909 2700 quo
942 2648 1049 2686 etiam
1080 2646 1247 2698 loquutio
1268 2645 1482 2697 Virgiliaua
1514 2645 1596 2694 illa,
1626 2644 1786 2696 fatebor
1814 2646 1934 2692 enim,

306 2721 490 2770 pertinet3
522 2718 585 2757 vel
617 2720 703 2767 sie,
737 2720 775 2756 ut
806 2717 841 2755 in
873 2715 937 2754 illo
969 2718 1033 2755 sic
1064 2715 1106 2754 di
1135 2715 1347 2763 voluistis,
1381 2726 1480 2766 quae
1505 2713 1591 2752 inde
1618 2712 1806 2751 sollenmis
1828 2712 1934 2763 quasi

307 2788 472 2840 loquutio
513 2789 613 2826 sacta
655 2789 736 2832 est,
779 2786 824 2824 de
866 2797 937 2837 qua
968 2783 1160 2823 Bentleius
1192 2783 1225 2821 in
1273 2783 1405 2821 Horat.
1439 2781 1561 2822 Carm.
1592 2781 1622 2819 I.
1654 2795 1736 2828 x11,
1771 2782 1836 2817 31.
1870 2779 1934 2817 vel

309 2856 380 2894 alia
411 2857 526 2895 utitur
570 2857 765 2906 repentina
796 2854 1065 2896 conversione,
1108 2855 1147 2891 ut
1187 2851 1348 2891 Aeneid.
1382 2851 1448 2890 lv.
1487 2852 1582 2889 296.
1624 2849 1683 2889 Cf.
1724 2848 1755 2886 si
1788 2847 1933 2898 placet,

310 2938 404 2976 quae
451 2924 701 2978 Quintilianus
743 2919 1045 2973 παρενθέσεως
1085 2920 1255 2972 exempla
1295 2921 1399 2971 ponit
1440 2920 1507 2959 IX.
1542 2934 1598 2956 111.
1630 2920 1697 2955 23.
1729 2918 1795 2955 26.
1855 2916 1936 2955 Aut

309 2992 463 3032 brevem
505 2994 595 3034 facit
634 2991 898 3045 parenthesin,
940 2990 992 3031 ita
1023 2992 1062 3031 ut
1091 2990 1123 3030 si
1154 2989 1324 3042 pluribus
1355 2988 1486 3029 verbis
1517 2986 1688 3037 constet,
1731 2997 1776 3024 ea
1813 2988 1935 3027 tamen
