2006 3365
280 132 382 175 378
871 128 1233 167 DISSERTATlo
1266 128 1334 169 lV.

280 242 480 282 editionum
512 243 571 280 est
602 252 753 291 earum,
786 253 879 294 quas
911 241 1016 280 solus
1050 241 1240 292 impressit
1274 242 1464 281 Arnoldus
1492 245 1702 294 Pannartz,
1735 248 1776 283 in
1807 245 1917 285 domo

278 311 432 365 nobilis
462 312 541 348 uiri
584 308 696 347 Petri
736 310 784 348 de
815 310 1041 364 Maximis,
1090 311 1126 348 in
1158 311 1345 349 nonnullis
1378 324 1455 350 eum
1497 313 1773 353 additamento:
1814 315 1925 368 eiuif

276 380 477 427 Romani3
526 377 609 427 vel,
650 381 689 417 ut
728 379 763 416 in
803 379 927 418 Statio
969 380 1069 420 isto,
1110 378 1179 417 Ad
1217 379 1361 434 Aedes
1399 380 1676 422 Maximorum.
1746 384 1794 422 Et
1826 383 1919 421 haec

278 447 422 498 quidem
454 448 667 496 postrema,
701 447 770 484 sub
805 447 910 485 linem
941 448 1025 485 anni
1052 450 1169 486 1472.
1204 446 1413 486 Conradum
1441 450 1718 502 Arnoldumque
1749 452 1919 490 omittere

276 516 424 554 domum
457 515 505 554 de
535 515 743 571 Maximis
769 517 970 566 coepisse,
1017 516 1102 554 anni
1144 519 1264 554 autem
1299 519 1421 556 1473.
1454 517 1524 557 line
1555 519 1711 557 solutam
1743 532 1829 557 esse
1860 521 1919 557 in-

278 589 335 622 ter
367 583 575 623 Conradum
607 587 645 622 et
678 584 886 623 Arnoldum
918 585 1160 633 societatem,
1205 586 1273 623 iam
1305 586 1511 624 observata
1541 591 1627 626 sunt
1659 588 1751 625 viris
1784 587 1919 626 doctis.

278 652 417 691 Verum
450 651 536 689 illud
570 653 653 704 quid
687 654 757 701 sit,
790 654 886 705 quod
921 653 1213 704 epigrammate,
1247 666 1318 705 quo
1351 652 1548 693 Conradus
1580 656 1848 708 Arnoldusque
1870 658 1920 694 uti

276 733 372 758 anno
411 723 527 759 1⁴69.
575 725 802 772 coeperunt,
843 723 1056 760 continetur
1096 723 1344 761 Franciseus
1386 723 1625 773 Maximus,
1670 726 1755 762 anni
1801 728 1921 763 autem

282 793 400 828 1471.
434 789 505 827 line
537 802 667 828 rursus
700 790 935 838 excluditur,
976 802 1095 842 neque
1128 791 1174 829 ab
1208 791 1281 829 alio
1313 804 1495 842 quoquam
1528 792 1755 842 explicatum
1786 794 1920 832 obser-

275 863 455 896 vatumve
487 858 586 907 vidi,
620 862 657 897 et
689 871 764 908 ego
797 859 883 897 aliis
906 858 1174 909 explorandum
1201 859 1399 911 relinquo:
1433 860 1466 897 id
1499 863 1636 899 tantum
1669 866 1803 911 tene0,
1837 862 1921 901 nul-

274 926 345 964 lum
379 928 657 977 epigrammatis
692 927 800 965 liuius
834 941 937 965 usum
978 929 1095 966 fuisse
1128 931 1214 966 ante
1244 941 1375 966 annum
1411 931 1531 968 1469.
1595 929 1700 968 Unde
1731 932 1922 983 sequitur,

274 1007 371 1033 anno
408 999 527 1034 1⁴69.
561 997 830 1045 assignandum
866 1009 958 1035 esse
992 996 1210 1045 Virgilium.
1269 996 1331 1035 Ac
1366 998 1529 1036 fortasse
1560 999 1699 1048 primus
1731 999 1800 1037 fuit
1830 1000 1923 1039 Vir-

274 1063 410 1113 gilius,
445 1064 505 1115 qui
540 1063 640 1102 bello
674 1065 944 1114 epigrammate
984 1065 1068 1110 illo,
1113 1066 1148 1103 in
1180 1078 1252 1116 quo
1286 1064 1379 1103 haud
1412 1066 1524 1104 dubie
1555 1066 1702 1105 multum
1734 1067 1806 1105 sihi
1838 1067 1923 1118 pla-

274 1144 387 1170 cuere
419 1132 506 1170 boni
539 1132 705 1170 artifices
738 1132 936 1180 Germani,
970 1133 1246 1172 condecoratus
1278 1136 1352 1172 est.

361 1200 539 1251 Episcopi
571 1200 787 1239 Aleriensis
821 1201 1016 1251 epistolam
1047 1214 1096 1240 ex
1127 1201 1197 1240 hac
1227 1202 1391 1241 editione
1422 1215 1495 1242 non
1540 1202 1688 1254 habeo,
1721 1204 1787 1242 sed
1820 1203 1925 1253 legi-

275 1271 334 1308 tur
366 1269 516 1318 eadem,
559 1273 663 1308 certe
697 1281 868 1307 caussam
900 1282 972 1308 non
1007 1270 1150 1310 liabeo„
1184 1282 1247 1308 cur
1278 1274 1452 1310 mutatum
1485 1273 1678 1324 quicquam
1710 1275 1854 1323 putem,
1886 1273 1923 1311 in

274 1337 442 1376 Romana
471 1337 615 1383 altera,
651 1338 746 1376 unde
778 1338 934 1388 protulit
966 1338 1142 1393 Quirinus
1170 1339 1228 1378 De
1260 1341 1429 1390 optimor.
1477 1342 1698 1392 scriptorum
1729 1341 1925 1380 editionih.

275 1405 383 1445 Rom.
416 1419 454 1457 p.
478 1410 569 1445 162.
596 1420 680 1459 sqq.
713 1407 771 1446 ed.
799 1406 1023 1446 Selielliorn.
1057 1408 1256 1457 integram.
1318 1409 1404 1457 Ego
1434 1422 1536 1458 eam,
1567 1410 1750 1449 beneficio
1770 1410 1926 1448 Broem-

275 1474 400 1524 melii,
433 1477 541 1513 etiam
573 1488 620 1513 ex
654 1475 784 1514 codice
818 1476 1029 1515 Basileensi
1063 1479 1260 1527 cognovi,
1295 1479 1331 1516 in
1364 1491 1469 1530 quem
1503 1483 1540 1518 et
1571 1480 1689 1530 ipsum
1721 1477 1816 1517 haud
1849 1479 1919 1517 du-

275 1544 337 1583 bie
368 1557 388 1581 e
420 1544 587 1583 Romana
617 1543 735 1583 altera
774 1545 956 1584 translata
987 1549 1059 1584 est.
1129 1545 1260 1585 lnsunt
1293 1548 1465 1586 memoria
1497 1547 1591 1586 haud
1625 1548 1795 1596 indigna.
1856 1547 1917 1587 Ad

276 1612 469 1651 historiam
502 1613 784 1664 typographiae
817 1613 908 1659 lioc,
941 1614 1037 1666 quod
1070 1614 1139 1652 iam
1171 1614 1318 1653 Lairius
1351 1615 1373 1654 l.
1408 1616 1431 1655 l.
1466 1630 1502 1667 p.
1533 1620 1625 1656 147.
1659 1617 1918 1656 observavit:

275 1680 474 1730 Virgilium
517 1683 669 1732 primum
710 1685 853 1732 poetam
885 1682 1035 1720 latinum
1069 1695 1182 1732 esse,
1231 1697 1335 1735 quem
1369 1684 1615 1734 vulgaverint
1648 1684 1845 1725 Conradus
1879 1687 1918 1724 et

274 1749 483 1788 Arnoldus.
545 1750 591 1789 Et
622 1751 718 1802 quod
752 1751 884 1789 scribit
908 1751 1149 1802 Episcopus,
1182 1753 1390 1792 nonnullos
1418 1754 1606 1792 ccudio—
1625 1757 1663 1792 in
1693 1755 1919 1793 huiusmodi

274 1819 449 1870 artifieio
483 1818 629 1866 (libros
662 1819 923 1870 imprimendi)
965 1828 1034 1859 aut
1074 1823 1152 1860 iam
1197 1823 1404 1874 coepisse,
1451 1828 1522 1861 aut
1562 1836 1637 1861 non
1677 1822 1794 1862 multo
1823 1829 1919 1875 post

272 1901 346 1941 pro
377 1887 490 1926 virili
522 1895 732 1939 coepturos
771 1888 983 1937 laborare,
1023 1888 1118 1927 liaud
1161 1889 1272 1927 dubie
1312 1890 1357 1928 ad
1391 1889 1604 1929 Udalrieum
1637 1892 1720 1929 Han
1753 1894 1917 1942 spectat.

274 1956 423 1995 Deinde
455 1957 515 1995 ubi
549 1957 593 1995 de
626 1956 831 2007 opusculis
853 1956 1036 2006 Virgilii,
1071 1961 1108 1997 et
1140 1971 1233 2010 quae
1266 1960 1342 1997 sint
1374 1959 1538 2008 Virgilio
1572 1960 1790 2009 tribuenda,
1824 1973 1919 2012 quae

274 2037 347 2064 non
380 2026 482 2074 sint,
514 2026 712 2076 disputat,
745 2026 792 2064 de
823 2026 909 2064 aliis
944 2039 1014 2064 non
1048 2027 1176 2077 inepte
1208 2027 1329 2065 bonus
1363 2027 1605 2079 Episcopus,
1637 2031 1675 2068 at
1707 2029 1753 2067 de
1786 2029 1919 2069 Colice

274 2094 471 2145 praeclare
507 2106 552 2132 ac
591 2094 813 2140 verissime,
862 2107 942 2133 mea
986 2095 1130 2147 quidem
1177 2097 1387 2144 sententia,
1434 2097 1586 2135 iudicat.
1665 2097 1747 2150 Quo
1787 2098 1919 2136 codice

275 2162 441 2212 scripto,
475 2161 535 2200 vel
570 2163 705 2214 quibus
738 2165 880 2214 quotve
914 2163 1111 2201 codicibus
1143 2177 1234 2202 usus
1266 2165 1338 2213 sit,
1362 2177 1433 2203 non
1456 2166 1556 2204 dicit.
1618 2165 1795 2204 Pluribus
1816 2179 1918 2205 usum

275 2244 384 2281 esse,
417 2244 487 2270 non
520 2244 569 2269 cx
602 2244 672 2269 uno
705 2231 771 2270 illa
803 2232 970 2270 edidisse
1002 2234 1144 2280 omnia,
1191 2231 1285 2270 haee
1318 2234 1512 2272 indicant:
1563 2234 1616 2273 Ut
1647 2240 1775 2273 (evitem
1805 2237 1844 2273 in
1873 2248 1918 2274 eo

277 2313 433 2354 quoque
463 2301 574 2339 velut
603 2307 836 2353 perpetuam
865 2303 985 2339 moris
1017 2305 1146 2340 nostri
1178 2315 1434 2341 servaremus
1465 2305 1678 2351 rationem,
1727 2304 1920 2357 quiequid

275 2369 467 2408 Maronis
501 2371 739 2422 scriptorum
770 2369 925 2420 indepti
965 2383 1128 2417 sumus,
1176 2378 1363 2423 quantum
1403 2371 1556 2424 quidem
1585 2373 1736 2424 sicinius
1768 2373 1918 2411 intelli-

275 2437 404 2490 yendo
436 2441 475 2477 in
506 2444 647 2485 tanta,
693 2444 852 2491 tmnque
881 2438 1069 2477 mendosa
1100 2439 1427 2491 exemplariorum
1458 2442 1652 2489 raritate,
1691 2441 1919 2480 multorum-

277 2521 351 2561 que
380 2507 574 2546 eiusmodi
608 2505 860 2554 (huiusmodi
891 2506 974 2545 cod.
1010 2507 1127 2555 Bas.)
1168 2520 1296 2559 prope
1337 2508 1622 2558 desuetudine,
1670 2511 1778 2548 immo
1823 2522 1918 2549 vero

276 2578 567 2625 internecione,
598 2579 638 2615 in
669 2589 815 2628 eorpus
848 2590 963 2615 urium
994 2589 1100 2615 omne
1132 2580 1408 2628 eompeyimus.
1470 2577 1601 2616 Paullo
1632 2579 1748 2628 post:
1782 2599 1833 2604 -—-
1853 2580 1917 2616 in-

274 2647 385 2697 yrati
414 2650 527 2684 erunt
557 2658 643 2684 mea
674 2647 857 2697 opinione
888 2644 1108 2693 Lectores,
1151 2647 1233 2684 nisi
1266 2647 1489 2697 quicunque
1518 2648 1680 2685 veriora
1710 2646 1918 2686 habuerint

274 2713 546 2765 exemplaria,
579 2718 616 2752 et
647 2715 731 2765 ipsi
762 2727 839 2752 sua
865 2715 903 2751 in
925 2714 1088 2752 medium
1111 2716 1404 2766 prompserint:
1440 2717 1507 2770 qui
1532 2729 1625 2754 vero
1657 2718 1794 2756 aerius
1819 2729 1917 2768 per-

275 2785 478 2835 spiciunt,
518 2795 568 2821 ae
599 2782 784 2829 doctius,
828 2782 933 2835 quod
975 2780 1104 2835 (quid
1136 2783 1219 2823 cod.
1254 2784 1370 2834 Bas.)
1412 2798 1438 2823 a
1469 2785 1603 2823 mendo
1643 2788 1698 2824 sit
1735 2785 1914 2835 lonqius,

276 2851 389 2890 nobis
425 2864 577 2905 quoque
608 2853 991 2890 communicaverint.
1055 2850 1219 2901 Culicis,
1262 2853 1452 2899 Dirarum,
1500 2854 1664 2892 fortasse
1696 2864 1800 2891 unum
1834 2856 1917 2891 tan·

276 2922 348 2958 tuni
381 2920 545 2958 codicem
575 2918 718 2958 habult.
788 2920 932 2959 Scribit
972 2919 1093 2957 enlin:
1135 2922 1331 2975 Equidem
1363 2922 1536 2962 Culicem
1566 2921 1820 2960 Maronicum,
1852 2923 1915 2960 in-

276 3000 400 3038 yenue
426 2989 565 3040 fateor
603 2991 676 3028 vix
704 3003 762 3029 me
802 2989 858 3029 ad
894 2989 1051 3043 plenum
1096 2991 1368 3041 intellexisse,
1417 2992 1566 3031 iterata
1605 2991 1748 3039 etiam,
1795 2996 1917 3044 atque
