2006 3365
470 177 525 216 IN
558 176 777 217 VALERII
809 176 1045 218 CATONIS
1076 177 1345 218 ECLOGAM.
1631 180 1731 225 167

350 291 402 331 Ue
437 291 616 331 Triviam
645 293 783 344 furtim
813 293 887 332 sub
919 292 1083 333 Latmia
1114 307 1223 334 saxa
1260 294 1447 345 releqcms

431 360 581 400 Dulcis
614 374 722 400 amor
751 375 850 413 93er
883 362 1049 401 devocet
1079 365 1207 402 αένίυ.

91 427 286 478 Apollonii
317 426 457 467 Rhodii
493 430 618 467 mirum
657 431 847 468 inventum
889 433 948 469 est
978 429 1049 468 IV.
1083 432 1148 468 57.
1181 443 1265 482 sqq.
1307 442 1455 468 amores
1486 428 1734 479 Endymionis

93 509 171 536 cum
201 497 374 535 artificiis
406 509 594 546 magarum
616 498 903 545 coniungentis:
926 509 1043 547 saepe
1072 498 1248 536 ell'ecisse
1266 498 1439 536 Medeam
1464 497 1734 536 incantationi-

90 565 185 613 bus,
209 568 248 603 ut
269 564 373 603 Luna
401 566 663 603 recordaretur
681 577 865 612 amorum,
891 576 936 603 ac
954 565 1200 604 descenderet
1227 566 1272 603 ad
1294 566 1567 616 Endymionem
1594 566 1734 614 invita,

91 645 163 685 quo
181 634 285 683 ipsa.
310 633 472 681 Medea,
498 630 642 683 σκοτίῃ
667 629 730 668 ἑνί
751 630 870 668 νυκτί
890 632 1084 671 veneficiis
1101 634 1182 671 suis
1202 645 1342 671 vacare
1361 636 1507 683 posset.
1541 633 1736 683 Apollonii

91 701 210 740 locum
237 705 324 740 ante
344 701 474 740 oculos
500 701 666 740 habuere
698 700 857 754 Quintus
876 701 960 740 Sm.
976 700 1027 738 X.
1046 703 1140 738 454.
1161 714 1245 753 sqq.
1277 701 1435 739 Nonnus
1455 700 1522 739 lV.
1540 705 1633 740 213.
1652 714 1735 753 sqq.

92 770 218 809 Docet
250 775 370 809 autem
400 770 651 821 Apollonius,
686 770 846 821 itemque
877 768 1132 809 Callimachus
1164 770 1199 807 in
1224 769 1360 817 Coma,
1392 768 1531 821 aliquid
1564 770 1739 808 memoria

92 839 258 887 dignum.
321 839 465 889 Nempe
502 837 776 890 quaerebatur,
817 838 1000 889 quonmdo
1039 838 1272 877 descendere
1311 837 1357 876 ad
1395 838 1572 876 amasium
1612 837 1739 887 Luna,

92 908 274 959 simulque
305 908 428 945 ol'licio
460 919 551 953 SUO,
584 910 729 944 noctem
761 905 998 955 illustrandi,
1031 908 1126 945 satis
1158 909 1285 945 facere
1316 909 1464 957 posset.
1507 907 1630 946 Vides
1653 906 1740 958 quid

92 976 347 1026 respondeant
380 980 530 1025 poetae.
591 974 693 1013 Luna
737 974 988 1013 descendisse
1027 975 1073 1013 ad
1105 975 1375 1025 Endymionem
1411 975 1613 1026 putabatur
1643 977 1739 1021 tum,

92 1057 199 1096 quum
221 1043 436 1082 deficiebat.
487 1042 604 1096 Quem
636 1042 821 1082 defectum
853 1042 925 1080 alia
956 1044 1178 1093 superstitio
1212 1043 1388 1095 vulgaris
1415 1043 1462 1081 ad
1488 1043 1741 1082 veneficarum

92 1116 217 1160 artes,
249 1111 519 1150 Thessalarum
551 1112 731 1160 maxime,
764 1111 883 1149 lunam
916 1113 1021 1150 caelo
1054 1112 1332 1163 deripientium,
1365 1111 1570 1150 referebat.
1612 1111 1742 1162 Apol-

92 1180 219 1219 lonius
252 1181 397 1232 quidem
428 1180 628 1218 manifesto
661 1179 901 1218 obscuratam
933 1180 1074 1230 lunam,
1116 1180 1154 1218 h.
1187 1194 1221 1219 e.
1260 1193 1398 1231 corpus
1430 1180 1618 1227 caeleste,
1660 1180 1743 1218 dum

92 1254 256 1288 moratur
287 1249 385 1300 apud
420 1249 689 1299 Endymionem
720 1248 827 1297 Dea,
861 1250 1020 1297 cogitat.
1063 1249 1140 1287 Sed
1173 1253 1294 1288 tamen
1325 1261 1398 1287 non
1430 1249 1585 1287 omnium
1616 1248 1743 1287 eadem

94 1319 220 1368 opinio
252 1319 334 1356 suit.
396 1318 560 1356 Fuerunt
592 1318 653 1369 qui
686 1318 901 1355 conunorari
933 1318 1030 1367 apud
1062 1318 1333 1368 Endymionem
1367 1317 1503 1356 Lunam
1537 1317 1674 1366 Deam,
1706 1320 1744 1356 at

94 1391 230 1425 terram
263 1385 500 1424 nibilominus
532 1385 712 1423 illustrari
753 1385 888 1424 lumine
920 1386 1037 1424 lunari
1071 1387 1272 1435 tingerent.
1332 1385 1436 1425 Inter
1466 1398 1561 1438 quos
1594 1386 1745 1425 Seneca

94 1454 313 1505 Hippolyto
345 1453 370 1492 Ι.
403 1454 428 1492 l.
469 1456 531 1506 qui
563 1455 671 1493 etiam
711 1466 880 1492 caussam
913 1455 1281 1507 explicationemque
1321 1455 1447 1503 addit,
1490 1467 1562 1493 non
1593 1455 1743 1504 inepte,

95 1527 135 1562 ut
165 1536 233 1574 pro
265 1522 339 1562 hoc
369 1527 503 1573 poeta,
538 1523 822 1572 excogitatam:
855 1524 975 1563 Arsit
1006 1524 1167 1562 obscuri
1198 1523 1276 1562 dea
1307 1524 1425 1562 clara
1454 1523 1589 1562 mundi
1614 1523 1746 1562 Nocte

95 1592 283 1640 deserta,
323 1592 556 1645 nitidosque
597 1593 725 1643 fratri
791 1592 982 1631 Tradidit
1022 1605 1164 1632 currus
1197 1592 1319 1631 aliter
1348 1592 1560 1644 reqendos.
1622 1590 1744 1641 Aliis,

96 1664 135 1700 ut
164 1661 355 1700 Nicandro
387 1673 448 1710 ap.
481 1660 647 1710 Etymol.
681 1660 737 1698 M.
771 1674 810 1699 v.
842 1657 1074 1711 Ἀσὲληνα,
1107 1661 1203 1700 satis
1235 1663 1330 1710 erat,
1361 1661 1413 1699 ita
1439 1662 1574 1699 Iactum
1604 1661 1744 1710 suisse3

96 1730 279 1781 quomodo
312 1731 445 1768 sactum
486 1732 615 1779 esset,
659 1741 730 1767 non
770 1730 1021 1781 inquirebant.
1083 1730 1283 1780 Apponam
1325 1729 1468 1768 locum:
1512 1726 1745 1779 Ἁσέληνα·

98 1790 174 1848 ὅρη
209 1793 320 1834 οὕτω
356 1793 625 1843 καλούμενα·
669 1792 773 1846 ἅπερ
818 1795 855 1834 οὶ
889 1795 967 1843 μὲν
1008 1795 1122 1848 παρὰ
1163 1794 1239 1848 τήν
1280 1797 1474 1846 Τραχῖνα
1515 1795 1742 1848 εἰρῆσθαι,

98 1866 156 1911 ὠς
183 1862 370 1910 Ῥειανὸς
402 1864 446 1903 ἐν
477 1865 535 1916 τῷ
566 1863 1024 1917 τεσσαρεσκαιδεκάτη)
1044 1863 1325 1915 Ἱὴ)ακλειάς’
1355 1865 1599 1916 Νίκανδρος
1632 1864 1677 1903 δὲ·
1702 1863 1746 1903 ἐν

98 1940 188 1980 τοῖς
219 1934 464 1980 Αἰτωλοῖς·
507 1930 592 1980 ὅτι,
630 1933 783 1985 φησίν,
826 1933 869 1971 ἐν
903 1932 1050 1980 αὕτοῖς
1079 1935 1153 1986 τῆς
1186 1931 1376 1985 Σελήνης
1406 1935 1465 1987 τῷ
1491 1932 1746 1983 Ἐνδυμίωνι

99 2003 510 2055 συγκαθευὸούσης,
556 2005 781 2052 συνέβαινε
824 2001 926 2048 τούς
968 1998 1122 2049 ἄλλους
1153 2002 1310 2048 τόπους
1342 2001 1577 2054 α’σελήνους
1609 1997 1742 2050 εἶναι,

100 2072 173 2111 καί
209 2070 266 2123 μή
307 2073 508 2121 μετέχειν
548 2071 707 2123 φωτός.
777 2074 1039 2124 Festinanter,
1078 2078 1118 2112 ut
1149 2078 1264 2125 puto,
1307 2074 1545 2124 Sylburgius
1585 2075 1747 2113 coniecit

99 2140 143 2180 ἐν
184 2146 272 2186 τοῖς
311 2140 603 2186 Αἰτωλικοῖςι
650 2156 723 2181 non
766 2144 915 2182 viderat
954 2145 1131 2194 opposita
1170 2144 1269 2182 inter
1306 2156 1351 2182 se
1389 2155 1478 2182 esse
1517 2139 1631 2192 παρά
1671 2138 1746 2192 τήν

103 2212 318 2263 Τραχῖνα,
352 2216 389 2251 ct
421 2210 465 2248 ἐν
495 2215 586 2255 τοῖς
617 2210 852 2255 Αἰτωλοῖς.
912 2212 1069 2264 Neque,
1104 2213 1135 2250 si
1161 2213 1351 2252 Aetolica
1381 2211 1562 2250 Nicandri
1593 2211 1746 2251 laudare

99 2282 308 2330 voluisset,
341 2283 397 2320 sic
428 2282 649 2332 scripturum
680 2282 800 2319 fuisse
819 2281 1086 2332 Etymologum
1118 2284 1231 2331 puto,
1263 2279 1307 2317 ἐν
1337 2283 1427 2324 τοῖς
1452 2279 1743 2329 Αἰτωλικοῖς,

99 2351 166 2389 sed
201 2351 283 2388 sine
314 2350 490 2397 articulo,
534 2350 596 2389 vel
638 2351 746 2389 etiam
778 2351 905 2389 addito
939 2362 1018 2388 eum
1051 2363 1201 2389 numero
1232 2349 1330 2388 libri.
1393 2350 1599 2389 Praeterea
1631 2353 1744 2389 vete-

102 2432 175 2457 rem
208 2418 403 2469 Apollonii
436 2420 674 2469 interpretem
705 2418 731 2456 l.
764 2419 788 2457 l.
821 2419 890 2458 1V.
925 2423 991 2457 57.
1033 2419 1240 2457 conferenti
1278 2418 1390 2457 valde
1420 2419 1600 2457 incertum
1632 2419 1744 2458 vide-

102 2489 226 2535 bitur,
272 2500 317 2525 an
360 2488 394 2525 in
427 2487 617 2526 Aetolicis
658 2488 746 2526 illud
786 2489 965 2539 scriptum
1003 2500 1025 2526 a
1055 2487 1246 2526 Nicandro
1286 2487 1420 2536 suerit,
1465 2487 1562 2538 quod
1602 2489 1745 2538 profert

101 2556 368 2607 EtymologuS.
438 2557 505 2594 Bis
547 2559 639 2595 enim
671 2570 693 2596 a
731 2557 844 2596 docto
885 2557 1094 2606 interprete
1132 2555 1196 2594 illo
1238 2555 1431 2594 Nicander
1470 2555 1659 2605 laudatur,
1701 2553 1744 2592 ἐν

103 2625 286 2676 δευτέρῳ
319 2623 602 2674 Αἰτωλικῶν,
645 2629 683 2665 et
721 2625 766 2662 ἐν
798 2623 982 2674 δευτέρῳ
1016 2620 1241 2673 Επῖριόπης,
1288 2625 1428 2665 Verum
1459 2624 1522 2663 illo
1554 2624 1638 2664 1000
1662 2626 1744 2663 En-

102 2696 290 2745 dymionis
322 2693 482 2733 fabulam
508 2695 727 2744 exponebat
751 2707 852 2739 eam,
886 2706 981 2745 quae
1007 2693 1104 2743 apud
1132 2693 1337 2731 Hesiodum
1360 2695 1451 2743 fuit,
1484 2695 1519 2732 in
1551 2707 1623 2746 qua
1653 2693 1741 2731 nihil

103 2765 150 2802 de
180 2764 296 2803 Luna.
357 2762 481 2815 Quare
512 2762 622 2800 multo
660 2764 741 2801 veri
772 2767 832 2802 est
863 2761 1039 2809 similius,
1078 2761 1231 2800 alterum
1272 2775 1322 2801 ex
1353 2764 1528 2814 Europa,
1570 2762 1631 2801 vel
1663 2762 1743 2801 Eu-

102 2834 235 2883 ropia‚
267 2832 384 2870 locum
415 2836 504 2869 ante
536 2830 666 2869 oeulos
697 2831 927 2882 Etymologo
959 2833 1101 2880 fuisse,
1139 2843 1211 2883 quo
1242 2831 1329 2870 loco
1361 2832 1406 2871 de
1437 2832 1564 2871 Lunae
1594 2834 1632 2871 et
1663 2832 1742 2869 En-

103 2901 290 2952 dymionis
321 2900 511 2938 amoribus
542 2899 676 2948 egisse
707 2899 931 2938 Nicandrum
962 2900 1106 2938 diserte
1137 2903 1299 2939 testatur
1329 2900 1517 2950 interpres
1534 2899 1740 2950 Apollonii.

103 2970 145 3009 In
175 2969 329 3009 Aetolis
360 2972 482 3008 autem
513 2968 632 3006 fuisse
659 2963 888 3017 Ἀσέληνον
919 2971 1097 3018 montem,
1129 2967 1192 3007 vel
1226 2960 1302 3017 ὅρη
1332 2964 1561 3017 Ἀσὲληνα,
1594 2971 1743 3008 constat

105 3039 215 3079 etiam
244 3038 364 3078 altero
394 3036 578 3076 Nicandri
610 3036 844 3083 testimonio,
885 3035 1086 3076 Theriaeis
1118 3050 1157 3075 v.
1189 3039 1285 3075 215.
1325 3034 1550 3081 Ῥυπαῑον,
1594 3033 1743 3087 Κόρα-
