2006 3365
229 175 330 221 404
841 169 1205 211 DISSERTATlO
1230 169 1312 210 IV.v

228 299 449 350 (piissimas,
483 309 577 348 quas
608 296 822 346 descripsi,
855 299 1031 346 septem,
1072 294 1158 345 vel,
1200 299 1238 335 ut
1270 308 1376 334 unam
1421 296 1506 335 anni
1543 300 1663 337 1501.
1708 308 1889 336 annume-

227 378 323 415 rem,
364 367 478 412 octo,
525 363 658 411 visae,
699 367 738 402 et
774 366 951 402 accurate
981 376 1003 402 a
1036 376 1091 402 me
1131 364 1290 402 collatae
1323 367 1433 413 sunt,
1475 366 1520 404 ad
1566 366 1679 405 Diras
1711 365 1886 417 quidem:

227 438 267 472 ut
299 434 330 471 si
363 444 435 470 non
473 431 622 471 multum
665 444 714 471 ex
753 431 813 470 his
854 433 944 470 novi
985 432 1126 470 bonive
1165 433 1210 470 ad
1254 432 1436 472 Catonem
1468 446 1489 472 a
1519 447 1576 473 me
1607 433 1783 481 allatum,
1824 431 1888 470 vel

227 514 273 539 ne
305 503 613 539 commemoratas
649 501 795 552 quidem
828 501 873 539 ad
909 500 1015 539 locos
1047 501 1226 549 singulos
1259 501 1327 540 lias
1359 502 1548 541 editiones
1579 501 1700 541 lector
1732 501 1886 548 viderit,

227 581 271 607 ea
302 580 376 607 non
407 581 487 607 mea
519 568 649 618 culpa,
692 568 760 607 sed
800 569 1002 607 editionum
1044 569 1165 607 videri
1204 570 1367 617 debeat,
1407 583 1503 621 quae
1560 570 1651 608 nibil
1684 572 1747 608 aut
1778 569 1886 617 boni,

225 639 290 676 aut
321 637 419 689 quod
453 649 475 675 a
505 638 696 687 prioribus
728 637 836 676 libris
870 638 984 677 editis
1026 638 1249 683 recederet,
1291 638 1542 688 praebebant.

319 773 512 814 Veneta
547 774 714 813 1482st
778 773 887 812 Hanc
918 773 1003 812 olim
1037 776 1214 813 accurate
1248 773 1388 813 contuli
1422 785 1500 812 cum
1534 772 1684 813 Veneta
1714 773 1888 820 Iensoni‚

226 843 284 881 cui
326 855 398 881 non
438 855 566 894 parum
608 843 708 881 cedit
752 842 946 891 elegantia
988 845 1160 881 externa.
1232 842 1393 892 Incipit:
1442 841 1639 882 Maronis
1688 842 1794 882 Vita.
1843 855 1888 881 ea

226 923 323 963 quae
356 911 506 949 Donato
539 911 736 959 tribuitur,
771 913 809 949 et
840 911 987 963 quidem
1021 912 1190 961 integra,
1226 912 1349 950 linitur
1381 912 1475 949 enim
1509 911 1581 950 ita:
1622 911 1697 950 Vbi
1718 915 1889 964 &poeta

225 983 317 1032 ipse
347 980 554 1034 loquitur:
596 983 629 1018 ἀ
659 980 884 1019 introduc-te
911 991 1111 1032 persone:
1154 987 1196 1020 ut
1228 987 1345 1018 smel:
1398 979 1558 1031 Vz‘rye'lii
1590 981 1753 1019 Aeneis.
1815 977 1887 1018 Ul·

224 1050 311 1087 timo
352 1048 435 1087 loco
487 1047 697 1095 Moretum,
754 1051 791 1087 et
836 1048 1096 1098 subscriptio:
1141 1048 1282 1087 Publii
1327 1049 1489 1100 Viryz‘lii
1526 1049 1723 1088 Illaronis
1771 1048 1887 1088 Vatis

224 1117 543 1156 Eminentissimi
562 1127 571 1152 :
635 1114 841 1155 Volumina
881 1117 954 1155 bec
991 1115 1078 1155 Vna
1111 1130 1196 1156 eum
1226 1117 1365 1156 Seruii
1399 1117 1603 1157 Honorati
1633 1117 1888 1168 yrammatiei

224 1186 548 1224 commentariis:
596 1184 660 1223 Ac
699 1185 877 1223 eiusdem
912 1191 1030 1237 poete
1061 1187 1149 1224 uita
1188 1185 1362 1225 Venetiis
1396 1188 1614 1238 impressa.
1675 1186 1759 1225 Per
1785 1185 1886 1224 Ma-

223 1253 370 1308 yiftru3
409 1252 636 1292 Renaldum
675 1253 725 1292 de
764 1253 1008 1304 Nouimaqio
1046 1252 1296 1293 theotonica.
1359 1255 1476 1293 Anno
1518 1255 1665 1294 domini
1697 1254 1886 1293 Millesi-

223 1336 296 1361 mo.
357 1337 468 1359 cccc.
502 1336 665 1359 Lxxxn.
727 1323 811 1361 Die
853 1336 987 1360 xxvu.
1029 1322 1292 1375 Septembris.
1369 1322 1477 1374 Quod
1512 1334 1699 1361 numerum
1732 1334 1886 1373 operum

225 1391 522 1442 carminumque,
565 1394 678 1442 atque
724 1391 914 1439 ordinem,
958 1391 1118 1435 attinet,
1166 1394 1244 1429 tota
1285 1391 1417 1429 similis
1458 1390 1634 1429 Venetae
1677 1390 1802 1429 Rubei
1848 1391 1887 1428 et

225 1459 473 1508 Vicentinae3
507 1461 544 1497 et
577 1458 802 1497 Vicentinae
834 1459 981 1510 quidem
1013 1460 1121 1497 etiam
1164 1472 1231 1507 eo,
1272 1460 1369 1511 quod
1409 1460 1444 1498 in
1486 1458 1696 1499 Catalectis
1736 1469 1885 1497 carmen

223 1527 405 1579 Superbe
434 1529 569 1566 noetui
600 1530 632 1566 ἀ
662 1530 871 1567 recutitum
904 1535 1027 1580 eaput
1060 1527 1172 1575 (sic,
1206 1531 1244 1566 ut
1277 1527 1454 1573 Vicent.)
1488 1528 1697 1575 integrum,
1732 1529 1770 1565 et
1802 1538 1886 1565 car--

224 1596 330 1633 minis
362 1595 506 1634 Iacere
538 1595 645 1647 quod
676 1596 760 1634 alte
790 1609 865 1634 non
895 1609 1062 1648 possum
1091 1602 1217 1649 putas
1253 1595 1357 1644 (sic,
1391 1598 1430 1634 ut
1454 1595 1636 1645 Vicent.)
1672 1607 1809 1634 versus
1835 1598 1884 1633 16

225 1663 373 1713 priores
405 1662 535 1701 habet.
598 1664 736 1703 Verum
786 1665 980 1715 quominus
1027 1677 1076 1702 ex
1117 1665 1201 1714 ipsa
1247 1677 1470 1714 expressam
1514 1664 1715 1702 vicentina
1747 1665 1885 1714 putes,

224 1731 381 1769 obstant
412 1731 499 1768 alia.
560 1730 690 1770 Veluti
724 1731 837 1782 Eleg.
883 1732 928 1770 ad
968 1731 1129 1770 Messal.
1166 1744 1303 1770 versus
1344 1735 1411 1770 31.
1453 1732 1604 1780 integer
1651 1730 1883 1770 exhibetur:

223 1800 329 1852 Sepe
361 1798 504 1838 anima*
536 1804 674 1850 {seueri
709 1801 809 1852 prob
845 1814 961 1853 quam
998 1807 1118 1853 pater
1150 1803 1292 1853 impius
1333 1801 1473 1839 hausit
1520 1802 1558 1837 ut
1590 1799 1626 1837 in
1662 1799 1814 1837 Vicent.
1847 1802 1886 1838 at

223 1880 309 1906 mox
343 1868 435 1906 ibid.
469 1871 537 1906 33.
570 1872 722 1917 praeter
754 1868 914 1906 litteram
948 1868 1125 1906 initialem
1160 1868 1195 1907 R
1229 1867 1318 1905 nibil
1353 1870 1425 1907 est.
1490 1868 1614 1907 Carm.
1648 1868 1749 1924 Quis
1784 1867 1884 1907 deus

226 1935 379 1975 Octavi
411 1936 629 1987 (optauit)
662 1942 701 1975 te
733 1936 848 1975 nobis
882 1936 1055 1975 abstulit
1075 1947 1209 1974 versus
1231 1938 1268 1974 5.
1300 1938 1491 1986 perfectus
1515 1939 1597 1974 cst:
1630 1936 1884 1975 mirabimur:

223 2008 255 2043 ἀ
285 2011 325 2043 te
357 2009 395 2043 ut
427 2004 463 2041 in
509 2004 661 2042 Vicent.
704 2007 742 2043 at
783 2005 935 2043 Aetnae
985 2017 1123 2042 versus
1156 2007 1249 2042 208.
1285 2004 1438 2051 (210.)
1474 2015 1553 2041 cum
1586 2003 1746 2051 lacuna,
1779 2007 1819 2042 ut
1850 2004 1885 2042 in

224 2072 388 2111 Venetis
422 2072 522 2111 Rub.
557 2076 595 2111 et
626 2071 728 2110 lens·
805 2072 939 2124 Neque
977 2072 1041 2110 illo
1082 2074 1245 2110 carmine
1285 2073 1578 2111 Corinthiorum
1621 2078 1779 2111 anmtor
1810 2075 1885 2110 etc.

223 2152 303 2178 cum
338 2141 563 2179 vicentinae
603 2140 859 2189 lectionibus,
903 2141 968 2179 sed
1015 2153 1094 2179 eum
1142 2140 1305 2179 Venetis
1337 2140 1440 2179 Rub.
1473 2143 1511 2179 et
1542 2139 1645 2178 lens.
1681 2140 1884 2179 consentit.

222 2208 355 2260 ltaque
388 2208 570 2246 Venetam
602 2211 720 2247 1452.
754 2221 803 2247 ex
835 2209 908 2247 alia
941 2210 1106 2248 editione
1138 2209 1274 2248 Rubeo
1306 2213 1343 2248 et
1374 2208 1538 2247 Iensouo
1573 2209 1787 2259 posteriore
1820 2220 1886 2246 re-

224 2277 381 2326 petitam
412 2288 502 2315 esse
533 2279 682 2315 statuo:
716 2278 951 2328 putaverim,
994 2290 1043 2317 ex
1076 2277 1224 2316 Veneta
1256 2277 1394 2329 aliqua.
1465 2277 1667 2317 Caeterum
1710 2288 1783 2315 non
1825 2275 1886 2315 le·-

226 2346 327 2384 viter
360 2345 500 2383 vitiosa
532 2348 605 2384 est.

312 2482 630 2521 Brioeiensis
668 2484 787 2520 1485.
827 2483 854 2520 f.
896 2481 1162 2532 Subscriptum
1205 2482 1240 2519 in
1285 2481 1384 2519 line:
1426 2482 1672 2535 Impressum
1712 2481 1888 2521 Brixiae

224 2564 298 2602 per
330 2550 519 2588 Iacobum
551 2548 805 2589 Britannica*
850 2550 1106 2589 Brixianam.
1140 2549 1204 2588 M.
1239 2564 1349 2587 cccc.
1383 2549 1532 2589 lxxxv.
1566 2551 1633 2589 die
1657 2565 1762 2588 xxu.
1796 2552 1885 2589 Au-

224 2621 351 2668 ylusti.
413 2619 520 2656 Haec
551 2630 700 2669 quoque
732 2630 801 2656 sua
841 2618 937 2656 vitia
980 2617 1116 2666 babet3
1156 2617 1217 2656 bic
1259 2618 1336 2657 illic
1373 2618 1514 2670 aliquid
1556 2621 1765 2657 correctum
1798 2620 1883 2666 est,

225 2689 263 2725 et
295 2700 332 2724 v.
370 2689 462 2724 166.
504 2687 610 2736 furti
649 2685 818 2734 legitur,
861 2686 992 2724 nescio
1032 2686 1143 2724 unde.
1206 2687 1253 2724 cf.
1288 2688 1354 2725 ins.
1385 2686 1431 2725 ad
1462 2685 1623 2726 Mediol.
1660 2690 1781 2725 1501.
1841 2685 1885 2724 In

226 2755 441 2792 universum
474 2754 663 2792 consentit
694 2765 774 2791 cum
805 2754 977 2804 proxime
1007 2753 1342 2803 praecedentibus.

319 2878 514 2917 Veneta
536 2879 658 2916 1486.
682 2878 708 2916 f.
742 2876 1006 2928 Subscriptum
1027 2878 1063 2915 in
1089 2877 1185 2916 fine:
1213 2878 1353 2917 Publii
1375 2877 1539 2930 Viryitiz·
1555 2878 1746 2917 Maronis
1766 2877 1884 2918 Vatis

226 2945 544 2985 Eminentissimi
607 2946 815 2986 Volumina
845 2946 947 2984 haee
979 2945 1066 2985 Vna
1097 2959 1182 2984 eum
1209 2946 1347 2985 Seruii
1378 2946 1582 2985 Honorati
1638 2946 1884 2985 Grammati-

226 3016 264 3052 οἱ
295 3012 581 3053 ίὀιιιιιιᾱἰαι·ἰιἐ
615 3014 678 3053 Ac
707 3014 903 3054 Eiusdem
934 3014 1089 3054 Poetae
1129 3014 1222 3055 Vita
1264 3015 1438 3055 Venetiis
1456 3014 1666 3067 Impressa
1694 3018 1789 3053 sunt
1808 3027 1886 3065 per
