2006 3365
276 129 376 174 156
831 124 1359 166 ANIMADVERSIONES

276 243 383 291 gent.
420 244 539 280 1502.
594 239 674 278 Vix
705 238 857 288 dignum
889 239 1180 287 observatione,
1211 240 1282 277 nisi
1312 238 1385 278 hoc
1415 252 1560 293 quoque
1592 239 1808 279 documento
1840 252 1907 278 es-

277 313 359 358 set,
391 322 495 361 quam
527 311 667 346 mature
701 309 790 346 vitia
823 308 989 346 editores
1021 306 1312 357 cumulaverint,
1355 311 1393 346 et
1423 321 1508 347 esse
1540 310 1574 347 in
1607 309 1755 347 Veneta
1785 309 1910 348 Rubei

277 390 445 423 errores,
477 389 570 427 quos
602 377 779 424 ignorant
808 377 1061 427 antiquiores,
1094 375 1309 424 Romanae,
1342 376 1489 415 Veneta
1520 377 1695 416 Achatis.
1750 377 1912 417 Bucula

278 445 432 483 volebat
464 444 666 494 Heinsius,
699 446 804 483 cuius
835 445 954 483 verba
985 448 1092 482 sunt:
1137 443 1303 482 Vaccula
1334 447 1565 485 inusitatam
1593 459 1779 499 prorsus.
1848 450 1911 486 sic

275 521 313 553 et
344 517 381 551 z'n
412 513 622 565 Priapeiis
653 521 748 566 pulo
792 514 1039 552 scribendum
1070 514 1150 566 Ep.
1183 528 1341 551 Lxxxv.
1406 514 1636 569 Teneraqae
1674 522 1800 554 matre
1828 529 1910 554 mu-

274 584 404 632 qz'ente
442 581 591 620 bucula.
653 583 906 630 Burmannus,
949 582 1205 621 defendendae
1242 583 1459 631 vacculae,
1502 584 1656 633 Apuleii
1695 584 1912 634 praetendit

274 650 511 702 Arnobiique
551 652 820 689 auctoritatem.
898 651 983 700 Ego
1034 663 1125 689 vero
1171 651 1402 701 prudentiam
1443 651 1617 690 desidero
1661 653 1695 690 in
1735 651 1909 690 Heinsio.

275 717 378 770 Quae
409 719 503 756 enim
535 718 630 758 haec
661 721 815 758 audacia
857 723 936 761 est,
975 720 1079 759 locos
1119 720 1315 758 emendare
1348 720 1465 769 duos,
1508 724 1547 759 ut
1584 720 1720 773 aliquid
1753 733 1911 771 prorsus

273 788 487 826 inusitatum
521 789 645 826 dicere
678 784 833 839 possis?
864 789 1113 828 Retinendnm
1145 793 1204 828 est
1235 789 1409 827 vaccula
1441 792 1597 840 utroque
1627 789 1724 827 loco.
1772 790 1910 842 Quam-

274 867 379 906 quam
412 869 457 895 ne
488 856 561 896 1100
592 858 737 910 quidem
770 862 976 897 moraturus
1009 870 1151 906 essem,
1184 859 1214 895 si
1248 858 1344 908 apud
1374 870 1479 896 unum
1504 857 1697 906 legeretur
1717 856 1910 897 Catonem.

275 924 427 977 Quippe
457 926 682 964 deminutiva
713 927 879 975 fingendi
911 926 1028 966 libera
1060 930 1140 965 erat
1173 929 1210 964 et
1242 925 1397 965 Catonis
1429 930 1574 975 aetate,
1606 930 1644 965 et
1673 930 1761 976 post
1794 927 1912 966 Cato-

274 1006 378 1043 nem,
410 995 506 1045 apud
539 998 675 1046 poetas
708 999 900 1046 potestas3
934 1008 1052 1047 neque
1081 994 1285 1041 Catullum,
1320 995 1380 1033 vel
1407 996 1467 1046 qui
1500 995 1560 1033 alii
1591 997 1712 1033 amant
1744 995 1912 1033 deminu-

274 1064 378 1112 tiva,
409 1064 650 1115 quaesivisse
684 1064 838 1114 ubique,
880 1076 925 1102 an
959 1064 1029 1102 1100
1059 1065 1127 1102 Iam
1159 1066 1331 1103 usitatum
1364 1064 1626 1102 deminutivum
1660 1066 1785 1113 esset,
1826 1064 1912 1102 exi-

276 1133 398 1170 stimo.
517 1131 640 1170 Locus
671 1145 719 1170 ex
753 1132 964 1183 Priapeiis‚
1005 1132 1066 1171 vel
1098 1134 1242 1183 potius,
1276 1135 1315 1172 ut
1345 1134 1442 1170 infra
1472 1133 1578 1172 Diss.
1609 1132 1639 1171 Ι.
1678 1132 1821 1176 doceo,
1863 1144 1913 1170 ex

277 1197 483 1238 Catalectis
515 1200 695 1249 Virgilii,
727 1200 787 1238 hic
820 1203 910 1239 est:

445 1268 495 1307 V.
531 1272 595 1307 10.
646 1270 758 1308 Meis
790 1269 955 1320 capella
987 1269 1166 1308 delicata
1194 1271 1369 1322 pascuis

645 1338 693 1376 In
726 1338 854 1377 urbem
885 1338 1029 1377 adulta
1060 1338 1169 1377 lacte
1196 1345 1336 1390 portat
1365 1338 1514 1387 ubera,

647 1408 837 1461 Maiaque
865 1411 1027 1460 pinquis
1060 1421 1189 1459 aquus
1222 1422 1272 1447 ea·
1302 1408 1474 1447 ovilibus

645 1476 816 1516 Gravem
849 1478 997 1516 domum
1026 1479 1187 1515 remittit
1218 1491 1312 1516 aere
1346 1478 1548 1516 dexteram
1558 1504 1572 1524 ,

651 1546 882 1599 Tener-aque
912 1553 1036 1585 matre
1065 1548 1258 1597 muyiente
1287 1545 1462 1584 vaccula

535 1617 598 1652 15.
649 1615 775 1653 Deum
805 1615 1015 1666 profundit
1046 1622 1138 1653 ante
1167 1615 1313 1667 templa
1346 1616 1592 1665 sanquinem.

276 1683 383 1722 Haec
414 1685 472 1721 est
504 1695 608 1734 quam
642 1683 835 1731 vulgatam
874 1683 998 1721 dicere
1039 1684 1165 1733 possis
1197 1696 1235 1720 v.
1274 1687 1334 1721 14.
1375 1684 1622 1733 scripturam:
1666 1683 1911 1737 Teneraque.

277 1764 356 1789 nam
394 1753 547 1791 Tenera
580 1766 682 1806 (suae
713 1754 748 1790 in
768 1753 926 1791 Venetis
952 1752 1053 1790 Rub.
1082 1752 1182 1790 lens.
1216 1755 1253 1790 et
1277 1751 1497 1800 Vicentinag
1537 1751 1731 1805 Teneraq3
1764 1753 1800 1789 in
1827 1752 1910 1790 cod.

276 1819 395 1859 Basil.
429 1824 466 1859 et
498 1820 614 1858 Voss.
649 1820 696 1858 11.
757 1821 845 1858 Eam
877 1822 1095 1871 scripturam
1139 1820 1321 1872 quoinodo
1362 1823 1468 1858 tuear
1504 1832 1577 1858 11011
1618 1819 1762 1870 habeo,
1804 1833 1912 1872 quum

275 1902 402 1941 parum
434 1890 565 1927 suavis
597 1891 647 1928 sit
676 1889 737 1928 1110
769 1889 994 1928 tribrachus.
1039 1890 1100 1928 Ac
1124 1889 1294 1940 placeret
1321 1889 1429 1938 mihi,
1464 1891 1503 1927 ut
1526 1888 1664 1940 placuit
1685 1889 1791 1938 aliis,
1818 1901 1911 1927 con-

276 1959 419 1997 iectura
450 1958 630 1997 OrvilliI:
684 1958 868 2006 Tenella,
914 1964 1038 1998 matre
1075 1963 1287 2009 nzaye'ente,
1330 1959 1527 2006 vaccula,
1570 1958 1603 1995 si
1643 1958 1760 1997 ferret
1790 1958 1911 1997 oratio

276 2040 474 2080 nexusque
506 2027 591 2065 loci.
651 2028 760 2066 Nunc
791 2041 897 2080 quum
938 2028 1056 2066 oratio
1094 2026 1262 2077 postulet
1294 2041 1368 2081 que
1406 2025 1645 2078 particulam,
1685 2027 1754 2078 ita,
1795 2027 1913 2065 donec

278 2096 416 2135 docear
445 2097 564 2146 aliud,
596 2096 744 2145 legam:

646 2165 868 2216 Tenerque‚
899 2172 1025 2204 matre
1053 2168 1247 2216 mugiente
1275 2165 1475 2213 vaccula,

645 2235 772 2273 Deum
799 2234 1012 2287 profundit
1043 2236 1116 2272 etc.

278 2304 318 2340 ut
350 2301 569 2352 suppleatur
599 2302 777 2350 vitulus,
811 2301 874 2340 vel
906 2303 1031 2352 potius
1063 2303 1184 2351 magis
1214 2300 1393 2351 generale
1428 2301 1671 2348 vocabulum,
1707 2302 1815 2354 quale
1844 2302 1911 2354 fe-

278 2378 357 2409 tus.
419 2369 469 2409 Ut
499 2373 623 2409 teneri
654 2370 871 2422 simpliciter
911 2371 1080 2409 dicuntur
1117 2371 1245 2421 pueri,
1284 2371 1335 2408 ita
1373 2370 1464 2408 1111111
1503 2371 1674 2420 impedit,
1719 2371 1911 2423 quominus

278 2446 387 2479 tener
417 2439 560 2478 dicatur
592 2439 732 2477 vitulus
765 2452 809 2477 eo
841 2440 984 2491 quidem
1017 2441 1052 2478 in
1083 2439 1191 2486 loco,
1225 2439 1287 2477 ubi
1320 2443 1481 2478 curatum
1514 2434 1624 2478 suerit
1654 2451 1675 2477 a
1705 2442 1840 2490 poeta,
1872 2442 1912 2478 ut

279 2509 326 2547 de
356 2508 473 2546 vitulo
505 2520 709 2546 sermonem
742 2520 849 2551 esse,
884 2521 956 2547 non
989 2509 1035 2546 de
1066 2520 1204 2559 puero,
1236 2510 1428 2558 appareat.
1474 2508 1515 2547 I‹l
1548 2521 1641 2547 vero
1673 2509 1766 2546 satis
1799 2519 1911 2545 cura-

279 2579 338 2617 vit
368 2577 428 2615 1110
458 2580 571 2627 poeta
603 2577 758 2615 additis
790 2584 915 2616 matre
944 2580 1137 2628 muye’ente
1166 2577 1353 2615 vaccula.
1419 2578 1622 2631 Tenerque
1653 2578 1687 2615 in
1720 2576 1910 2614 Vossiano

278 2646 309 2686 Ι.
341 2648 428 2694 fuit,
460 2647 491 2684 si
524 2646 616 2684 [ides
649 2646 881 2684 Burmanno:
915 2645 1068 2694 neglexi
1103 2644 1173 2683 1100
1206 2645 1250 2683 de
1281 2645 1364 2684 loco
1397 2658 1537 2695 rogare
1569 2645 1751 2685 Geelium.
1804 2644 1910 2693 Ergo

281 2729 330 2754 ex
362 2718 490 2754 nostra
521 2714 775 2765 explicatione
806 2715 980 2754 vaccula
1022 2713 1267 2762 intelligenda
1299 2716 1371 2753 erit
1401 2717 1495 2753 satis
1527 2714 1702 2763 grandis,
1745 2717 1783 2752 ut
1815 2725 1910 2766 (piae

280 2786 348 2823 iam
380 2784 581 2835 pepererit.
697 2782 826 2835 Atque
857 2783 902 2821 de
931 2782 1076 2834 adulta,
1118 2785 1155 2821 et
1185 2794 1280 2834 quae
1310 2795 1378 2833 par
1409 2785 1458 2822 sit
1489 2787 1615 2832 tauro,
1659 2783 1804 2832 cogitat
1835 2783 1909 2821 eti-

281 2865 337 2892 am
369 2851 478 2893 Cato.

366 2921 514 2961 Rursus
545 2920 644 2960 aliud
681 2921 811 2960 vitium
849 2922 929 2970 est,
971 2920 1068 2973 quod
1110 2920 1242 2971 docet,
1284 2933 1389 2973 quam
1428 2919 1690 2969 indiligenter,
1730 2921 1767 2959 et
1804 2932 1909 2972 quam

282 2992 407 3030 securi
437 2990 483 3030 de
513 3002 652 3042 sensu,
684 2988 779 3029 haec
809 2990 968 3029 carmina
997 2989 1163 3040 legerint
1192 2988 1334 3028 librarii
1364 2989 1542 3029 editores.
1597 3000 1673 3028 non
1703 3002 1904 3043 umquam,
