1960 3350
45 1008 163 1075 Inter
197 1036 408 1076 Latinarum
444 1037 650 1076 litterarum
683 1040 920 1077 monumenta
952 1039 1087 1076 nullum
1126 1039 1239 1077 facile
1271 1042 1351 1083 est,
1394 1039 1490 1091 quod
1533 1040 1591 1077 vir
1622 1039 1710 1077 exi-

45 1117 137 1154 mius
183 1116 385 1168 multisque
417 1116 504 1155 milri
538 1119 754 1156 nominibus
797 1129 932 1166 carus,
979 1119 1182 1167 Augustus
1228 1118 1484 1156 Ferdinandus
1517 1118 1710 1166 Naekius,

46 1193 83 1229 et
113 1190 255 1228 diutius
288 1194 326 1229 et
357 1191 535 1229 uberiore
568 1204 647 1229 cum
682 1192 803 1230 fructu
837 1193 1085 1241 tractaverit,
1119 1204 1225 1244 quam
1259 1205 1355 1244 quae
1378 1192 1519 1230 Valerii
1553 1191 1712 1232 Catonis

45 1266 252 1314 supersunt
283 1266 447 1302 earmina
479 1265 565 1303 duo.
629 1264 817 1304 Utvhatm·
847 1265 970 1303 adbuc
1003 1265 1206 1316 disciplina
1238 1265 1447 1304 Godosredi
1482 1266 1711 1315 Hermanni,

47 1350 125 1377 cum
156 1339 310 1389 primum
343 1339 378 1376 in
410 1337 509 1377 hunc
548 1342 696 1389 poetam
739 1340 886 1385 incidit,
928 1340 1351 1391 commentationemqne
1390 1340 1438 1378 de
1478 1340 1575 1379 locis
1616 1351 1709 1377 non-

44 1412 157 1451 nullis
188 1413 437 1463 depravatis,
484 1426 578 1464 quos
618 1413 842 1451 emendasse
875 1414 947 1451 sibi
982 1414 1091 1451 visus
1125 1415 1230 1461 erat,
1265 1414 1439 1463 scripsit.
1500 1413 1618 1453 Cuius
1651 1415 1710 1452 iu-

51 1486 188 1525 venilis
227 1499 369 1536 operae-
407 1498 487 1524 eum
520 1499 590 1525 nec
631 1490 766 1537 postea
807 1488 1017 1537 poenituit3
1061 1488 1147 1539 quin
1181 1489 1290 1526 etiam
1332 1488 1369 1526 in
1401 1488 1710 1527 annotationibus

49 1562 258 1600 memoriam
290 1560 389 1598 illam
422 1563 556 1600 extare
582 1560 723 1608 voluit,
756 1564 893 1609 grata,
928 1563 966 1599 nt
998 1561 1083 1611 ipse
1112 1563 1298 1611 testatur,
1331 1562 1599 1601 recordatione
1629 1574 1709 1600 ma-

49 1635 166 1684 gistri
211 1636 365 1683 summi,
414 1635 475 1686 qui
518 1635 738 1684 speciminis
787 1646 983 1674 censuram
1032 1637 1067 1674 in
1111 1635 1310 1676 Societate
1356 1635 1505 1675 Graeca
1550 1637 1709 1675 fecerat.

51 1709 171 1757 Mox,
218 1709 310 1747 inito
343 1708 477 1747 edendi
511 1708 670 1747 Catonis
703 1710 760 1747 sui
806 1709 988 1760 consiliu,
1028 1723 1107 1749 cum
1142 1712 1266 1749 tantas
1298 1714 1336 1749 et
1368 1711 1641 1749 emendationis
1674 1714 1712 1750 et

51 1783 375 1833 interpretationis
409 1783 541 1833 copias
585 1782 777 1821 laboriose
809 1795 854 1821 ac
886 1784 1048 1823 feliciter
1080 1785 1153 1823 sibi
1186 1789 1387 1835 parasset,
1420 1787 1581 1836 quantas
1613 1784 1709 1823 hand

50 1859 131 1896 scio
164 1870 209 1895 an
241 1856 365 1896 nullus
398 1869 555 1909 unquam
589 1857 713 1895 editor
747 1858 791 1895 ad
823 1857 992 1897 libellum
1025 1859 1192 1897 eiusdem
1225 1860 1372 1911 quidem
1412 1859 1572 1908 moduli,
1614 1872 1711 1897 anno

54 1936 174 1972 1828.
215 1944 357 1982 operae
395 1945 416 1970 a
448 1944 492 1970 se
523 1932 584 1971 his
617 1932 845 1971 carminibus
886 1934 1050 1971 navatae
1089 1933 1196 1984 quasi
1244 1935 1396 1981 gustum
1439 1933 1567 1979 dedit,
1611 1933 1712 1971 edita

51 2006 320 2045 dissertatione
353 2006 399 2044 de
432 2006 590 2044 Battaro
625 2003 810 2054 Catonis,
844 2019 940 2057 quae
974 2006 1113 2045 Museo
1145 2006 1330 2045 Rhenano
1362 2007 1452 2046 Vol.
1472 2006 1521 2045 ΙΙ.
1554 2020 1591 2057 p.
1621 2011 1713 2047 113.

50 2080 194 2118 inserta
225 2079 379 2130 legitur.
442 2081 498 2118 Eo
532 2083 703 2131 tempore
735 2093 874 2118 summa
915 2082 1021 2132 operi
1060 2081 1228 2119 instabat
1268 2081 1489 2129 alacritate,
1535 2094 1606 2120 nec
1639 2082 1711 2119 du-

50 2154 219 2204 bitabat,
253 2155 338 2206 quin
381 2154 466 2193 libri
507 2155 622 2194 editio
667 2166 870 2205 paucorum
908 2155 1089 2193 mensium
1137 2155 1338 2193 intervallo
1380 2154 1558 2194 absoluta
1598 2157 1711 2194 soret.

52 2228 130 2267 Sed
164 2228 247 2266 dum
279 2227 483 2277 Catonem,
531 2230 660 2268 nescio
693 2241 765 2281 qua
796 2228 1005 2267 diffidentia
1036 2230 1074 2267 et
1106 2228 1289 2267 calumnia
1321 2229 1402 2277 sui,
1443 2228 1534 2268 licet
1575 2231 1711 2268 extre-

51 2314 144 2340 mam
177 2302 211 2340 ei
241 2315 383 2341 manum
416 2303 684 2353 imposuisset,
728 2306 849 2341 tamen
887 2304 1058 2341 emittere
1098 2303 1132 2341 in
1166 2302 1284 2341 lucem
1319 2306 1468 2352 cessat,
1515 2303 1646 2342 incidit
1677 2304 1711 2341 in

51 2376 242 2426 morbum,
275 2389 346 2428 quo
378 2378 438 2416 vir
465 2378 779 2428 exoptatissimus
801 2379 839 2416 et
862 2377 1064 2426 longiore,
1097 2377 1130 2415 si
1155 2378 1239 2429 quis
1267 2376 1389 2423 alius,
1423 2378 1503 2415 vita
1527 2377 1711 2426 dignissi-

52 2463 133 2489 mus
158 2450 268 2489 nohis
293 2451 502 2503 litterisque
527 2453 668 2491 nostris
698 2451 927 2502 necopinato
958 2453 1113 2501 ereptus
1140 2453 1213 2490 est.
1270 2451 1327 2490 Ita
1353 2451 1536 2490 destituta
1552 2450 1713 2491 Catonis

53 2524 241 2573 editione,
275 2525 445 2577 equidem
478 2539 545 2576 pro
578 2539 740 2573 summa,
783 2538 879 2577 quae
910 2524 997 2562 mihi
1032 2537 1110 2563 eum
1144 2525 1291 2563 Naekio
1324 2526 1619 2573 intercesserat,
1654 2526 1712 2562 sa-

54 2598 269 2638 miliaritate
321 2611 438 2637 meum
478 2611 565 2638 esse
606 2600 766 2650 putavi,
800 2612 922 2650 opus,
962 2601 1069 2651 quasi
1102 2599 1232 2638 orbum
1264 2601 1444 2650 parente,
1494 2600 1528 2637 in
1562 2599 1712 2638 tutelam

54 2673 246 2723 recipere,
288 2673 461 2725 omnique
501 2685 588 2712 cura
627 2674 806 2722 efficere,
850 2676 915 2722 ut,
956 2676 1129 2725 quantum
1163 2674 1197 2711 in
1238 2685 1294 2711 me
1336 2676 1466 2721 esset,
1509 2676 1581 2711 tam
1624 2685 1712 2711 caro

54 2747 201 2785 nomine
233 2747 387 2796 dignum
420 2747 602 2797 prodiret.
663 2748 748 2786 Nee
779 2760 872 2786 sane
904 2760 966 2786 res
998 2748 1095 2786 intra
1119 2747 1363 2799 longinquam
1386 2747 1713 2797 exspectationem

55 2818 272 2868 haesisset,
321 2821 392 2859 nisi
436 2833 515 2859 cum
555 2820 628 2859 alia
667 2822 914 2861 obstitissent
954 2821 1239 2872 impedimenta,
1287 2833 1381 2873 quae
1423 2832 1713 2858 connnemorare

57 2894 144 2932 nibil
177 2896 335 2942 attinet,
370 2898 444 2933 tum
477 2895 680 2944 praecipue
713 2895 900 2933 fastidium
933 2895 1194 2944 librariorum,
1237 2896 1296 2946 qui
1330 2894 1442 2932 bodie
1474 2896 1555 2932 sere
1588 2894 1623 2931 in
1657 2896 1714 2933 tot

57 2967 207 3007 frivolis
246 2968 407 3020 lepidam
452 2968 617 3007 chartam
657 2969 783 3019 perire
822 2969 982 3020 malunt,
1029 2981 1137 3021 qnam
1181 2968 1279 3006 bene
1322 2968 1368 3005 de
1409 2966 1516 3005 libris
1555 2969 1713 3007 eruditis
