2006 3365
199 155 303 200 238
800 148 1162 190 DISSERTATIO
1206 149 1236 189 Ι.

196 267 270 306 hoc
308 268 359 307 ita
396 266 493 311 dixi,
533 264 613 303 acsi
663 264 821 304 imitatio
863 263 1001 305 Catulli
1043 264 1247 314 Virgilium
1285 265 1472 303 auctorem
1514 265 1674 316 probet:
1715 263 1838 315 potuit

196 338 304 375 etiam
335 334 430 372 alius
462 334 584 372 bonus
617 338 728 384 poeta
761 333 946 374 Catullum
978 334 1125 371 imitari.
1185 332 1358 384 Denique
1389 337 1509 372 testes
1547 334 1580 371 si
1615 332 1836 382 circumspi-

195 405 295 452 cias,
339 403 399 454 qui
433 402 597 441 tribuant
638 402 805 452 Virgilio
844 401 968 444 Cirin‚
1011 402 1120 452 pauci
1152 405 1260 446 sunt,
1305 413 1374 439 nec
1406 403 1499 440 satis
1530 413 1690 450 graves.
1750 401 1837 449 Ego

194 475 347 522 praeter
378 470 507 510 Servii
546 470 652 509 locos
693 484 786 523 quos
817 471 917 516 dixi,
962 470 1088 509 Praef.
1130 469 1165 508 in
1198 470 1358 508 Aeneitl.
1391 471 1428 508 et
1458 469 1538 508 Ecl.
1572 468 1641 509 VI.
1676 472 1714 506 3.
1747 467 1837 506 nihil

192 540 316 579 liabeo
348 541 419 578 nisi
450 540 572 578 levem
614 540 780 579 codicum
827 540 1111 579 auctoritatem:
1159 538 1300 577 codicis
1344 537 1661 576 Vratislaviensis
1692 536 1761 575 ΙΙΙ.
1803 538 1836 575 in

192 621 264 660 quo
299 609 348 648 P.
381 609 445 648 M.
486 608 649 661 Viryilz'i
686 610 776 647 itta.
807 616 952 663 poetae
983 608 1094 647 Ciris
1125 608 1301 659 feliciter
1332 608 1487 659 incipit.
1531 610 1568 645 et
1602 606 1649 645 P.
1693 605 1836 657 Virqlii

192 678 386 717 Maronis
420 679 539 731 Cyris
577 678 678 730 finit.
712 681 785 716 tum
824 679 926 726 eius,
975 678 1059 715 sive
1090 689 1237 724 eorum,
1284 688 1332 714 ex
1379 676 1512 727 quibus
1553 673 1653 714 Ciris
1684 674 1836 713 saeculo

191 747 334 784 decimo
366 748 494 799 (punto
526 748 560 785 in
593 747 777 785 editiones
810 748 919 785 venit
951 744 1122 794 Virgilii.
1190 743 1451 783 Memorabilis
1484 745 1520 781 in
1552 742 1631 783 Ciri
1664 743 1838 781 vocabu-

190 814 305 854 lorum
337 828 561 865 graecorum
593 828 706 865 usus,
740 828 890 867 quorum
923 827 1029 853 unum
1062 813 1269 852 alterumve
1302 812 1372 850 hoc
1404 813 1558 863 primum
1589 813 1744 850 auctore
1775 811 1836 849 in-

190 888 338 924 vectum
369 886 403 923 in
437 883 532 923 lianc
566 885 701 935 poesin
734 884 965 922 conieceris:
998 883 1150 935 Sophia
1181 895 1219 920 v.
1256 884 1292 920 4.
1326 885 1363 920 et
1392 885 1456 919 40.
1487 881 1657 934 peplus,
1687 879 1834 934 pepla,

189 967 229 992 v.
263 957 330 992 21.
361 957 429 992 30.
462 954 634 1005 ylaueus
668 966 706 991 v.
741 955 835 991 395.
869 954 963 990 452.
1004 951 1100 1003 quod
1144 950 1230 988 inde
1262 952 1474 1002 frequentat
1507 948 1709 998 Virgilius.
1769 948 1838 987 Sic

191 1021 363 1063 Catullus
395 1023 561 1061 fortasse
592 1022 733 1072 primus
764 1021 978 1060 Ambrosio
1020 1020 1146 1058 dicere
1187 1031 1302 1057 ausus
1344 1022 1431 1068 est3
1473 1018 1662 1068 Virgilius
1700 1019 1838 1069 postea

189 1092 429 1132 Ambrosiae
460 1104 607 1130 comae.

275 1160 503 1198 Perventum
535 1162 594 1197 est
624 1159 669 1196 ad
711 1160 865 1206 metam,
908 1156 1005 1196 ultra
1045 1169 1151 1209 quam
1198 1155 1285 1194 nihil
1327 1156 1622 1207 exspectandum
1656 1155 1753 1207 quod
1788 1155 1838 1193 sit

189 1227 456 1277 Virgilianum.
519 1226 624 1281 Quae
656 1226 799 1278 reliqua
838 1225 1031 1264 Iuvenalis
1063 1225 1155 1264 Ludi
1189 1224 1318 1264 libello
1351 1223 1718 1276 comprehenduntur
1748 1236 1836 1263 car-

188 1298 305 1345 mina,
339 1309 387 1335 ex
420 1296 488 1341 iis,
522 1298 675 1346 praeter
706 1295 844 1343 Diras,
877 1294 1137 1346 antiquissima
1167 1296 1274 1342 sunt,
1308 1294 1512 1345 eademque
1543 1293 1837 1344 praestantissi-

189 1378 269 1414 ma,
298 1366 416 1418 δορα
449 1367 487 1403 et
517 1364 732 1403 ssIoretum.
792 1363 851 1403 De
884 1363 1019 1416 quibus
1053 1364 1165 1401 totam
1198 1363 1342 1413 accipio
1364 1361 1556 1410 Scaligeri
1588 1362 1835 1410 senteutiam,

190 1436 298 1473 etiam
331 1435 366 1472 in
405 1446 470 1477 eo,
514 1432 611 1485 quod
645 1432 708 1471 ille
739 1432 926 1471 Moretum
959 1431 1113 1480 Virgilii
1153 1443 1242 1470 esse
1287 1431 1466 1470 disertius
1513 1432 1653 1479 negat,
1694 1428 1835 1481 Copam

189 1504 308 1542 minus
340 1502 584 1541 confidenter.
644 1501 791 1551 Nempe
833 1512 954 1553 neque
987 1498 1128 1551 Copam
1161 1500 1329 1538 tribuere
1361 1498 1527 1548 Virgilio
1566 1498 1675 1538 licet:
1716 1502 1754 1538 at
1797 1499 1834 1538 in

189 1573 340 1611 Moreto
372 1572 493 1620 magis
525 1573 629 1609 certa
660 1582 723 1608 res
755 1573 827 1608 est.
889 1568 959 1608 Cui
993 1569 1074 1607 dum
1107 1568 1154 1607 ab
1188 1582 1257 1607 una
1289 1571 1396 1619 parte
1427 1566 1593 1607 Culicem
1636 1570 1674 1607 et
1705 1566 1833 1618 Cirin,

189 1643 223 1679 iu
257 1641 391 1692 quihus
424 1642 571 1690 poetam
605 1640 704 1677 cerni
738 1638 896 1676 nondum
931 1639 1034 1687 ‚saus
1075 1637 1321 1676 exercitatum
1362 1637 1588 1686 monuimus,
1626 1637 1672 1675 ah
1715 1636 1833 1675 altera

188 1709 389 1758 Eclogas,
430 1707 645 1756 Georgica,
677 1707 883 1754 admoveo,
922 1705 1167 1757 liquidissime
1199 1704 1284 1743 mihi
1317 1705 1449 1743 videor
1486 1706 1705 1755 percipere,
1744 1706 1831 1757 quid

190 1779 339 1817 intersit
370 1778 467 1815 inter
498 1775 685 1814 Moretum
717 1779 755 1814 et
796 1774 1007 1826 Virgilium.
1070 1774 1257 1813 Moretum
1290 1777 1328 1812 ut
1359 1773 1648 1824 lepidissimum,
1692 1775 1743 1812 ita
1776 1777 1836 1813 est

189 1846 518 1892 rotundissimum,
552 1843 784 1893 ahsolutum,
824 1842 1009 1895 aequabili
1042 1856 1110 1893 per
1139 1844 1260 1881 onmia
1292 1842 1439 1881 colore:
1487 1843 1711 1892 compositio
1745 1843 1835 1880 sim-

189 1916 299 1967 plex,
333 1914 468 1965 planag
499 1912 544 1950 ad
578 1912 682 1950 finem
714 1913 834 1950 onmia
864 1912 1099 1961 spectantia,
1144 1911 1242 1949 nulla
1274 1911 1488 1959 digressio,
1522 1910 1621 1948 nulla
1653 1909 1687 1948 in
1720 1911 1835 1949 rebus

189 1983 422 2023 secundariis
454 1992 580 2030 mora3
621 1980 730 2019 stilus
772 1982 916 2028 autem,
958 1991 1057 2028 11011,
1106 1983 1144 2018 ut
1185 1980 1219 2017 in
1253 1978 1382 2019 Culiee
1415 1982 1453 2017 et
1485 1976 1585 2027 Cin-i,
1621 1979 1746 2018 durior
1777 1980 1834 2017 in-

190 2053 352 2101 terdum,
387 2054 424 2090 et
466 2051 525 2102 qui
568 2050 742 2087 maiorem
780 2048 977 2100 aliquando
1019 2048 1154 2086 cultum
1198 2053 1308 2099 atquc
1351 2047 1578 2096 elegantiam
1617 2048 1836 2098 exspectari

190 2122 339 2170 iubeat,
381 2119 446 2157 sed
480 2118 695 2156 elaboratus
734 2120 771 2155 et
812 2119 1106 2167 consummatus,
1147 2120 1184 2155 at
1215 2129 1236 2154 a
1267 2115 1482 2165 Virgiliano
1524 2119 1666 2166 tamen,
1713 2115 1834 2169 qualis

190 2192 252 2228 est
282 2189 316 2226 iu
350 2186 538 2225 Bucolicis
573 2189 610 2225 et
641 2185 868 2234 Georgicis,
903 2185 1093 2223 diversus.
1164 2184 1389 2237 Quamquam
1422 2183 1493 2223 hoc
1525 2184 1671 2237 quidem
1704 2185 1834 2223 sentiri

190 2258 312 2306 magis
345 2268 449 2308 quam
482 2255 554 2293 «lici
588 2258 736 2305 potest:
770 2258 808 2292 ut
841 2255 948 2292 etiam
979 2253 1155 2301 Scaliger
1186 2258 1321 2292 monet.
1383 2250 1610 2292 Cont'erendi
1642 2256 1729 2292 sunt
1760 2252 1832 2292 loci

190 2325 346 2374 Virgilii
379 2324 416 2361 iu
447 2322 638 2362 Bucolicis
670 2326 707 2361 et
726 2322 956 2371 Georgicis,
990 2321 1143 2360 Moreto
1174 2321 1383 2360 humilitate
1414 2322 1624 2369 argumenti
1656 2322 1830 2372 proximi.

192 2394 336 2435 Similis
368 2392 507 2431 Moreti
539 2392 632 2430 ratio
664 2391 768 2429 Diris
801 2393 888 2439 est,
934 2391 968 2428 in
1001 2392 1135 2442 quilius
1167 2389 1388 2441 simplicitas
1421 2393 1492 2428 tum
1526 2391 1831 2440 compositionis,

191 2467 265 2503 tum
297 2461 479 2500 sermonis
510 2472 668 2510 prorsus
707 2461 860 2510 propria
901 2462 980 2508 est,
1028 2472 1048 2497 a
1080 2459 1210 2497 {lorido
1243 2458 1308 2496 illo
1341 2459 1486 2497 dicendi
1518 2471 1663 2508 genere
1694 2462 1830 2497 tantum

191 2532 388 2579 differens,
436 2533 473 2567 ut
513 2529 637 2566 statim
676 2531 857 2579 appareat
904 2540 975 2565 non
1018 2529 1204 2567 fortuitam
1248 2528 1491 2566 differentiam
1531 2540 1644 2577 esse,
1685 2526 1746 2565 vel
1785 2526 1829 2564 ad

191 2604 351 2640 aetatum
383 2597 635 2645 referendam,
677 2597 855 2634 iuvenilis
889 2601 926 2635 et
959 2596 1107 2643 virilis,
1141 2596 1379 2643 distantiam,
1415 2596 1479 2633 sed
1514 2608 1613 2645 eam,
1646 2607 1739 2647 quae
1771 2594 1829 2632 di-

193 2683 329 2708 versos
362 2671 495 2719 poetas
529 2665 676 2716 probet.
738 2666 786 2703 Et
819 2666 930 2704 Diras
963 2666 1105 2717 quidem
1137 2665 1367 2716 antiquiores
1401 2663 1569 2713 Virgilio
1603 2675 1690 2701 esse
1720 2662 1827 2700 vide-

192 2739 335 2787 bimus3
379 2736 563 2775 Moretum
606 2746 678 2772 11011
708 2734 828 2783 miulto
874 2737 962 2784 post
1001 2733 1225 2782 Virgilium,
1266 2732 1339 2771 hoc
1378 2736 1458 2781 est,
1500 2736 1589 2783 post
1627 2730 1826 2779 Bucolica,

193 2806 407 2855 Georgica,
447 2802 672 2852 Aeneidem,
714 2803 892 2852 scriptum
934 2803 1122 2840 existimo.
1206 2801 1353 2840 Addam
1394 2801 1573 2851 Episcopi
1613 2798 1828 2837 Aleriensis

193 2875 318 2925 Epist.
351 2874 396 2912 ad
428 2871 579 2912 Paulum
610 2869 660 2908 ll.
692 2869 886 2918 iudicium,
919 2882 968 2908 ex
999 2872 1106 2920 parte
1137 2870 1387 2908 verissimum.
1430 2872 1622 2919 postquam
1655 2867 1701 2905 de
1734 2867 1827 2905 Viro

193 2943 311 2990 hono,
345 2943 415 2980 Est
447 2944 483 2979 et
523 2952 613 2985 non,
655 2941 692 2977 et
723 2935 784 2976 de'
809 2937 926 2976 Rosis
974 2939 1091 2975 dixit:
1135 2938 1333 2991 [lepidius
1366 2939 1482 2977 multo
1514 2942 1576 2975 est
1607 2935 1826 2974 Moretum:

192 3016 231 3049 et
263 3016 448 3064 quantum
478 3015 623 3062 ymetus
655 3007 836 3047 z'mlicare
863 3013 997 3059 potest
1027 3020 1133 3046 meus
1166 3009 1246 3047 etsi
1277 3020 1390 3047 suam
1422 3017 1601 3058 quaeque
1629 3003 1827 3043 lactucam.
