2006 3365
289 133 389 177 336
869 125 1232 166 DISSERTATIO
1264 125 1331 166 lv.

287 245 383 297 quod
415 245 450 281 iu
481 242 632 282 Aldiuis
664 239 830 291 legitur,
861 253 1023 293 campos
1055 253 1126 279 nee
1156 242 1273 280 adire
1304 240 1466 290 licebit,
1501 254 1608 294 quum
1640 253 1760 294 neque
1792 240 1925 280 Bembi

286 313 508 351 auctoritate
548 309 805 351 confirmetur,
844 321 964 361 neque
1007 309 1042 347 in
1081 309 1165 347 aliis
1204 309 1311 348 libris
1351 311 1513 362 antiquis
1555 311 1788 355 inveniatur,
1839 310 1925 362 quis

285 382 430 419 ductum
463 390 513 416 ex
544 377 724 415 Bembino
765 374 926 416 credat?
988 378 1190 428 Disputavi
1230 377 1325 417 haee
1364 380 1520 418 maxime
1559 383 1688 418 contra
1719 380 1767 418 N.
1800 380 1924 418 Hein-

284 449 404 495 sium,
436 446 496 498 qui
527 457 598 483 non
630 445 748 484 solum
781 445 955 484 Aldinam
988 458 1208 496 expressam
1241 459 1290 485 ex
1323 449 1453 486 codice
1484 448 1667 486 Bembino
1700 449 1778 486 iere
1811 451 1924 487 totam
1975 492 1977 494 v

283 515 480 566 putavisse
512 515 682 563 videtur,
720 515 787 553 sed
826 516 971 553 omniuo
1005 515 1176 567 quicquid
1220 516 1441 568 ubicumque
1479 516 1677 564 singulare
1711 519 1749 555 et
1781 529 1803 555 a
1835 515 1923 554 vul-

280 587 374 632 gata
406 583 592 634 scriptura
623 583 806 621 recedens
845 585 1068 633 invenerat,
1108 584 1151 621 ad
1187 584 1348 622 codicem
1381 584 1597 623 Bembiuum
1630 597 1719 623 esse
1751 586 1923 623 reseren-

282 652 363 690 dum
395 652 690 702 suspicabatur:
725 655 763 690 ut
797 653 877 691 Dir.
911 666 948 690 v.
988 655 1076 691 147.
1139 650 1375 691 Contrarium
1409 665 1571 691 errorem
1604 652 1784 702 Scaliger
1815 665 1922 691 erra-

280 724 416 764 verat,
458 722 518 773 qui
549 734 689 759 omnem
724 722 865 760 Bembo
899 721 1136 772 Aldinaeque
1168 720 1274 758 fidem
1306 720 1484 769 derogari
1517 721 1686 760 volebat.

367 788 501 829 Codex
541 791 744 829 Bembinus
786 794 942 841 postea,
986 802 1055 827 uua
1095 802 1174 827 eum
1218 789 1280 826 illo
1325 789 1511 838 Virgilio,
1552 803 1657 842 quem
1690 803 1784 829 nunc
1816 790 1922 841 typis

281 872 503 910 expressum
535 859 677 898 Romae
713 860 832 897 1741.
868 859 1076 906 babemus,
1121 864 1158 897 et
1191 871 1268 895 cum
1300 857 1505 906 Terentio,
1550 858 1676 896 itidem
1717 859 1921 897 maioribus

280 927 416 967 litteris
448 929 615 978 scripto,
660 940 709 966 ex
740 927 974 966 bibliotheca
1014 927 1055 965 P.
1089 928 1220 966 Bembi
1259 927 1303 964 ad
1348 926 1514 964 Fulvium
1558 926 1732 965 Ursinum
1772 927 1921 965 delatus

280 1000 370 1036 est:
404 998 451 1035 cl'.
485 996 608 1035 Notae
640 997 721 1034 eius
752 996 797 1033 ad
832 996 1007 1034 Servium
1040 996 1074 1034 in
1108 996 1238 1034 Bueol.
1275 996 1381 1034 Vlll.
1415 998 1480 1034 44.
1514 1010 1550 1047 p.
1574 999 1668 1034 284.
1732 993 1792 1035 Cf.
1814 997 1921 1035 etiam

278 1066 473 1105 Victorius
506 1064 597 1103 Var.
630 1065 736 1103 Lect.
768 1064 897 1102 XXV.
943 1078 980 1101 v.
1023 1065 1170 1103 Pierius
1210 1065 1254 1103 ad
1298 1065 1409 1114 Virg.
1443 1066 1574 1104 Bucol.
1607 1065 1715 1104 Vlli.
1750 1067 1816 1102 44.
1849 1065 1921 1103 etsi

279 1134 314 1172 hi
348 1134 492 1186 quidem
526 1134 689 1172 codicem
722 1145 792 1171 nou
827 1134 999 1171 viderunt
1031 1133 1125 1183 ipsi,
1159 1133 1225 1171 sed
1261 1137 1421 1179 tantum,
1466 1133 1563 1186 quod
1605 1134 1759 1183 dicitur,
1802 1133 1922 1172 relata

277 1204 458 1242 referunt.
520 1202 693 1253 Denique
725 1214 774 1239 ex
805 1200 1038 1239 bibliotheca
1066 1202 1104 1239 F.
1134 1201 1258 1240 Ursini
1280 1202 1313 1239 iu
1344 1202 1562 1240 vaticanam
1595 1203 1799 1241 devenisse
1829 1214 1920 1252 per-

277 1271 438 1310 hibetur.
499 1271 548 1309 Et
579 1283 670 1309 sane
709 1269 889 1308 credibile
922 1273 1003 1318 est,
1048 1282 1154 1322 quum
1187 1269 1284 1308 ilium
1316 1270 1470 1309 alterum
1503 1270 1725 1319 Virgilium,
1769 1275 1806 1310 et
1835 1271 1920 1310 Te-

277 1341 452 1389 rentium,
494 1340 528 1378 iu
567 1339 835 1378 bibliothecam
869 1338 1086 1377 Vaticanam
1119 1339 1244 1377 illatos
1279 1352 1328 1378 cx
1359 1339 1569 1378 hereditate
1600 1340 1639 1378 F.
1676 1338 1799 1378 Ursini
1831 1353 1920 1379 esse

278 1412 448 1457 constet,
482 1409 610 1447 eodem
644 1409 751 1447 etiam
785 1407 883 1445 illum
916 1412 1080 1446 nostrum
1114 1407 1273 1446 delatum
1306 1421 1408 1446 esse.
1469 1409 1551 1446 Etsi
1583 1408 1644 1461 qui
1677 1410 1808 1447 eumin
1837 1409 1919 1448 Va-

277 1479 399 1517 ticana
430 1478 590 1526 viderit,
624 1478 710 1514 novi
743 1477 933 1514 neminem.
996 1475 1102 1529 Quod
1136 1478 1231 1515 enim
1259 1477 1394 1529 aliquis
1416 1476 1464 1515 N.
1491 1477 1651 1516 lleinsio
1684 1490 1762 1515 eum
1796 1479 1917 1516 visum

277 1559 365 1585 esse
397 1547 446 1584 ibi
480 1558 527 1584 ex
560 1545 723 1596 epistola
757 1545 904 1582 lleinsii
936 1545 980 1582 ad
1016 1545 1092 1584 lac.
1128 1544 1357 1584 Gronoviuin
1389 1558 1449 1595 ap.
1484 1546 1683 1584 Burmann.
1715 1546 1838 1597 Epist.
1870 1547 1915 1585 ad

277 1615 460 1666 lloppium
493 1614 611 1653 Anth.
646 1614 727 1653 Lat.
759 1613 807 1651 T.
839 1613 869 1651 l.
903 1627 938 1664 p.
973 1629 1052 1651 mv.
1087 1613 1265 1663 colligat,
1298 1615 1331 1651 id
1365 1614 1474 1653 aliter
1505 1628 1546 1653 se
1591 1614 1750 1659 habere,
1795 1627 1917 1666 neque

277 1684 469 1722 Heinsinm
502 1696 657 1735 unquam
689 1682 810 1721 oculis
843 1683 1090 1732 usurpavisse
1132 1682 1227 1720 hunc
1275 1683 1460 1728 codicem,
1508 1683 1791 1733 deprehendet,
1832 1685 1915 1735 qui-

275 1765 429 1805 cumque
459 1752 552 1790 alias
593 1752 741 1790 Heinsii
787 1750 992 1801 epistolas,
1034 1751 1078 1788 ad
1112 1750 1141 1788 Ι.
1176 1751 1233 1789 Fr.
1277 1750 1529 1799 Gronovium,
1571 1751 1618 1790 Τ.
1652 1750 1722 1789 ΙΙΙ.
1757 1751 1914 1801 Syllog.

273 1822 398 1861 Burm.
433 1834 468 1872 p.
502 1824 596 1859 300.
630 1824 725 1859 306.
758 1820 803 1858 ad
837 1819 1034 1858 Octaviiun
1069 1820 1320 1858 Faleonerium
1352 1819 1399 1858 T.
1434 1821 1482 1858 V.
1517 1834 1552 1870 p.
1579 1823 1672 1858 490.
1698 1824 1792 1858 541.
1820 1823 1915 1859 542.

274 1892 366 1929 577.
416 1890 459 1928 ad
502 1889 729 1929 Christinam
774 1888 1024 1927 Alexandrum
1067 1889 1114 1927 T.
1150 1888 1196 1926 V.
1230 1901 1266 1938 p.
1303 1892 1394 1927 383.
1432 1893 1524 1928 786.
1559 1891 1654 1928 787.
1686 1893 1723 1927 et
1757 1890 1914 1928 Disser-

273 1960 450 1999 tatiouem
483 1959 648 1997 eiusdem
681 1957 726 1995 de
755 1957 850 1996 (ffod.
884 1957 1041 2005 Virgilii
1075 1957 1249 1995 Mediceo
1269 1986 1278 2003 ‚
1312 1957 1515 2007 perlegere
1547 1961 1583 1995 et
1616 1960 1788 1996 conferre
1820 1959 1916 1996 iuter

271 2041 313 2067 se
347 2028 463 2066 volet.
532 2027 653 2076 Igitur
693 2038 944 2078 quaecumque
978 2026 1156 2063 ilcinsius
1189 2025 1352 2076 epistola
1394 2026 1456 2064 illa
1499 2026 1542 2064 ad
1575 2025 1651 2064 Iac.
1684 2026 1913 2065 Gronovium

270 2098 438 2148 disputat
482 2097 529 2135 dc
571 2096 700 2134 codice
741 2099 869 2133 nostro
916 2095 1120 2137 Bembino,
1156 2108 1175 2132 e
1207 2107 1273 2132 sua
1307 2095 1521 2132 coniectura
1561 2095 1750 2145 disputat,
1791 2107 1914 2147 neque

269 2166 316 2204 ab
350 2167 444 2204 ouini
477 2170 582 2216 parte
614 2177 725 2211 vere,
765 2177 870 2215 quum
904 2176 984 2200 eum
1018 2163 1183 2200 codicem
1226 2164 1356 2201 literis
1390 2163 1583 2202 Romanis
1616 2169 1825 2202 exaratum
1851 2164 1906 2201 di-

271 2236 346 2274 cit:
380 2235 476 2286 quod
509 2235 539 2272 si
574 2235 622 2272 ita
656 2234 814 2277 suisset,
849 2234 1018 2281 profecto
1048 2243 1167 2282 neque
1187 2232 1347 2269 Bembus
1376 2244 1496 2282 neque
1526 2230 1684 2269 Ursinus
1711 2232 1911 2271 admonere

271 2317 345 2343 rem
379 2307 448 2342 tam
481 2301 751 2340 memorabilem
785 2300 1067 2348 neglexissent.
1139 2298 1317 2338 Coui'udit
1348 2299 1395 2337 N.
1431 2299 1632 2348 Heinsius,
1678 2301 1746 2338 nisi
1779 2299 1910 2349 fallor,

270 2373 367 2412 hunc
399 2372 560 2410 codicem
593 2383 670 2409 cum
703 2370 777 2407 alio
811 2368 965 2420 quodam
999 2369 1209 2415 Vaticano,
1245 2369 1408 2404 fortasse
1441 2379 1519 2405 cuin
1553 2368 1691 2406 celebri
1725 2367 1814 2417 illo,
1848 2369 1909 2421 qui

269 2447 405 2494 postea
436 2441 577 2480 Romae
608 2452 642 2477 a.
679 2440 798 2477 1741.
833 2438 954 2475 editus
987 2439 1059 2474 est.
1127 2434 1242 2474 Certe
1275 2436 1504 2473 Burmannus
1538 2438 1734 2476 manifesto
1767 2437 1802 2474 in
1836 2436 1909 2476 hoc

268 2524 395 2550 errore
428 2513 613 2548 versatur.
676 2507 752 2546 Sed
786 2506 846 2544 hic
877 2506 996 2544 onmia
1028 2505 1245 2542 confundit:
1296 2508 1333 2541 ut
1365 2517 1470 2556 quum
1503 2505 1636 2543 scribit
1667 2504 1761 2543 haud
1795 2506 1908 2544 dubie

267 2580 546 2630 Epigrammata
578 2578 685 2615 etiam
720 2577 754 2612 in
787 2575 919 2613 codice
948 2573 1126 2611 Bembiuo
1158 2573 1300 2615 fuisse,
1335 2574 1428 2624 quod
1464 2574 1588 2611 statim
1622 2574 1752 2613 Bembi
1785 2574 1905 2624 ipsius

267 2648 479 2687 testimonio
511 2644 704 2684 refellitur.
765 2642 890 2691 Mihi,
934 2654 1041 2694 quum
1088 2642 1184 2679 inter
1226 2638 1388 2679 Codices
1423 2642 1658 2693 Virgilianos
1691 2643 1725 2679 iu
1760 2641 1904 2681 Biblio-

267 2716 375 2755 theca
406 2715 588 2754 Vatieana
620 2715 844 2761 exstantes,
878 2724 972 2764 quos
1007 2710 1194 2749 Praefatio
1227 2709 1404 2747 editionis
1438 2709 1627 2748 Romanae
1649 2713 1767 2748 1741.
1801 2711 1903 2748 scri-

266 2788 348 2835 pta,
381 2788 419 2823 ut
449 2784 496 2822 ab
520 2783 671 2833 Heynio
704 2781 839 2825 didici,
873 2793 894 2818 a
925 2779 1117 2827 Bottario,
1149 2780 1348 2825 recenset,
1384 2776 1517 2816 nullum
1550 2777 1901 2828 deprehendissem,

266 2855 325 2905 qui
358 2853 550 2891 videretur
582 2854 710 2890 noster
743 2849 945 2889 Bembiuus
977 2860 1095 2893 esse,
1129 2844 1386 2894 Niebuhrius,
1436 2859 1507 2898 quo
1540 2850 1600 2885 est
1631 2846 1675 2884 ad
1709 2845 1901 2885 utilitatem

266 2920 468 2960 litterarum
500 2921 655 2968 ardore,
703 2922 740 2958 et
771 2917 955 2967 singulari
987 2917 1021 2953 in
1055 2927 1110 2952 nic
1142 2913 1433 2962 benevolentia,
1467 2915 1780 2965 opportunitatem
1815 2915 1899 2953 no-

267 3001 355 3026 mam
376 2988 564 3027 scribendi
587 3000 630 3027 ac
652 2986 898 3037 percontandi
924 2984 1089 3024 codicem
1115 2983 1262 3023 obtulit.
1325 2983 1414 3022 Misi
1440 2983 1726 3033 descriptionem
1755 2983 1899 3022 codicis
