2006 3365
253 133 352 176 152
804 126 1330 168 ANIMADVERSIONES

480 244 695 290 Formosa,
728 248 767 281 et
797 255 919 282 sensu
949 240 1168 290 mirabilis,
1201 249 1239 281 et
1270 255 1392 295 snper
1421 254 1548 283 annos

564 310 712 359 Docta,
745 310 914 358 decens,
949 310 1106 358 dulcis,
1139 316 1339 364 oramque
1370 311 1592 351 blanditiis.

255 384 294 420 in
324 382 443 420 terris
475 380 613 417 usitata
643 378 810 429 phrasis.
854 378 996 428 Vin-gil.
1031 378 1216 419 Cataleet.
1247 379 1362 418 Xlll.
1396 381 1453 418 ed.
1486 381 1613 431 lleyn.

565 448 738 486 Doctior
768 461 789 487 ο
822 450 913 502 quis
944 455 984 487 te
1014 447 1148 487 Musa
1175 447 1312 499 fuisse
1339 444 1500 501 potest?

481 515 516 555 O
549 520 639 570 quis
671 524 708 556 te
738 518 775 555 in
806 518 919 556 terris
949 517 1127 571 loquitur
1156 518 1366 556 iucundior
1397 513 1500 556 uno?

253 583 443 624 Martialis
473 585 531 623 X.
561 600 698 623 xxxn.

565 654 781 694 Pulchrior
811 656 847 692 in
879 656 992 694 terris
1023 655 1137 694 mella
1167 655 1321 694 tabella
1349 656 1469 707 foret.

254 721 351 760 unde
382 734 593 773 expressus
624 723 773 761 videtur
805 722 1014 762 Burmanno
1048 736 1185 763 versus
1216 722 1408 775 Epitaphii
1441 738 1610 761 cchvu.
1633 727 1780 762 sextus.
1814 723 1890 761 Sed

254 790 383 829 eodem
413 792 493 830 iure
526 789 705 830 Catonem
738 792 843 830 dicas
875 791 1116 831 obversatum
1148 805 1237 831 esse
1267 795 1405 844 poetae
1436 792 1503 830 illi.
1556 792 1599 832 Si
1630 793 1776 831 omniuo
1808 793 1889 830 imi-

253 860 395 898 tatione
426 872 522 910 opus
553 873 641 899 esse
672 860 737 899 tali
769 861 806 898 in
837 873 879 900 re
909 864 1068 901 statuas.

339 929 476 968 Ditior
506 929 642 968 editum
673 942 694 967 a
725 929 960 968 Boxhornio.
1022 932 1183 970 interris
1215 933 1385 979 August.
1419 934 1456 969 et
1487 930 1568 968 cod.
1602 931 1692 968 Bas.

340 997 489 1036 Deinde
520 1010 627 1050 quum
659 999 692 1036 in
726 998 906 1036 Romanis
937 1001 976 1037 et
1006 999 1161 1051 reliquis
1191 1002 1279 1037 ante
1310 1000 1489 1043 Aldinas,
1531 1000 1689 1050 itemque
1720 999 1754 1036 in
1786 997 1893 1035 libris

257 1067 433 1117 scriptis,
467 1067 499 1104 si
530 1070 632 1106 recte
664 1067 760 1117 apud
794 1079 850 1105 me
880 1069 1118 1117 annotatum,
1157 1081 1229 1107 non
1261 1068 1411 1117 paucis,
1454 1082 1504 1107 ac
1533 1068 1748 1120 formosior
1779 1065 1892 1115 lega-

254 1140 338 1185 tur,
370 1137 474 1173 recte
506 1136 740 1173 recentiores
773 1143 843 1174 aut
872 1136 906 1187 Γ.
938 1135 1147 1174 ediderunt.
1208 1136 1423 1186 Distinguit
1463 1140 1575 1186 poeta
1614 1137 1723 1174 dotes
1764 1135 1892 1183 animi,

255 1204 430 1252 doctior,
465 1206 503 1241 ct
535 1204 725 1253 corporis,
755 1205 992 1254 formosior3
1024 1207 1098 1242 tum
1130 1207 1285 1256 utraque
1316 1217 1380 1253 re,
1413 1209 1482 1242 tam
1516 1206 1685 1255 corporis
1717 1204 1891 1249 dotibus,

253 1285 359 1324 quam
390 1272 519 1319 animi,
551 1272 701 1319 dignam
733 1271 827 1309 Iove
859 1284 947 1310 esse
978 1272 1134 1323 Lydiam
1165 1273 1280 1311 addit.
1327 1280 1396 1312 ant
1426 1273 1676 1323 Mutinensis,
1708 1272 1892 1320 Aldinae,

255 1340 431 1379 Venetae
465 1344 585 1379 154⁴.
624 1344 740 1379 1555.
771 1344 890 1380 1558.
922 1341 1046 1380 Antv.
1080 1345 1197 1380 1556.
1229 1342 1279 1380 Η.
1301 1341 1346 1379 Ρ.
1373 1345 1492 1380 1561.
1526 1341 1797 1392 Scaligeranae
1819 1342 1892 1378 etc.

256 1422 334 1448 cum
365 1409 540 1448 Parisino
573 1408 642 1448 lv.
681 1409 853 1458 August.
893 1413 931 1449 et
960 1410 1113 1449 Monac.
1146 1410 1196 1449 ll.
1257 1410 1298 1448 In
1331 1411 1481 1449 Monac.
1513 1409 1544 1448 l.
1584 1412 1624 1448 et
1654 1408 1811 1449 Vratisl.
1844 1421 1895 1448 ac

255 1481 295 1517 ut
326 1479 459 1528 vulgo.
521 1478 580 1517 De
609 1478 793 1517 Thuaneo
825 1478 919 1517 nihil
951 1479 1094 1518 diserte
1124 1482 1337 1518 annotatum
1368 1479 1506 1518 haheo.

342 1616 393 1656 V·
418 1621 483 1655 26.
514 1618 580 1654 ‘27-
608 1616 722 1659 (129.
748 1615 836 1661 30.)
877 1626 1063 1659 FABULA
1088 1626 1187 1659 NON
1209 1626 1339 1659 νΑΝΑ
1370 1626 1476 1666 EST,
1500 1626 1656 1660 TAURo
1680 1627 1706 1659 1.
1732 1626 1773 1659 1).
1804 1628 1872 1658 etc.

257 1685 365 1724 Hanc
395 1697 416 1724 e
447 1685 710 1735 Scangeranis
742 1687 948 1735 revocavi,
987 1698 1032 1724 ae
1060 1686 1200 1737 primus
1241 1685 1392 1723 stabilio
1433 1685 1734 1723 distinctionem:
1776 1685 1896 1722 inter-

257 1755 495 1805 punctionem
526 1758 616 1806 post
646 1769 744 1794 (mro
776 1760 875 1793 extr.
907 1767 968 1792 vs.
1003 1759 1068 1792 26.
1109 1755 1303 1802 minorem,
1348 1757 1386 1793 ut
1416 1754 1468 1792 ita
1497 1754 1679 1804 procedat
1709 1754 1897 1792 sententia

255 1824 456 1874 primaria:
489 1823 589 1861 nulla
621 1836 776 1876 unquam
808 1823 933 1873 puella
964 1823 1110 1861 doctior
1141 1823 1231 1871 suit,
1263 1825 1325 1861 aut
1356 1823 1576 1871 formosior,
1608 1834 1672 1871 ac,
1705 1823 1738 1860 si
1769 1834 1895 1859 exem-

257 1891 323 1942 pla
354 1904 543 1930 assumere
577 1906 628 1930 ex
659 1893 795 1931 tabulis
827 1892 933 1933 licet.
967 1895 1072 1931 tauro
1104 1891 1222 1940 Iove,
1262 1891 1325 1929 vel
1357 1903 1446 1929 auro
1477 1890 1592 1938 Iove,
1631 1889 1726 1929 haec
1759 1894 1898 1928 tantum

256 1973 338 1998 mea
368 1960 493 2011 puella
526 1961 642 2009 digna
666 1965 739 2000 est.
787 1962 1104 2013 Antiquissimae,
1138 1960 1328 1999 Romanae
1353 1963 1425 1998 etc.
1459 1962 1530 1998 tum
1564 1958 1748 2008 Aldinae,
1779 1958 1895 2003 aliae,

255 2032 293 2068 et
324 2030 532 2080 nuperrime
565 2030 872 2077 Wcrnsdorfius,
917 2029 1142 2077 Putschius,
1180 2028 1328 2079 plenam
1360 2029 1499 2066 faciunt
1529 2031 1617 2079 post
1647 2041 1745 2067 (mro
1778 2028 1897 2066 inter-

255 2099 516 2149 punctionem,
556 2111 627 2150 quo
660 2099 849 2137 sententia
886 2098 1047 2136 efficitur
1077 2096 1199 2136 haec:
1232 2101 1385 2135 avertas
1422 2110 1555 2143 aures,
1596 2096 1786 2147 luppiter,
1827 2108 1896 2141 ne,

257 2179 363 2218 quum
394 2166 463 2204 has
496 2166 626 2205 laudes
658 2167 843 2214 audieris,
876 2167 1038 2216 capiaris
1071 2178 1194 2204 amore
1225 2166 1391 2216 Lydiae,
1425 2178 1578 2217 eamque
1608 2167 1758 2216 rapias,
1791 2178 1898 2217 quum

256 2247 354 2274 nunc
385 2235 465 2273 sola
498 2236 560 2273 sit.
623 2238 704 2287 Qua
736 2236 770 2273 in
803 2236 993 2274 sententia
1023 2247 1096 2273 non
1137 2234 1251 2273 video
1290 2234 1375 2286 quid
1407 2234 1699 2273 additamentum
1730 2233 1818 2272 illud
1852 2234 1898 2272 de

258 2303 460 2342 solitudine
491 2304 637 2354 Lydiae
669 2304 815 2342 valeat:
860 2316 938 2341 nam
969 2305 1002 2342 si
1034 2306 1208 2354 rapturus
1241 2307 1321 2342 erat
1352 2302 1520 2353 Iuppiter
1551 2303 1731 2353 Lydiam,
1764 2305 1897 2353 raptu-

257 2384 322 2411 rus
353 2375 433 2410 erat
464 2373 571 2410 etiam
604 2377 805 2423 praesente
838 2371 996 2411 Catone.
1056 2372 1206 2411 Deinde
1237 2372 1321 2423 quid
1355 2371 1442 2408 illud
1475 2372 1766 2409 constructionis
1800 2371 1889 2419 erit,

259 2442 293 2482 si
325 2441 437 2493 plene
468 2443 757 2492 interpungatur
787 2444 876 2492 post
908 2442 1034 2480 auro?
1088 2441 1202 2479 nulla
1230 2441 1370 2492 puella
1398 2441 1551 2479 doctior
1572 2441 1676 2492 fuit,
1711 2445 1782 2479 aut
1806 2440 1897 2490 for-

258 2515 426 2561 mose'or3
458 2524 509 2549 ac
540 2518 656 2549 taetro
688 2510 965 2561 Ioee·o⁷2‘971(1,
1004 2511 1069 2550 vel
1100 2523 1213 2549 auro.
1275 2509 1636 2559 Suppleudum'erit
1665 2514 1727 2548 est
1747 2507 1896 2559 Lydia.

259 2592 436 2631 perquam
467 2579 570 2617 dure.
632 2578 754 2627 Igitur
791 2583 894 2618 reete
931 2592 1001 2617 uos
1041 2579 1293 2617 distinximus.
1355 2578 1537 2631 Iuppiter
1567 2584 1733 2617 avertas
1765 2590 1898 2615 [terrem

260 2646 501 2699 parenthesis
533 2648 606 2684 est.
652 2646 714 2684 Ac
745 2648 911 2686 fortasse
941 2650 1069 2696 erunt,
1101 2647 1163 2699 qui
1195 2660 1239 2685 ea
1271 2647 1390 2685 verba
1421 2648 1472 2686 ita
1502 2644 1779 2696 interpretanda
1811 2645 1897 2682 exi-

260 2712 433 2767 stimeut,
465 2718 505 2754 ut
535 2715 659 2767 paullo
691 2719 778 2754 aute
809 2716 996 2755 indicavi:
1029 2719 1185 2754 avertas
1216 2727 1347 2761 aures,
1382 2714 1570 2766 Iuppiter,
1603 2726 1650 2752 ne
1685 2713 1897 2751 incendaris

261 2798 385 2823 amore
416 2785 587 2835 Lydiae,
621 2796 774 2835 eamque
805 2785 944 2833 rapias.
985 2784 1042 2823 At
1071 2783 1184 2834 multo
1213 2784 1437 2834 simplicior,
1468 2795 1512 2822 ac
1543 2794 1634 2821 vera
1663 2780 1758 2819 haud
1784 2781 1898 2820 dubie

261 2854 356 2892 ratio
388 2855 483 2893 haec
525 2857 602 2903 est,
642 2857 682 2891 ut
712 2853 833 2891 averti
864 2853 993 2891 lovem
1031 2856 1146 2903 poeta
1176 2853 1324 2899 iubeat,
1364 2865 1411 2891 ne
1441 2853 1645 2899 irascatur,
1684 2850 1780 2901 quod
1813 2850 1898 2900 ipse

264 2925 335 2961 tam
365 2923 564 2974 magnifice
595 2921 695 2974 loqui
728 2921 773 2959 dc
803 2921 948 2971 Lydia,
980 2933 1134 2973 eamque
1157 2921 1332 2971 Europae
1362 2922 1555 2972 praeferre
1582 2930 1626 2957 ac
1650 2917 1804 2956 Danaae
1826 2931 1897 2956 au-

265 2991 362 3032 deat.
423 2992 526 3032 Idem
557 2993 639 3041 est,
677 2991 756 3029 acsi
787 2990 1037 3041 scripsisset:
1079 2989 1181 3029 Pace
1219 2992 1284 3030 tua
1319 2989 1447 3029 dicere
1485 2988 1619 3038 liceat,
1659 2999 1681 3025 o
1712 2986 1896 3039 Iuppiter.
