2006 3365
505 143 558 181 lN
599 142 819 182 VALERH
850 140 1090 181 CATONIS
1124 139 1307 180 DIRAS.
1659 141 1725 184 55

82 259 155 297 hoc
187 258 356 297 voluisse
388 256 568 297 Catonem
612 258 858 296 certissimum
890 260 963 296 cst.
1023 255 1238 294 Dictionem
1278 254 1374 307 quod
1414 254 1572 300 attinet,
1614 251 1725 289 multo

83 327 221 366 clarius
253 325 372 374 Cato,
404 338 448 364 ac
479 328 601 375 magis
634 328 792 374 usitate,
834 326 1052 377 loquuturus
1085 325 1240 373 fuisset,
1282 324 1315 362 si
1348 325 1421 363 ita:
1462 328 1623 373 superet
1656 319 1726 356 hoc

83 407 228 434 carmen
252 402 347 434 vola
371 401 524 433 nostru.
551 396 657 433 Nunc
683 396 738 433 sic
758 394 903 432 maluit:
926 401 1113 445 superent
1135 393 1230 432 haec
1249 393 1410 432 carmina
1430 395 1536 432 rotis
1558 393 1726 429 uostris.

82 464 189 516 Quod
223 476 298 511 ego
331 476 402 514 quo
435 464 542 501 modo
575 464 646 501 dici
678 462 791 501 latim:
823 462 994 512 potuisse
1019 462 1291 510 demonstrem,
1325 461 1470 504 liabeo:
1506 460 1630 504 locos,
1664 459 1725 495 um

81 533 218 570 «lictum
240 533 309 578 sit,
333 532 505 582 geminos
530 531 665 570 Catoni
692 543 763 569 uon
789 530 924 567 haheo.
953 529 1111 567 Scilicet
1137 542 1333 579 superare
1354 529 1443 566 nihil
1465 530 1533 567 l'uit
1559 528 1728 578 primitus

82 600 206 648 aliud,
231 613 336 652 quam
364 614 599 651 superesse,
622 599 683 637 vel
711 612 832 650 super
859 608 973 646 esse,
998 601 1108 648 utque.
1129 598 1234 634 varia
1258 611 1495 648 superesse,
1520 596 1580 635 vel
1607 609 1728 649 super

81 684 175 709 esse
195 669 476 718 significatione
500 669 652 716 dicitur,
678 667 723 704 dc
744 678 816 718 quo
838 669 925 703 ante
946 666 1066 703 omnia
1087 664 1201 703 Gellii
1225 664 1338 702 multa
1364 663 1452 702 illud
1476 664 1644 703 doctrina
1664 677 1728 702 re-

83 740 212 776 l'ertum
240 749 323 787 cap.
347 752 448 775 xxii.
470 737 552 775 libri
572 736 600 774 Ι.
619 735 817 784 legendum
846 738 926 780 est,
948 734 999 772 ita
1025 747 1220 784 superare
1243 733 1397 771 verbum
1419 745 1490 770 non
1514 745 1584 770 una
1605 733 1728 779 signi—

83 807 255 845 ficatione
277 806 410 844 dictum
430 809 502 844 est.
536 805 660 853 Igitur
682 804 797 854 primo
816 802 887 840 huc
906 803 1070 853 pertinet
1088 802 1150 839 illa
1171 802 1423 850 significatio,
1446 800 1492 839 de
1512 813 1583 852 qua
1604 800 1728 850 paullo

79 879 192 922 ante,
218 889 431 927 superare,
460 874 637 925 reliquum
664 885 774 910 esse:
807 884 912 923 (luam
937 872 970 909 in
1000 884 1073 909 rem
1097 870 1243 919 Gellius
1265 869 1484 908 Sallustium
1510 869 1635 907 laudat
1662 868 1726 907 lu—

79 943 210 993 gurtli.
232 959 334 991 Lxx,
353 946 390 981 2.
438 943 520 994 Quo
552 954 665 979 sensu
699 941 840 979 Ennius
871 939 1011 979 Annal.
1035 939 1101 977 lll.
1134 938 1232 990 apud
1259 939 1423 976 eumdem
1443 936 1622 985 Gellium,
1656 951 1728 975 su-

78 1027 269 1065 peresse,
314 1011 374 1050 vel
408 1026 529 1064 super
559 1022 676 1059 esse,
718 1012 756 1047 et
789 1011 1015 1062 superescit
1048 1008 1141 1046 idem
1173 1008 1314 1046 Ennius
1346 1019 1405 1057 ap.
1440 1007 1588 1044 Festum
1619 1005 1656 1043 h.
1691 1019 1727 1043 v.

83 1081 229 1120 Deinde
261 1094 383 1133 super
413 1088 474 1119 est
507 1080 562 1125 id,
604 1078 700 1130 quod
735 1082 795 1116 est
826 1078 994 1125 nimium,
1035 1076 1096 1115 vel
1130 1089 1218 1115 esse
1250 1076 1394 1114 nimium
1428 1075 1590 1113 videtur.
1632 1073 1729 1126 quod

81 1149 228 1189 Gellius
261 1162 333 1188 non
375 1150 499 1200 inepte
543 1147 709 1198 explicat
750 1147 1021 1199 superfluere,
1065 1154 1103 1185 et
1143 1158 1442 1198 supervacare,
1486 1151 1607 1197 alque
1638 1157 1732 1182 esse

81 1232 210 1270 supra
252 1220 525 1257 necessarium
563 1217 726 1254 modum.
791 1217 917 1267 Atque
958 1216 1016 1253 sic
1057 1228 1252 1267 superare
1290 1214 1472 1263 usurpant
1503 1211 1729 1258 Sallustius,

79 1287 166 1326 alii:
201 1290 248 1325 cl'.
283 1285 388 1326 Cort.
424 1288 458 1325 in
492 1285 586 1324 Sall.
620 1284 735 1324 Catil.
772 1300 851 1330 xx,
890 1288 950 1321 ll.
992 1284 1078 1333 lug.
1114 1299 1231 1331 inv,
1268 1286 1302 1320 l.
1337 1282 1398 1334 qui
1431 1281 1466 1318 id
1500 1281 1730 1330 interpretu-

82 1361 140 1395 tur
179 1356 401 1395 abundare.
463 1355 578 1407 Quam
621 1356 700 1392 l'ere
742 1355 775 1391 in
817 1354 1038 1391 sententiam
1079 1359 1239 1405 superet
1280 1350 1438 1388 volebat
1477 1349 1655 1397 Scaliger
1695 1350 1728 1385 iu

83 1425 215 1466 Culice
249 1438 287 1462 v.
325 1427 416 1462 146.
458 1424 522 1461 sed
557 1437 606 1461 ex
639 1436 706 1459 sua
748 1421 819 1460 loci
861 1421 959 1459 illius
999 1421 1307 1459 eontoinnatione.
1371 1419 1418 1456 Et
1456 1417 1528 1456 huc
1568 1429 1729 1455 revoces

83 1495 200 1533 locum
233 1506 347 1543 supra
379 1492 562 1530 laudatum
584 1492 741 1540 virgilii
774 1492 919 1539 Georg.
951 1489 1021 1528 Ill.
1055 1492 1121 1528 63.
1154 1493 1192 1527 et
1223 1488 1339 1536 hunc,
1372 1487 1518 1536 Georg.
1551 1486 1601 1524 ll.
1636 1490 1728 1524 2:35».

82 1562 292 1602 scrobibus
324 1561 521 1611 superabit
553 1568 660 1599 terra
693 1561 872 1612 repletis.
933 1559 1032 1597 Sunt
1062 1558 1156 1596 llaec
1188 1558 1285 1596 inter
1315 1569 1359 1595 se
1390 1568 1509 1607 prope
1541 1559 1729 1603 cognata,

82 1632 261 1683 reliquum
287 1643 396 1678 esse,
429 1632 467 1668 et
492 1630 636 1666 nimiunn
662 1641 770 1667 esse:
801 1628 898 1680 quod
925 1629 1020 1666 enim
1045 1627 1245 1678 reliquum,
1273 1625 1309 1663 id
1340 1637 1457 1675 saepe
1483 1623 1592 1662 alicui
1621 1623 1729 1661 vide-

82 1705 140 1739 tur
172 1700 333 1738 nimium.
438 1698 632 1750 Denique,
665 1696 789 1736 Gellio
823 1700 861 1736 et
892 1697 1003 1736 Festo
1038 1709 1075 1733 v·
1106 1696 1341 1747 Supereseic
1373 1693 1623 1741 testantibus,
1656 1706 1726 1731 su—

76 1776 212 1822 perest
244 1767 354 1816 illud,
388 1766 483 1818 quud
516 1780 643 1819 supra
675 1774 760 1811 est,
794 1769 832 1805 et
860 1772 1062 1819 praestat.
1123 1764 1254 1816 Atque
1286 1762 1358 1801 hoe
1389 1762 1477 1801 illud
1509 1764 1589 1810 est,
1630 1761 1726 1812 quod

81 1837 176 1878 Cato
210 1850 404 1890 superare
435 1836 550 1881 dixit,
593 1840 631 1875 et
663 1836 806 1888 quidem
839 1847 918 1874 cum
959 1834 1086 1872 dativo
1120 1833 1202 1872 eius
1234 1834 1309 1882 rei,
1354 1832 1411 1870 cui
1443 1830 1578 1882 aliquid
1613 1842 1726 1880 prac-

80 1910 174 1945 stat:
208 1905 415 1943 iusoleuter
446 1904 615 1956 quidem,
649 1905 715 1942 sed
750 1905 818 1951 ita,
853 1908 891 1942 ut
922 1916 1116 1952 caussam,
1150 1914 1214 1940 cur
1245 1914 1317 1940 non
1341 1901 1507 1951 potuerit
1534 1899 1634 1947 lieri,
1667 1899 1726 1936 in-

83 1976 227 2013 veniam
261 1974 407 2012 nullam.
462 1974 521 2013 Re
555 1985 646 2011 vera
678 1973 765 2011 nihil
799 1974 895 2011 inter
926 1971 1022 2010 hunc
1053 1972 1237 2020 dativum,
1271 1974 1309 2009 et
1339 1969 1461 2018 illum,
1493 1981 1598 2019 quem
1633 1968 1725 2005 seri-

81 2057 161 2082 mus
191 2047 302 2094 atque
333 2043 576 2092 agnoscimus
608 2054 755 2090 omues,
787 2049 936 2094 cuplae
967 2043 1246 2094 superavimus
1272 2039 1382 2087 urbi,
1414 2039 1587 2076 interest.
1630 2035 1725 2089 Quid

84 2113 178 2150 enim
210 2114 488 2164 superavimus
522 2112 630 2159 urbi,
676 2112 708 2149 si
740 2111 891 2161 proprie
924 2110 1151 2160 accipiatur,
1190 2108 1289 2147 aliud
1321 2110 1401 2157 est,
1442 2119 1547 2159 quam
1580 2119 1725 2158 super-

81 2182 230 2233 fuiruus
262 2181 367 2225 urbi,
404 2180 441 2218 h.
469 2194 503 2219 e.
535 2193 651 2231 super
683 2180 808 2218 urbem
836 2174 996 2217 suimus?
1028 2182 1066 2216 ut
1096 2177 1193 2228 apud
1223 2176 1405 2217 Catonem
1437 2181 1624 2228 superent
1651 2187 1726 2213 vo-

84 2253 163 2297 tis,
197 2251 348 2301 proprie
379 2253 440 2289 est
471 2252 551 2289 sinc
583 2263 704 2302 super
734 2256 844 2287 vom.
907 2247 1050 2288 Contra
1087 2246 1245 2285 invaluit
1275 2258 1388 2293 usus,
1430 2248 1468 2283 ut
1499 2243 1568 2281 hac
1600 2243 1726 2291 signi-

86 2319 258 2358 ficatione
289 2333 482 2371 superare
513 2319 674 2357 activum
708 2318 836 2367 lieret,
868 2319 1150 2367 assumeretque
1180 2314 1458 2353 accusativum.
1529 2311 1622 2350 Illud
1656 2323 1725 2349 ne-

85 2389 214 2426 miuem
248 2389 382 2435 sugere
412 2387 507 2427 haec
538 2400 617 2425 mea
649 2389 926 2438 percurrentem
959 2385 1101 2435 potuit,
1146 2396 1252 2437 quam
1291 2384 1341 2423 sit
1370 2382 1485 2422 latino
1518 2394 1639 2434 super
1669 2381 1725 2418 si-

86 2456 170 2494 mile
200 2456 296 2506 apud
331 2455 498 2495 Graecos
530 2452 646 2506 περί,
677 2455 774 2506 apud
807 2468 876 2493 nos
907 2454 1015 2494 iiber.

175 2525 254 2564 Ille
283 2523 432 2562 Tliuan.
464 2525 568 2563 Leid.
630 2532 789 2577 superet
823 2523 980 2562 Vratisl.
1014 2523 1044 2561 Ι.
1161 2525 1313 2561 nostris
1352 2526 1589 2574 supereulur
1629 2532 1723 2558 eur-

87 2597 192 2633 uu'ua
226 2596 350 2641 colis,
391 2592 452 2630 vel
483 2595 545 2632 Sit
579 2607 745 2646 precor,
787 2601 827 2633 ut
859 2608 895 2631 n.
936 2599 1173 2645 superaretur
1202 2605 1237 2632 e.
1270 2605 1308 2631 v.
1349 2590 1410 2629 vel
1440 2591 1531 2630 Sint
1559 2602 1722 2641 precor,

88 2671 126 2703 et
156 2665 285 2703 nostri
316 2668 502 2714 superent
531 2662 567 2700 Ιι.
600 2676 633 2701 c.
666 2665 778 2702 voti:
819 2663 1057 2701 coniecturae
1089 2660 1248 2699 Heinsii.

243 2801 290 2839 V-
325 2804 389 2837 215.
437 2806 666 2847 bromius,
694 2807 751 2840 ET
776 2809 823 2841 M.
850 2807 1053 2841 NOSTRlS
1080 2806 1302 2840 CANTATA
1330 2804 1564 2838 lesshffls„

176 2864 388 2919 Ludimus]
420 2865 649 2914 Prodigiosa
680 2866 813 2906 lectio:
846 2880 950 2920 quam
982 2869 1034 2905 ita
1064 2866 1285 2916 expiandam
1316 2868 1431 2915 puto:

380 2936 437 2975 Tu
468 2948 599 2973 nemus
610 2962 623 2982 ,
654 2941 692 2974 ec
719 2936 876 2975 mullum
906 2938 1059 2976 nostris
1091 2941 1258 2974 cantatu
1293 2933 1441 2974 libellis

379 3005 540 3057 Ople'mu
571 3003 763 3042 ,silvarum
795 3026 845 3032 -
1131 3006 1316 3041 SCALIG.
