2006 3365
461 153 516 192 IN
548 152 767 195 VALERII
807 154 1044 197 CATONIS
1075 155 1348 197 EGLOGAM.
1627 161 1724 205 151

89 279 193 306 mana
223 266 271 306 11.
305 269 342 306 et
373 267 455 307 cod.
487 268 606 308 Basil.
639 271 799 311 Vratisl.
831 270 880 310 ΙΙ.
942 271 1011 311 Est
1041 271 1102 311 hic
1132 271 1238 312 locus
1270 286 1319 313 ex
1350 272 1420 323 iis,
1463 272 1525 324 qui
1569 271 1726 311 editori-

86 336 157 374 bus
200 338 287 385 post
316 335 507 375 Romanas
547 339 669 388 magis
701 339 903 379 Romanam
934 340 963 378 l.
1007 352 1112 391 quam
1144 340 1345 379 Romanam
1380 340 1428 380 11.
1469 342 1556 379 ante
1596 340 1727 378 oculos

86 405 204 441 fuisse
234 404 408 454 probant.
457 405 549 443 Nam
582 420 688 458 quum
721 408 887 446 Romana
908 407 955 446 ll.
989 411 1092 446 recte
1125 409 1279 448 decedit
1312 408 1572 457 exhibuisset,
1606 411 1725 447 tamen

85 472 299 522 proximae,
334 472 504 511 Venetae
522 474 660 513 Acliat.
680 475 780 513 Rnb.
797 475 897 513 lens·
915 475 1113 513 Vicentina
1131 488 1210 514 cum
1226 477 1345 515 Voss.
1361 479 1413 516 11.
1436 476 1584 515 Veneta
1604 479 1724 514 1482.

86 539 273 590 reliquae,
317 541 446 579 vitium
480 541 669 582 Romanae
701 544 753 591 1.‚
787 544 968 596 decepit,
1011 546 1214 594 repetunt3
1253 545 1361 582 etiam
1392 545 1658 584 Ascensianae
1690 547 1727 582 et

85 607 274 656 Virgilius
307 609 409 647 Aldi.
457 611 612 650 decedit
650 612 803 650 Taurin.
843 614 958 650 15¹8.
1008 611 1199 658 AldInae,
1245 615 1283 650 et
1321 625 1414 664 quac
1454 613 1578 652 solent
1619 614 1727 665 sequi

85 676 268 719 Aldinas,
302 682 339 715 ct
371 679 488 716 critici
521 681 763 718 recentiores.
853 678 954 728 Alii,
997 679 1134 731 quibus
1165 680 1381 729 imponebat
1412 682 1580 731 proxime
1613 694 1727 732 prae-

85 745 224 783 cedens
263 747 498 795 tabescant,
546 748 819 786 coniunctivum
865 747 1048 786 intulere:
1097 748 1268 787 decedat
1308 748 1448 787 Medic.
1491 749 1613 787 Paris.
1656 750 1725 788 lV.

84 814 201 853 Voss.
234 813 263 852 1.
325 816 500 855 decedas
536 815 690 865 Anglic.
725 815 892 855 decebat
922 816 1060 855 Mutin.

168 884 286 922 calex
316 897 384 934 pro
417 885 528 923 calor
562 883 731 932 August.
776 885 918 936 infusa
950 884 1066 930 idem,
1100 887 1139 924 ut
1162 885 1301 925 Petav.
1329 889 1367 924 et
1386 885 1534 925 Tliuan.
1560 887 1726 924 testante

82 950 304 990 Burmanno.
366 956 497 991 intuso
528 951 734 990 Arnoldus.
786 952 943 1004 decepit
974 953 1117 991 Badius
1157 954 1210 992 ita
1241 953 1430 1004 explieat,
1473 955 1512 992 ut
1551 953 1727 1004 suppleat

80 1032 150 1057 me.
211 1019 287 1058 Sed
320 1023 514 1070 praeterea
554 1021 637 1071 ipse
680 1021 829 1073 defecit
871 1022 1085 1061 coniecisse
1124 1022 1286 1062 videtur.
1350 1021 1496 1062 Scribit
1527 1023 1621 1061 enim
1653 1024 1725 1061 ita:

82 1088 250 1140 decepit.
283 1102 318 1128 s.
350 1102 429 1128 me:
463 1096 533 1128 aut
565 1090 726 1141 defecit.

155 1225 281 1264 V.24.
298 1225 535 1277 5.(l27.8.)
550 1235 675 1277 QUOD
699 1236 800 1269 MEA
820 1236 920 1270 NON
940 1237 1110 1271 MECUM
1136 1238 1323 1271 DOMINA
1349 1238 1448 1272 EST.
1474 1238 1574 1272 NON
1598 1239 1636 1272 U.
1655 1242 1724 1272 etc.

82 1293 190 1349 Quid
210 1296 350 1334 Medic.
386 1295 450 1351 (M
477 1294 635 1343 Anglie.
696 1295 771 1334 illa
804 1296 939 1335 Petav.
972 1296 1119 1335 Tliuan.
1152 1297 1328 1336 Leidens.
1363 1298 1486 1336 Burm.
1519 1298 1641 1337 Paris·
1676 1298 1724 1336 il.

80 1362 151 1401 ΙΙΙ.
186 1364 354 1412 August.
396 1364 547 1402 Monac.
582 1363 609 1401 l.
644 1363 692 1402 ll.
732 1364 900 1403 Romana
932 1365 959 1406 Ι.
1080 1366 1165 1405 ulla
1197 1365 1363 1405 Romana
1395 1367 1446 1406 ll.
1487 1369 1526 1406 et
1557 1367 1726 1418 reliquae

81 1443 223 1471 omnes.

167 1502 325 1540 Docrae
355 1500 550 1549 dicuntur,
595 1513 691 1552 quae
733 1503 929 1540 carminum
961 1503 1128 1554 artisque
1165 1503 1330 1542 musicae
1362 1507 1514 1553 gustum
1545 1516 1589 1542 ac
1621 1505 1724 1554 peri-

81 1570 165 1609 tiam
200 1568 352 1608 liabent.
412 1570 465 1608 At
504 1568 576 1607 hoc
615 1569 770 1608 alienum
810 1583 830 1609 a
870 1574 998 1609 nostro
1041 1571 1139 1610 loco.
1201 1572 1294 1610 Nam
1336 1575 1376 1611 ut
1405 1572 1529 1623 Lydia
1569 1572 1726 1624 aliquam

80 1637 206 1676 harum
238 1650 356 1676 rerum
396 1638 560 1676 notitiam
592 1637 786 1688 hahuerit,
826 1640 923 1692 quod
963 1652 1012 1678 ex
1053 1640 1230 1678 versibus
1268 1639 1440 1690 Eclogae
1476 1640 1585 1679 huius
1619 1646 1656 1679 6.
1689 1645 1727 1680 et

80 1707 118 1743 7.
152 1706 336 1755 colligere
368 1705 480 1755 licet,
523 1719 566 1744 ea
606 1710 726 1745 tamen
758 1720 829 1746 non
868 1709 959 1747 tanti
992 1711 1094 1758 erat,
1139 1712 1178 1748 ut
1211 1709 1307 1748 Cato
1348 1710 1497 1749 nullam
1532 1712 1572 1749 in
1603 1713 1725 1750 terris

74 1776 249 1829 puellam
291 1775 504 1814 doctiorem
544 1775 700 1814 diceret.
760 1775 947 1828 Apprime
986 1776 1057 1816 huc
1096 1779 1189 1817 t'acIt
1229 1778 1455 1830 epitaphium
1486 1778 1607 1818 Anth.
1641 1779 1724 1819 Lat.

76 1844 146 1883 IV.
180 1860 349 1882 cccm'11.

304 1914 385 1952 Hic
416 1915 522 1952 iacet
553 1917 710 1954 exsectis
742 1916 950 1968 Dionysia
980 1915 1128 1967 flebilis
1161 1919 1305 1964 annis,

419 1984 644 2022 Eoetremum
676 1986 784 2022 tenui·
816 1998 919 2037 qnae
948 1984 1051 2035 pede
1080 1988 1190 2037 rupit
1220 1988 1306 2024 iter.

303 2051 426 2090 Cuius
459 2054 498 2089 in
529 2059 679 2091 octava
711 2052 891 2091 lascivia
923 2066 1089 2103 surpere
1118 2067 1248 2092 messe

418 2120 639 2173 Coeperat,
673 2126 711 2160 et
741 2121 881 2160 dulces
912 2122 1063 2173 finyere
1093 2124 1310 2176 nequitias.

304 2188 420 2247 Quod
450 2192 489 2228 si
518 2190 638 2241 lonqa
670 2203 772 2229 suae
801 2194 1049 2230 mansissent
1079 2197 1256 2243 tempora
1284 2193 1420 2240 vilae,

415 2258 577 2297 Doctior
608 2259 642 2297 in
676 2258 792 2297 terris
823 2258 923 2298 nulla
954 2258 1081 2310 puella
1113 2260 1224 2298 soret.

78 2325 184 2364 Haec
215 2326 312 2364 inter
342 2338 383 2364 se
414 2327 484 2364 iam
517 2327 748 2366 Burmannus
788 2328 964 2378 contulit,
1005 2328 1072 2366 sed
1112 2327 1275 2379 fallitur,
1322 2342 1428 2381 quum
1467 2331 1598 2369 nescio
1636 2332 1721 2382 quid

78 2394 319 2445 turpitudinis
351 2395 556 2444 significari
589 2400 746 2448 utroque
786 2396 869 2435 loco
901 2400 1021 2447 putat.
1082 2397 1142 2436 De
1174 2410 1219 2436 eo
1260 2399 1359 2449 apud
1392 2397 1571 2438 Catonem
1611 2398 1722 2450 plane

77 2463 169 2502 nihil
211 2466 284 2501 est.
345 2462 385 2501 ln
427 2463 628 2515 Epitaphio
669 2478 747 2503 eam
786 2466 1135 2516 interpretationem
1174 2468 1393 2517 praeiverat
1431 2467 1638 2507 Gonsalius
1676 2468 1721 2506 ad

77 2533 231 2571 Petron.
263 2544 346 2582 cap.
380 2547 479 2570 xxv.
511 2538 549 2571 et
580 2545 661 2584 cap.
695 2550 788 2573 ext..
827 2537 1051 2587 possintque
1089 2536 1125 2573 in
1165 2536 1387 2575 deteriorem
1419 2539 1563 2587 partem
1595 2536 1722 2587 accipi

76 2602 197 2640 verba
238 2602 437 2649 lascivia,
480 2604 517 2639 et
555 2606 770 2656 nequitiae.
834 2604 911 2643 Sed
954 2603 1050 2642 haud
1090 2605 1205 2643 dubie
1243 2608 1348 2644 casta
1390 2608 1502 2658 atque
1542 2606 1721 2644 innocens

77 2670 203 2721 puella
234 2671 304 2708 suit
334 2671 507 2708 octennis
537 2671 599 2709 illa
631 2671 834 2723 Dionysia.
874 2674 1012 2712 Docta
1044 2676 1200 2725 utroque
1227 2674 1334 2722 loco,
1362 2672 1539 2723 Catonis,
1565 2676 1603 2713 et
1626 2675 1719 2724 Epi-

78 2739 217 2790 taphii‚
250 2740 451 2789 opponitur
481 2740 596 2788 rudi,
639 2743 677 2779 et
707 2742 842 2780 dieitur
874 2754 938 2790 ea,
980 2754 1075 2792 quae
1113 2745 1226 2780 artem
1267 2742 1439 2793 placendi
1477 2741 1603 2781 habet.
1663 2742 1720 2780 Ea

78 2820 172 2846 vero
204 2820 291 2855 ars,
325 2811 396 2847 tam
428 2808 522 2858 apud
555 2821 716 2859 parvas,
756 2823 862 2863 quam
894 2810 990 2862 apud
1023 2810 1191 2861 adultas,
1231 2811 1268 2849 in
1300 2811 1517 2861 blanditiis,
1548 2810 1716 2859 lusibus,

78 2877 201 2927 iocis,
233 2889 312 2916 cum
344 2876 468 2928 aliqua
499 2875 727 2927 petulantia,
767 2882 805 2918 et
834 2880 996 2930 astutia,
1036 2882 1074 2919 et
1104 2880 1292 2932 nequitia,
1324 2880 1392 2919 sed
1423 2893 1467 2919 ea
1498 2892 1569 2918 non
1601 2879 1716 2931 mala,

78 2946 291 2986 coniunctis
323 2947 499 2985 cernitur.
560 2945 700 2985 Eodem
730 2959 845 2987 sensu
876 2948 1000 2988 Anth.
1031 2947 1115 2989 Lat.
1147 2948 1216 2989 IV.
1250 2964 1376 2988 cxvn.
1411 2949 1535 2987 itidem
1567 2948 1613 2988 de
1643 2962 1716 3000 pu·-

79 3013 154 3053 ella
181 3016 268 3055 octo
298 3027 496 3054 annorum:
