2006 3365
227 147 328 191 424
838 144 1202 184 DISSERTATIO
1236 146 1305 185 lv,

225 261 329 308 reat,
362 272 459 311 quae
491 272 539 297 ex
581 271 626 296 eo
669 257 753 296 loeo
794 257 1008 308 disputavi,
1051 261 1124 297 tum
1166 262 1205 299 ut
1242 260 1425 308 attingam
1469 261 1595 312 aliud,
1636 263 1734 316 quod
1767 264 1801 301 in
1834 275 1881 301 eo

225 328 389 366 obscure
421 327 600 376 scriptum
640 329 714 364 est.
784 325 842 365 lta
881 327 1000 376 igitur
1044 327 1096 365 ibi
1138 340 1231 378 pag.
1269 332 1360 367 138.
1400 328 1446 366 ad
1493 330 1642 369 Petrum
1683 330 1881 370 Pitlioeum

224 395 387 433 scribit:
422 394 620 451 (herentem
651 395 707 433 ad
737 401 885 433 textum
918 394 1235 448 Opus-culorum,
1269 400 1301 436 ἀ
1325 398 1489 450 reliqua
1513 399 1766 451 Appendicis
1787 401 1881 440 Vir-

222 463 428 513 ffl'lianae,
471 463 567 502 nihil
608 462 771 502 decrevi
811 469 1028 503 attentare.
1094 464 1152 504 Tu
1192 472 1344 504 tamum
1384 479 1489 518 quae
1526 467 1600 505 tibi
1641 468 1883 507 videbuntur

222 531 455 570 leviusenla
486 531 675 570 mutabis.
708 534 740 570 &
770 545 846 570 non
876 534 958 571 nisi
991 546 1095 586 quae
1124 540 1208 572 tulo
1233 537 1379 573 mutari
1397 542 1586 586 possunt.
1645 537 1736 587 Eyo
1759 538 1881 576 clear-

223 606 291 638 τηε
319 613 430 638 meae
461 613 578 653 quam
610 599 741 651 leyeat
779 613 946 651 operae,
987 607 1107 640 notas
1141 601 1308 641 Codicis
1341 603 1655 655 Antverpz'ensis
1689 606 1881 657 apposui.

223 674 353 707 tamen
385 674 479 707 sunt
510 668 635 706 multa
667 681 772 722 qnae
802 675 946 708 temere
975 675 1129 708 mutata
1161 676 1256 709 sunt
1287 682 1314 709 a
1345 673 1482 710 nescio
1517 685 1591 725 qno
1619 669 1679 691 *³*
1695 670 1741 721 *,
1777 686 1884 726 quae

222 743 265 777 tu
296 739 504 776 restitues.
567 737 661 790 Quis
703 739 753 776 sit
790 737 879 786 ille,
926 739 986 790 qui
1027 750 1098 776 non
1132 739 1361 788 nominatur,
1409 740 1544 777 videor
1582 740 1670 778 mihi
1710 741 1881 793 assequi.

222 806 387 844 Prorsus
419 806 528 844 simili
562 807 657 844 euim
690 807 798 845 modo
831 806 1012 855 Scaliger
1045 807 1079 844 iu
1100 805 1393 856 Coniectaneis,
1426 808 1585 846 maxime
1616 809 1661 846 ad
1695 807 1880 857 Culicem,

222 886 331 926 quum
362 875 581 913 Bembinam
612 877 861 926 scripturam,
896 878 959 913 aut
977 874 1173 919 Aldiuam,
1208 875 1380 924 damnat,
1414 876 1510 927 quod
1545 877 1790 926 cupidissime
1823 878 1882 915 sa-

223 943 301 991 cit,
333 942 609 993 Correctores,
643 955 715 982 nou
749 944 984 989 nominatOS,
1018 943 1326 993 reprehendere,
1360 947 1473 996 atque
1506 945 1729 994 impugnare
1760 944 1882 983 libro-

221 1024 300 1049 rum
343 1011 568 1050 auctoritate
606 1011 814 1062 antiquitus
857 1022 1082 1048 excusorum
1125 1006 1250 1050 solet:
1293 1014 1390 1050 conr.
1435 1014 1469 1050 iu
1511 1011 1679 1051 Culicem
1713 1026 1752 1050 v.
1790 1015 1881 1050 100.

223 1082 320 1117 263.
352 1082 448 1118 375.
482 1082 576 1118 378.
612 1083 707 1118 319.
742 1081 837 1118 406.
881 1080 916 1116 in
950 1078 1063 1116 Diras
1097 1093 1134 1118 v.
1170 1084 1236 1118 41.
1270 1082 1336 1118 70.
1408 1080 1515 1133 Quod
1549 1084 1670 1119 autem
1704 1093 1882 1132 nusquam

221 1159 354 1186 nomen
387 1147 494 1197 ponit
513 1146 755 1185 Correetoris
787 1147 919 1194 istius,
954 1146 1016 1184 vel
1043 1145 1311 1186 Correctorum
1343 1149 1526 1196 istorum,
1560 1149 1593 1186 id
1617 1150 1753 1187 tactum
1773 1161 1880 1195 esse,

222 1219 261 1255 ut
293 1215 531 1265 signiticaret
563 1219 839 1266 contemptum,
872 1216 1049 1254 arbitror.
1111 1215 1205 1254 Nam
1247 1216 1346 1268 quod
1378 1217 1514 1268 aliquis
1545 1217 1666 1265 dieat,
1714 1219 1884 1256 fortasse

223 1283 464 1333 Scaliger-um
496 1283 596 1322 libro
629 1284 762 1322 Bembi
796 1284 841 1322 de
860 1282 995 1323 Colice
1028 1283 1257 1336 Aldiuisque
1289 1297 1360 1323 nou
1393 1285 1505 1335 ipsis,
1543 1285 1610 1323 sed
1644 1288 1783 1324 tautum
1815 1297 1882 1324 re-

222 1352 457 1392 centioribus
490 1352 711 1404 quibusdam
744 1352 1000 1401 editionibus,
1023 1352 1155 1404 quales
1187 1355 1275 1391 sunt
1308 1365 1358 1391 ex
1382 1353 1538 1392 Aldinis
1571 1366 1785 1404 expressae
1810 1366 1883 1392 non

222 1433 392 1472 paucae,
426 1424 465 1460 et
496 1433 591 1473 quae
610 1419 777 1460 Culicem
810 1433 859 1459 ex
893 1421 1149 1472 castigatione
1171 1421 1304 1459 Bembi
1332 1421 1494 1470 liabent,
1525 1421 1745 1470 nonnullae,
1778 1435 1883 1460 usum

224 1501 337 1537 esse,
379 1490 539 1541 ideoque
585 1490 813 1538 ignorasse,
855 1492 939 1542 quis
980 1491 1120 1541 primus
1160 1491 1232 1528 ista
1274 1492 1346 1528 tam
1392 1490 1503 1529 multa
1537 1492 1724 1529 novasset
1756 1491 1790 1529 in
1824 1490 1884 1528 his

224 1557 456 1608 Opusculis:
489 1559 606 1608 primo
638 1571 767 1608 parum
799 1558 999 1609 probabile
1031 1561 1111 1606 est,
1140 1558 1358 1608 incognitas
1382 1558 1585 1607 Scaligero
1613 1558 1774 1597 Aldinas
1803 1571 1883 1597 cum

224 1625 321 1664 lihro
354 1625 484 1664 Bembi
528 1627 675 1675 t'uisse3
721 1626 858 1664 deinde
899 1627 1108 1665 conserenti
1152 1626 1258 1666 locos
1293 1640 1313 1665 a
1346 1639 1402 1665 me
1433 1626 1571 1665 allatos
1602 1627 1752 1677 patebit.
1784 1626 1883 1679 loqui

224 1693 466 1742 Scaligerum
499 1696 680 1745 tamquam
714 1706 822 1742 eum,
857 1695 915 1732 eui
943 1693 1196 1734 Correctores
1229 1696 1290 1734 isti
1325 1696 1385 1747 qui
1419 1696 1575 1741 fuerint,
1609 1695 1728 1746 probe
1761 1698 1884 1734 notum

225 1761 289 1801 sit.
351 1760 558 1813 Aliquanto
590 1762 781 1801 diffieilior
812 1763 858 1801 de
883 1764 1036 1802 Codice
1056 1764 1350 1816 Αηίιτρνρὶεηεί
1381 1764 1556 1816 quaestio
1590 1766 1670 1813 est,
1704 1765 1811 1803 cuius
1841 1776 1886 1803 se

224 1836 345 1869 notas
377 1831 609 1880 apposuisse
642 1829 797 1869 chartae
828 1831 876 1868 ab
909 1832 1038 1881 operis
1071 1833 1341 1882 exprimendae
1373 1833 1522 1870 scribit.
1592 1833 1684 1870 Eum
1717 1833 1885 1870 codicem

225 1899 348 1936 fuisse
381 1897 659 1937 Catalectorum
692 1911 797 1936 manu
830 1900 1035 1949 seriptum,
1070 1912 1141 1952 qua
1173 1900 1321 1938 tandem
1354 1900 1626 1950 probabilitate
1653 1901 1886 1938 Burmannus

225 1966 248 2004 l.
284 1966 306 2004 l.
350 1967 473 2017 Epist.
513 1967 558 2004 ad
601 1968 789 2017 lloppium
836 1981 874 2018 p.
908 1982 1045 2005 xxxn.
1089 1969 1243 2016 statuit,
1285 1981 1392 2020 qumn
1434 1982 1555 2021 neque
1588 1968 1732 2007 codicis
1764 1966 1886 2007 Cata-

225 2034 406 2073 lectorum
438 2034 739 2086 Antverpieusis
773 2048 926 2088 usquam
958 2037 1183 2074 inentionem
1216 2038 1351 2074 laetam
1382 2050 1471 2075 esse
1503 2050 1524 2075 a
1557 2036 1789 2086 Scaligero,
1823 2039 1887 2075 aut:

223 2104 273 2142 ab
319 2103 393 2141 alio
440 2105 639 2154 quopiam,
683 2107 858 2152 constet,
902 2106 941 2143 et
980 2103 1072 2142 illud
1125 2104 1171 2143 de
1210 2108 1319 2143 notis
1359 2105 1526 2144 Codz'els
1566 2106 1885 2158 Antverpz'ensz's

226 2172 406 2222 scriptum
437 2172 489 2210 sit
521 2173 594 2221 ita,
629 2175 667 2211 ut
699 2173 742 2211 ad
767 2172 962 2223 Opuscula
993 2185 1066 2210 non
1099 2174 1218 2211 minus
1250 2186 1357 2226 quam
1390 2173 1434 2211 ad
1462 2173 1683 2221 Cataleeta,
1717 2172 1779 2211 vel
1812 2186 1886 2223 po-

225 2241 301 2280 tius
334 2241 458 2289 magis
489 2240 534 2278 ad
566 2240 784 2291 Opuscula,
818 2254 925 2293 quam
957 2241 1002 2279 ad
1036 2239 1258 2289 Cataleeta,
1293 2238 1508 2292 pertineat?
1566 2242 1771 2280 Praeterea
1803 2243 1887 2293 quis

226 2308 468 2358 Scaligerum
509 2315 629 2349 notas
671 2310 854 2350 dicturum
896 2311 1018 2348 fuisse
1056 2310 1210 2357 credet,
1253 2310 1284 2347 si
1318 2309 1509 2347 voluisset
1539 2311 1668 2348 varias
1700 2310 1887 2348 lectiones

226 2378 372 2417 codicis
404 2376 561 2416 alicuius
594 2373 850 2426 significare?
909 2379 996 2427 Ego
1037 2377 1133 2416 aliud
1168 2379 1334 2424 conieci,
1385 2378 1497 2429 idque
1529 2380 1654 2416 statim
1687 2379 1886 2417 confirma-

226 2448 300 2485 tum
333 2444 460 2484 habui.
532 2446 698 2484 Editioni
742 2446 936 2496 Scaligeri
979 2447 1144 2497 primae,
1186 2445 1458 2493 Lugduni-nsi,
1499 2447 1699 2496 appositae
1731 2447 1886 2486 suntin

226 2514 466 2563 marginibus
496 2515 626 2553 variae
659 2513 847 2553 lectiones
879 2516 975 2553 satis
1008 2514 1143 2552 multae
1176 2525 1351 2562 nunu-ro3
1397 2527 1489 2565 quas
1530 2519 1664 2564 postea
1710 2515 1885 2569 Linden-

226 2581 409 2621 bruehius
442 2582 478 2621 in
511 2594 617 2620 unum
651 2583 834 2621 collectas
867 2587 1038 2622 extremo
1071 2582 1168 2621 libro
1190 2582 1275 2619 addi
1305 2583 1465 2620 curarit.
1530 2583 1628 2621 Sunt
1658 2589 1778 2622 autem
1811 2596 1886 2635 ge-

228 2651 331 2687 neris
362 2662 434 2688 non
468 2650 649 2689 eiusdem.
712 2650 818 2704 (gnae
851 2651 946 2689 enim
979 2652 1013 2688 iu
1049 2650 1260 2701 Opuseulis
1292 2652 1494 2701 appositae
1536 2658 1623 2690 sunt
1663 2665 1814 2699 omnes,
1848 2656 1888 2691 et

228 2731 318 2768 pars
351 2731 495 2765 earum,
530 2731 624 2770 quae
655 2719 877 2756 P=·a‹·conns
910 2720 945 2756 in
979 2719 1204 2768 Virgilium,
1239 2723 1276 2757 et
1302 2718 1580 2758 Catalectorum
1609 2720 1741 2769 libris,
1773 2719 1885 2770 plane

230 2787 363 2824 nullam
395 2787 558 2824 additam
591 2790 714 2825 notam
747 2787 912 2835 liabent,
948 2788 1042 2825 unde
1075 2789 1257 2837 cognosci
1282 2791 1415 2840 queat,
1451 2792 1568 2826 utrum
1603 2802 1651 2826 ex
1684 2789 1778 2827 libro
1811 2789 1884 2826 ali-

229 2867 300 2905 quo
334 2855 554 2904 desumptae
585 2855 683 2903 sint,
718 2867 764 2893 an
797 2856 1060 2902 coniecturae,
1096 2858 1134 2895 et
1166 2857 1272 2895 cuius
1305 2857 1378 2894 viri
1412 2857 1514 2895 docti
1544 2859 1784 2896 coniecturae
1816 2858 1882 2896 de-

230 2922 403 2962 beantur.
465 2923 531 2961 Bis
564 2923 611 2960 de
643 2923 861 2962 coniectura
891 2925 957 2973 agi
990 2925 1224 2963 manifestum
1257 2927 1339 2963 est:
1373 2937 1464 2975 pag.
1485 2929 1552 2963 54.
1584 2926 1646 2963 uhi
1664 2925 1709 2963 ad
1730 2925 1886 2966 Aetnae

231 3002 384 3030 versum
420 2993 514 3030 534.
548 2992 582 3029 in
615 2992 787 3041 margine
819 2992 989 3044 legitur:
1020 2994 1056 3046 f.
1089 2992 1313 3047 Omniaque
1343 3007 1378 3033 e.
1411 2996 1450 3032 et
1481 2993 1516 3032 in
1549 2991 1758 3034 Catalectis
1790 2993 1884 3034 Vir-
