2006 3365
268 124 366 168 112
823 114 1351 156 ANIMADVERSIONES

266 235 391 284 Igitur
419 233 480 272 liic
512 236 602 287 quis
635 233 816 269 mutatumv
839 232 874 268 in
914 230 1010 284 qnid
1049 230 1118 268 suit
1158 229 1389 267 librariorum
1428 227 1488 267 vel
1530 229 1740 268 criticorum
1780 226 1902 278 culpa.

266 302 513 342 Memorabile
555 304 632 345 est,
675 300 710 337 in
743 298 974 348 Augustano
1015 299 1067 337 ita
1107 298 1211 349 legi:
1252 297 1301 335 In
1342 296 1538 351 quidquid
1574 298 1727 336 meritis
1758 296 1821 334 vel
1855 296 1904 334 In

268 371 365 426 quid
397 369 493 424 quid
521 382 567 406 m.
630 367 764 405 Fateor
794 371 916 406 autem
948 366 1060 406 valde
1090 365 1311 404 insolentem
1351 377 1439 403 esse
1472 366 1578 404 verbi
1615 366 1749 419 Inquit
1781 364 1903 403 collo-

267 441 460 478 cationem.
523 436 638 489 Quam
670 436 721 474 ita
751 436 970 484 corrigebat
1001 434 1201 483 Scaliger:
1236 434 1337 491 Quis
1369 436 1546 482 meritis,
1579 436 1721 488 inquil.
1782 433 1904 472 Prae-

267 510 371 546 terea
402 505 642 543 observanda
673 505 743 542 erit
774 503 975 542 collocatio
1006 503 1121 542 baec:
1157 505 1248 557 quis
1284 504 1450 541 meritis.
1510 503 1689 542 Fortasse
1721 513 1792 540 non
1825 513 1905 539 ma-

267 576 335 623 gni
366 574 536 612 momenti
569 578 649 620 est,
683 573 749 611 sed
783 576 903 611 tamen
937 573 1094 611 nondum
1120 573 1256 610 dictum
1281 571 1327 609 ab
1353 570 1426 608 alio
1452 571 1558 617 novi,
1592 571 1688 623 quod
1718 583 1793 619 ego
1819 569 1907 607 mihi

268 643 476 681 observare
509 642 616 679 visus
647 655 748 689 sum,
781 645 914 692 poetas
946 641 1107 689 latinos,
1139 653 1245 693 quum
1279 641 1369 694 quis
1395 639 1521 677 dicunt
1553 651 1618 689 pro
1645 640 1810 693 quibem,
1844 639 1908 676 aut

267 710 443 749 absolute
474 710 623 760 dicere,
656 715 695 749 ut
726 709 810 749 Cul.
839 713 927 748 121.
962 713 1052 748 143.
1085 713 1170 758 aut,
1204 709 1264 747 ubi
1297 720 1427 745 nomen
1459 707 1616 751 addunt,
1651 708 1685 745 id
1719 720 1791 746 uon
1823 712 1907 745 sta-

268 781 330 818 tim
361 780 523 827 addere,
565 780 631 817 sed
664 779 737 817 alio
776 780 999 830 interposito
1041 777 1239 816 vocabulo.
1311 774 1480 815 Catullus
1518 775 1648 826 Epith.
1690 777 1730 815 P.
1764 778 1802 815 et
1831 775 1906 814 Th.

267 851 335 887 80.
397 847 491 900 Quis
523 855 702 899 (tuqus-la
742 847 846 885 malis
880 861 994 901 quum
1023 849 1176 887 moenia
1208 853 1465 885 vexareulm:
1525 842 1641 883 Coma
1673 845 1805 882 Beren.
1839 846 1907 882 37.

269 916 365 969 Quis
401 929 471 967 eqo
506 929 580 970 pro
619 917 729 954 lactis
760 930 794 955 e.
826 931 859 955 r.
893 930 927 955 e.
988 915 1047 954 ΕΙ.
1088 916 1132 954 ad
1163 914 1282 953 Manl.
1319 918 1382 952 13.
1421 916 1598 967 Accipe,
1641 914 1724 965 quis
1760 926 1939 953 merser-

266 986 457 1037 forlmme
488 985 661 1024 fluctibus
693 987 794 1038 ipse.
839 984 1029 1033 Virgilius
1061 985 1095 1022 in
1128 983 1360 1023 Catalectis:
1394 983 1476 1021 Pro
1509 983 1592 1034 quis
1624 984 1755 1021 omnia
1784 980 1908 1020 hono-

269 1054 373 1092 ribus
403 1055 503 1093 kaee
533 1067 701 1092 neeesse
729 1054 885 1106 Priape
916 1053 1157 1092 Praestare.
1218 1050 1278 1091 Cs-
1313 1051 1424 1101 Virg.
1457 1052 1557 1090 Aen.
1581 1050 1667 1089 Vll.
1696 1054 1791 1090 799.
1826 1050 1909 1088 Ho-

269 1126 339 1161 rat.
372 1122 493 1161 Serm.
525 1122 554 1160 Ι.
590 1137 642 1170 ιν,
683 1125 770 1160 130.
831 1121 938 1174 Quod
971 1121 1004 1159 si
1037 1122 1119 1173 quis
1150 1121 1328 1169 obiiciat,
1372 1125 1527 1171 propter
1558 1121 1663 1158 metri
1696 1120 1909 1159 necessita-

270 1194 342 1229 tem
375 1202 419 1229 eo
451 1190 557 1229 modo
589 1203 677 1228 esse
709 1190 804 1228 locis
831 1191 916 1228 istis
948 1190 1117 1228 omnihus
1141 1190 1329 1239 disposita
1352 1190 1494 1239 verba,
1526 1194 1565 1229 at
1588 1202 1662 1239 ego
1687 1201 1759 1228 non
1785 1188 1909 1227 haheo

270 1261 397 1297 certos
422 1258 546 1307 locos,
579 1259 662 1307 ubi,
687 1259 927 1309 permittente
957 1262 1095 1305 metro,
1129 1259 1351 1296 contrarium
1373 1258 1457 1306 liat,
1489 1261 1527 1296 et
1549 1270 1680 1297 vocem
1705 1260 1796 1312 quis
1818 1269 1909 1308 pro-

270 1329 369 1366 ximo
400 1329 523 1366 statim
555 1327 638 1365 loeo
672 1340 802 1366 nomen
834 1332 1018 1379 sequatur
1049 1340 1165 1365 suum.
1213 1326 1254 1364 ld
1288 1326 1384 1378 quod
1417 1330 1535 1364 tamen
1561 1326 1638 1365 fieri
1672 1327 1841 1365 videmus
1873 1326 1910 1363 in

270 1400 385 1435 forma
416 1397 644 1447 pronominis
675 1396 816 1447 altera:
860 1397 1032 1447 Propert.
1069 1395 1116 1433 ll.
1151 1411 1298 1440 xxv111,
1334 1399 1399 1434 43.
1465 1395 1544 1434 Pro
1578 1395 1722 1450 quibus
1755 1396 1909 1448 optatis

271 1465 388 1504 Ovid.
420 1465 551 1503 Amor.
572 1465 621 1503 ll.
654 1481 740 1514 vm,
774 1469 838 1503 21.
872 1470 909 1504 et
941 1466 1066 1515 Priap.
1094 1480 1253 1503 Lxxxn.
1290 1466 1411 1503 ssurm.
1457 1465 1538 1504 Pro
1571 1465 1714 1519 quibus
1746 1465 1910 1517 officiis

270 1534 391 1573 Trist.
424 1534 493 1572 Ill.
529 1549 585 1583 xi,
619 1539 683 1573 ⁴9.
746 1534 828 1573 Pro
861 1535 1004 1587 quibus
1036 1536 1224 1573 invenh's.
1344 1535 1427 1573 Pro
1462 1534 1606 1589 quibus·
1641 1534 1843 1585 beneficiis
1874 1533 1912 1571 in

271 1603 440 1641 oratione
478 1601 523 1642 C.
558 1601 694 1641 Cottae
725 1616 785 1653 ap.
821 1603 979 1641 Sallust.
1020 1616 1056 1653 p.
1093 1607 1213 1641 1000.
1248 1604 1307 1641 ed.
1340 1602 1447 1642 Cort.
1509 1606 1639 1641 contra
1679 1603 1714 1640 in
1747 1600 1912 1652 epistola

272 1672 437 1722 Pompeii
472 1685 507 1722 p.
542 1674 635 1710 965.
671 1685 747 1724 pro
780 1674 895 1725 quis,
937 1672 1132 1718 absolute,
1175 1672 1209 1710 id
1249 1675 1309 1710 est
1347 1673 1428 1710 sine
1469 1672 1626 1709 nomine.
1687 1669 1910 1722 Quaeritur,

271 1753 316 1779 an
349 1742 428 1779 eius
460 1741 742 1779 observationis
775 1754 864 1779 usus
896 1741 946 1780 sit
976 1741 1111 1792 aliquis
1142 1742 1178 1779 in
1210 1742 1461 1792 scriptoribus
1482 1752 1618 1791 prosae
1643 1741 1844 1789 orationis,
1875 1751 1910 1777 e.

272 1822 304 1847 c.
338 1810 373 1847 in
398 1809 600 1855 Sallustio,
634 1809 693 1861 qui
726 1822 796 1862 qua
829 1809 917 1858 lege
950 1822 1045 1848 nunc
1079 1812 1169 1863 quis
1198 1810 1416 1860 scripserit,
1450 1821 1545 1847 nunc
1570 1809 1737 1863 quibus,
1774 1808 1911 1846 nemini

272 1877 382 1916 facile
413 1881 608 1928 appareat.
652 1877 737 1916 Nisi
770 1879 1001 1917 recentiores
1028 1878 1193 1917 editores
1217 1880 1428 1917 invenerint
1458 1878 1604 1927 legem:
1638 1878 1734 1930 quod
1760 1878 1912 1926 ignoro.

273 1947 507 1985 Pronominis
541 1948 631 2000 quis
664 1948 833 1997 proxime
866 1948 1051 1985 coniuncti
1084 1959 1163 1985 cum
1196 1948 1343 1985 nomine
1368 1959 1437 1985 suo
1461 1946 1555 1985 haec
1579 1950 1717 1986 tantum
1741 1945 1915 1997 exempla

274 2016 399 2053 inveni
426 2016 523 2065 apud
557 2014 798 2054 Sallustium:
844 2015 1016 2064 Iugurtli.
1051 2031 1180 2053 cxxx.
1215 2022 1252 2055 3.
1286 2019 1377 2070 quis
1410 2015 1663 2054 adiutoribus
1695 2015 1843 2066 Fragm.
1875 2028 1913 2066 p.

275 2088 369 2122 999.
412 2086 451 2122 in
492 2087 583 2138 quis
624 2084 816 2122 omnibus.
885 2088 923 2123 et
963 2088 1095 2137 quater
1134 2088 1225 2139 quis
1266 2086 1408 2134 rebus,
1454 2085 1538 2134 lug.
1573 2100 1643 2122 v11.
1680 2087 1715 2123 7.
1749 2098 1913 2122 Lxxxu.

276 2158 312 2189 2.
348 2167 455 2189 xcw.
489 2154 526 2189 4.
560 2168 622 2190 cv.
658 2155 693 2189 l.
734 2165 839 2204 quum
873 2156 991 2192 tamen
1027 2154 1170 2208 quibus
1202 2154 1321 2194 rebus
1355 2155 1543 2193 scribatur
1575 2153 1686 2193 Catil.
1722 2168 1841 2190 xxm.
1878 2156 1914 2191 1.

277 2236 412 2258 xxxu.
447 2226 483 2258 2.
518 2236 626 2258 x12v1.
663 2226 699 2259 1.
753 2221 925 2270 lugurth.
958 2238 1011 2260 v1.
1046 2225 1084 2260 2.
1245 2223 1379 2275 Neque
1418 2222 1504 2260 illud
1543 2223 1622 2260 scio
1654 2234 1700 2260 an
1732 2221 1914 2272 explora-

277 2292 374 2328 verit
403 2290 561 2342 aliquis,
604 2291 687 2343 quid
720 2291 795 2339 sit,
841 2292 936 2342 quod
980 2292 1013 2329 in
1046 2291 1226 2341 Iugurtha
1266 2293 1490 2342 saepissime
1530 2293 1642 2345 quis,
1683 2292 1719 2329 in
1751 2289 1916 2330 Catilina

276 2362 347 2398 tam
370 2371 453 2397 raro
478 2359 663 2409 praebent
685 2360 859 2397 codices:
886 2360 982 2411 quod
1008 2361 1075 2398 iam
1103 2361 1255 2399 miratus
1278 2364 1338 2397 est
1356 2358 1510 2398 Cortius
1539 2360 1584 2398 ad
1613 2358 1728 2399 Catil.
1751 2374 1914 2398 xxxvn.

277 2432 315 2467 3.
345 2430 392 2466 cl‘.
425 2428 520 2466 idem
550 2428 595 2465 ad
619 2426 792 2476 Iugurth.
814 2443 941 2465 Lxxx.
968 2432 1005 2466 5.
1068 2428 1109 2467 ln
1143 2428 1304 2468 Catilina
1335 2429 1395 2466 bis
1429 2431 1536 2482 quis,
1571 2441 1620 2468 ex
1653 2430 1742 2469 edit.
1770 2426 1914 2477 Cortii,

280 2512 442 2535 xxxvu.
474 2501 512 2534 3.
547 2511 657 2534 Lvm.
696 2500 757 2535 16.
848 2497 964 2536 Venit
1002 2496 1089 2535 mihi
1131 2499 1166 2536 in
1208 2501 1387 2542 mentem,
1428 2498 1572 2551 quibus
1611 2498 1756 2545 rebus,
1799 2497 1916 2535 forma

277 2566 472 2619 pleniore,
515 2565 731 2604 Sallustium
773 2567 979 2618 scripsisse
1011 2568 1045 2604 in
1078 2578 1200 2605 novae
1232 2567 1443 2605 sententiae
1474 2568 1603 2616 initio,
1647 2565 1759 2606 Catil.
1795 2580 1914 2603 xxxr.

281 2640 316 2674 l.
360 2651 470 2674 var.
514 2638 549 2672 1.
612 2636 697 2684 lug.
739 2651 793 2673 v1.
836 2639 874 2674 2.
917 2651 1080 2675 Lxxxn.
1113 2638 1152 2673 2.
1193 2650 1256 2673 cv.
1293 2638 1327 2673 l.
1408 2638 1498 2690 quis
1535 2636 1677 2683 rebus,
1719 2635 1782 2673 ubl
1823 2646 1915 2673 Sen-

279 2706 395 2746 tentia
428 2703 741 2755 praecedentibus
771 2706 981 2744 annectitur
1011 2704 1254 2755 secundaria,
1286 2704 1371 2754 lug.
1400 2719 1470 2742 vu.
1499 2705 1537 2742 ἶ.
1564 2719 1672 2742 xcvt.
1702 2706 1739 2741 4.
1807 2702 1915 2757 Quod

280 2779 418 2820 restat,
460 2772 571 2812 Catil.
608 2788 741 2810 xxxu.
775 2776 813 2810 2.
855 2774 997 2827 quibus
1030 2773 1147 2812 rebus
1176 2780 1344 2824 posset,
1388 2786 1432 2812 ea
1470 2775 1506 2812 in
1547 2774 1711 2811 dictione
1751 2772 1916 2810 sortasse

283 2856 348 2881 usu
382 2844 613 2881 convenerat
644 2843 739 2879 iuter
770 2843 1005 2891 scriptores,
1039 2846 1077 2880 ut
1103 2842 1315 2881 scriberent
1346 2843 1489 2897 quibus
1520 2841 1659 2889 rebus,
1693 2852 1765 2879 non
1799 2843 1915 2895 quis:

285 2914 330 2949 cl'.
363 2910 561 2950 Ciceronis
602 2912 638 2949 et
671 2910 837 2949 Cornelii
869 2909 916 2947 N.
956 2909 1028 2947 loci
1071 2910 1167 2960 apud
1202 2907 1381 2948 Curtium.
1443 2909 1625 2949 Librariis
1665 2920 1736 2947 non
1768 2908 1916 2948 multum

286 2980 431 3018 tribuo:
479 2980 541 3032 qui
582 2979 714 3030 partim
755 2979 892 3030 ubique.
938 2978 1133 3027 vulgatum
1177 2978 1321 3033 quibus
1366 2989 1595 3030 reposuere,
1640 2977 1772 3028 partim
1819 2977 1916 3029 quod
