2006 3365
222 142 289 185 56
784 134 1310 176 ANIMADVERSIONES

221 252 263 292 In
295 252 401 292 libris
433 252 520 291 nibil
553 251 770 298 varietatis,
801 252 954 300 praeter
987 249 1107 288 Paris.
1139 248 1190 288 ΙΙ.
1223 249 1259 288 in
1291 261 1363 302 quo
1396 249 1563 302 Lydim'.
1596 255 1634 291 et
1656 253 1776 292 Paris,
1792 252 1861 292 IV.

222 322 258 359 in
298 334 370 374 quo
407 322 526 360 Umus
564 327 601 358 et
641 320 793 357 nostris
830 319 987 357 multum
1027 320 1179 357 nostris
1219 331 1253 356 c.
1286 318 1312 356 l.
1387 318 1578 369 Scaliger-i
1611 323 1861 360 coniecturam

221 390 453 441 approbant,
486 388 546 426 vel
568 388 675 426 etiam
700 398 901 437 recepere,
926 385 1190 435 Boxbornius,
1218 385 1437 435 Dilberrus,
1459 388 1673 437 Arnoldus,
1699 390 1863 428 Werns-

221 458 384 506 dorlius,
417 456 672 495 Eicbstadius.
720 455 967 494 Intellexerat
1000 455 1197 505 Scaliger,
1233 458 1312 493 toto
1344 455 1427 495 loco
1461 458 1547 496 inde
1574 459 1620 497 ab
1649 458 1719 497 boc
1749 471 1862 496 versu

221 538 336 577 usque
365 525 410 563 ad
443 538 481 562 v.
515 528 580 563 41.
614 524 660 562 de
691 525 803 563 silva
833 525 913 573 agi.
974 524 1247 575 Intempestive
1279 524 1486 574 Heinsius,
1527 528 1697 578 quamvis
1738 526 1861 565 velie-

219 597 361 631 menter
390 593 626 643 approbante
658 594 890 639 ssurmanno,
924 593 1095 645 Lydiam
1123 593 1267 632 intulit:
1302 593 1459 644 Lydia,
1491 602 1529 633 ec
1554 608 1575 633 o
1598 597 1767 635 mullum.
1815 597 1863 634 Et

219 663 274 700 sic
304 660 334 699 Ι.
365 661 426 700 Fr.
459 660 675 700 Gronovius
708 662 741 699 in
776 661 983 700 Boxbornii
1017 662 1200 713 Epistolis
1233 674 1324 712 pag.
1359 665 1424 700 ⁴3.
1464 674 1543 700 nam
1576 676 1740 703 errorem
1773 677 1862 702 esse

219 731 416 779 existimo,
457 731 552 783 quod
594 731 644 769 ibi
683 730 846 779 legitur:
894 730 1026 782 Lydia
1067 739 1105 770 te
1135 744 1156 770 o
1186 731 1356 770 mullum.
1418 731 1598 769 Heinsius
1639 733 1747 771 etiam
1781 734 1861 771 sic:

217 799 355 852 Lydia
392 803 429 839 i'o
460 800 629 839 mullum.
692 799 813 838 Multo
852 799 980 837 melius
1019 800 1194 838 Handius
1232 800 1276 838 ad
1318 799 1502 838 Gronovii
1534 800 1730 839 Diatril)en
1762 801 1861 840 Stat.

215 881 254 919 p.
289 871 384 907 527.
424 868 641 908 Lusimzts:
675 876 711 908 et
742 882 788 907 m.
822 882 860 906 u.
893 871 966 907 etc.
999 868 1165 918 eleganti
1199 882 1266 907 usu
1292 869 1489 919 praeteriti
1521 870 1700 919 perfecti,
1732 882 1863 921 quem-

216 937 408 976 admodum
441 937 647 987 Virgilius:
702 938 817 985 Via-i,
858 944 896 976 et
935 951 1044 992 quem
1085 939 1253 978 dederat
1284 951 1440 977 cursum
1477 938 1671 988 fortuna,
1709 941 1861 990 pereqi.

216 1006 267 1044 Et
299 1005 487 1045 Lusimns
519 1006 652 1044 dudum
684 1006 910 1057 adscriptum
943 1019 961 1044 a
990 1019 1046 1045 me
1073 1007 1156 1057 ipso
1186 1006 1321 1045 habeo.
1368 1006 1539 1044 Ilandius
1566 1007 1749 1058 quomodo
1774 1007 1863 1045 illud

219 1087 297 1113 cum
329 1075 577 1127 sequentibus
609 1075 889 1124 conciliaverit,
932 1075 991 1114 ubi
1029 1076 1246 1115 Tondemns
1278 1074 1394 1123 legit,
1435 1086 1506 1112 non
1550 1076 1644 1113 satis
1674 1075 1863 1125 intelligo.

219 1143 398 1183 Lnsz'hus
430 1151 468 1182 et
497 1157 544 1181 m.
576 1148 728 1183 nostris
761 1158 795 1183 c.
829 1145 978 1184 libellis
1011 1144 1227 1183 coniectura
1261 1143 1403 1192 Silligii
1437 1147 1474 1182 et
1501 1144 1692 1192 Putscbii,
1724 1145 1759 1182 in
1792 1157 1864 1196 qua

218 1212 395 1263 displicet
425 1211 624 1250 collocatio
658 1213 870 1250 verborum.
923 1213 1067 1264 Nempe
1098 1213 1188 1251 nibil
1222 1217 1433 1264 corruptum
1466 1216 1538 1251 est.
1586 1212 1863 1252 Observandus

217 1283 356 1320 tantum
388 1293 479 1319 usus
510 1288 547 1320 et
578 1280 805 1331 particulae,
839 1293 933 1332 quae
966 1280 1026 1319 bic
1057 1293 1128 1320 non
1162 1284 1349 1329 cognata,
1383 1281 1448 1319 sed
1482 1282 1671 1320 contraria
1703 1283 1863 1320 coniun-

218 1350 300 1399 git,
340 1348 401 1388 vel
443 1350 570 1400 potius
610 1351 705 1388 inter
736 1362 779 1387 se.
810 1351 976 1400 opponit.
1041 1349 1146 1403 Quae
1177 1349 1262 1388 mibi
1303 1362 1438 1399 magna
1477 1349 1718 1400 simplicitas,
1759 1351 1863 1388 etin

220 1418 461 1469 simplicitate
491 1420 667 1467 gravitas
699 1431 787 1457 esse
828 1420 988 1457 videtur.
1050 1419 1246 1467 Ludimus,
1287 1418 1324 1456 b.
1357 1432 1390 1456 e.
1432 1430 1568 1457 versus
1608 1419 1785 1469 facimus,
1827 1422 1866 1458 et

220 1490 281 1536 tu,
313 1500 334 1525 o
359 1486 458 1525 silva
483 1487 733 1538 spoliaberis,
765 1500 809 1525 ac
834 1489 990 1538 peribis.
1034 1487 1149 1541 Quasi
1177 1489 1296 1526 dicat:
1332 1488 1637 1538 lntcmpcstivum
1662 1491 1741 1537 est,
1766 1488 1862 1540 quod

222 1557 330 1600 ludo,
373 1569 479 1608 quum
518 1555 618 1594 silva
656 1555 718 1594 illa
755 1569 835 1594 mea
872 1557 1039 1607 peritura
1070 1558 1134 1595 sit.
1195 1557 1364 1605 Magnus
1405 1557 1569 1595 cernitur
1609 1558 1644 1594 in
1677 1556 1864 1595 hocloco

222 1626 329 1664 animi
361 1625 540 1673 affectus,
580 1636 739 1673 magnus
777 1637 878 1664 amor
909 1625 1043 1664 silvae.
1105 1625 1187 1679 Qua
1225 1625 1314 1663 nibil
1349 1623 1484 1664 Catoni
1526 1626 1560 1663 in
1602 1638 1670 1663 suo
1709 1626 1864 1676 praedio

221 1695 343 1732 fnisse
375 1694 497 1732 carius
529 1697 602 1731 tmn
635 1706 684 1731 ex
716 1693 787 1732 boc
819 1706 932 1732 versu
965 1693 1210 1743 intelligitur,
1243 1697 1316 1731 tum
1349 1706 1397 1731 ex
1431 1707 1466 1732 v.
1499 1696 1564 1731 40.
1594 1697 1659 1731 ⁴1.
1693 1695 1753 1733 ubi
1785 1707 1864 1732 eam

223 1763 390 1813 inprimis
422 1774 541 1800 caram
574 1764 611 1800 et
642 1766 821 1814 tamquam
853 1763 1039 1813 propriam
1065 1762 1209 1813 Lydiae
1241 1763 1361 1800 fuisse
1388 1762 1581 1800 discimus.
1625 1762 1756 1814 Itaque
1783 1763 1865 1801 dum

222 1831 321 1870 silva
352 1832 386 1869 in
418 1834 573 1869 mentem
606 1832 732 1880 venit,
772 1831 834 1869 illa
873 1831 955 1870 olim
988 1834 1059 1870 tam
1102 1844 1219 1883 saepe
1258 1830 1449 1869 celebrata
1490 1831 1673 1880 carmine,
1714 1835 1753 1870 ut
1785 1844 1864 1870 eam

220 1900 438 1938 necessario
471 1900 702 1937 coniunctam
734 1912 812 1938 cum
844 1913 911 1938 sua
942 1901 1048 1950 poesi
1080 1903 1248 1951 putaret,
1281 1901 1431 1937 miratur
1463 1900 1564 1950 ipse.
1599 1900 1694 1952 quod
1723 1899 1862 1952 aliquid

221 1968 323 2007 ludat
360 1967 433 2007 boc
471 1972 660 2019 tempore,
701 1981 773 2020 quo
814 1969 995 2007 excidium
1037 1969 1152 2007 instat
1191 1967 1313 2006 silvae.
1351 1981 1372 2005 a
1403 1967 1530 2006 milite.
1659 1969 1864 2007 Praeterea

221 2037 463 2076 observanda
493 2049 669 2075 sensuum
700 2049 857 2088 prorsus
888 2038 932 2076 ad
966 2042 1118 2076 naturae
1149 2038 1347 2076 veritatem
1379 2037 1504 2075 efficta
1540 2037 1792 2084 mutabilitas,
1824 2039 1864 2076 et

221 2106 319 2144 scita
349 2107 570 2157 temperatio
601 2118 645 2144 ac
671 2107 908 2157 progressio.
956 2108 1099 2156 Agris.
1132 2106 1264 2155 silvis,
1298 2107 1435 2156 pratis,
1469 2107 1503 2143 in
1532 2107 1745 2144 universum
1779 2110 1859 2145 ste-

219 2174 413 2223 rilitatem,
446 2179 609 2225 pestem,
651 2176 876 2225 imprecatus
909 2180 989 2213 erat
1019 2176 1099 2213 sine
1129 2174 1241 2213 multa
1280 2174 1538 2221 vehementia,
1578 2174 1769 2223 breviter,
1802 2176 1860 2213 ie-

220 2243 319 2280 iune.
381 2242 514 2282 Silvae
552 2243 637 2282 huic
675 2256 766 2282 suae
805 2248 1002 2293 tantopere
1041 2246 1183 2282 amatae
1223 2255 1294 2281 non
1327 2244 1450 2281 statim
1482 2242 1575 2280 mala
1614 2244 1858 2294 imprecatur:

220 2315 259 2350 at
289 2312 349 2350 ubi
381 2324 424 2350 se
456 2315 568 2351 totum
601 2312 792 2351 desiderio
825 2313 906 2350 eius
938 2312 1126 2362 implevit.
1173 2315 1210 2351 et
1241 2324 1344 2363 quam
1376 2311 1470 2349 male
1501 2311 1633 2349 silvam
1665 2311 1859 2349 habiturus

220 2381 269 2420 sit
301 2380 426 2426 miles,
459 2382 609 2432 penitus
640 2382 863 2433 perspexit,
906 2383 978 2420 tum
1018 2379 1262 2419 vehementer
1293 2384 1516 2429 commotus,
1558 2381 1641 2431 ipse
1681 2381 1716 2418 in
1755 2393 1858 2418 suam

219 2449 351 2488 silvam
383 2449 518 2488 fulmen
551 2454 691 2489 evocat
723 2450 851 2496 lovis,
886 2453 924 2488 ut
955 2450 1071 2499 digno
1102 2454 1232 2500 pereat
1263 2449 1384 2487 modo.
1448 2448 1641 2488 Heinsium
1671 2462 1743 2489 non
1775 2462 1856 2487 mo-

218 2531 300 2567 ror,
333 2519 393 2571 qui
424 2519 595 2558 ludimus
629 2519 700 2558 dici
732 2518 778 2557 de
810 2518 913 2556 Diris
944 2517 1050 2556 hisce
1081 2530 1199 2569 posse
1230 2520 1358 2566 negat.
1421 2517 1565 2557 Scribit
1597 2518 1661 2557 ille
1692 2519 1762 2557 ita:
1803 2532 1857 2557 an

217 2587 337 2626 ludum
369 2595 488 2627 vocat
518 2588 643 2627 hasce
671 2582 840 2627 Diras?
869 2599 944 2625 uon
975 2586 1104 2625 credo.
1159 2584 1253 2638 Quid
1287 2582 1406 2624 enim?
1451 2586 1545 2625 Num
1577 2599 1726 2637 semper
1757 2586 1855 2625 ludi-

217 2669 302 2704 cra,
342 2656 495 2704 iocosa,
535 2655 654 2703 laeta,
696 2655 898 2705 cogitanda
936 2657 1043 2703 sunt,
1093 2667 1200 2706 quum
1240 2655 1322 2706 quis
1361 2655 1498 2695 ludere
1536 2658 1649 2705 poeta
1687 2653 1856 2696 dicitur?

216 2725 300 2762 Non
332 2727 435 2775 puto.
480 2723 641 2762 Ludunt
672 2726 830 2775 poetae,
862 2735 959 2761 nunc
990 2735 1136 2773 omneS,
1169 2726 1352 2775 quatenus
1381 2723 1691 2774 occupationibus
1724 2724 1854 2773 poesis

219 2793 479 2831 severioribus
510 2793 730 2842 opponitur3
777 2803 871 2829 nunc
903 2792 946 2839 ii,
989 2791 1048 2842 qui
1081 2792 1238 2829 carmina
1277 2804 1349 2829 non
1389 2793 1439 2830 ita
1479 2803 1636 2840 magna,
1678 2803 1722 2829 ac
1753 2792 1854 2830 tenui

218 2864 461 2910 argumento,
492 2873 562 2899 non
596 2861 724 2911 epica,
756 2859 819 2898 vel
845 2859 1039 2898 recondito
1061 2860 1248 2912 gravique
1276 2859 1580 2899 commendabilia
1605 2863 1848 2908 argumento,

219 2929 379 2968 faciunt:
414 2928 497 2969 Cul.
533 2933 569 2968 1.
602 2934 640 2968 3.
674 2929 752 2969 Cir.
789 2932 850 2968 19.
969 2926 1075 2980 Quod
1110 2930 1227 2966 autem
1258 2928 1394 2981 aliquis
1424 2928 1597 2976 obiiciat,
1640 2926 1713 2966 hoc
1750 2932 1852 2967 certe

221 3007 388 3049 carmen,
420 2998 555 3049 Diras,
586 3010 660 3037 non
690 3009 807 3050 posse
839 2997 965 3036 lusum
997 2996 1089 3045 dici,
1122 3009 1228 3050 quum
1260 2998 1357 3039 Cato
1390 2997 1464 3037 vim
1495 2997 1532 3036 in
1563 3009 1607 3036 eo
1638 2996 1764 3036 inesse
1790 2998 1851 3036 in-
