1970 3350
183 154 278 193 VIII

183 267 241 302 ter
276 264 385 302 TW.
447 262 635 300 mendatia
679 262 723 298 Τ.
786 261 909 299 sactus
946 259 1055 298 TW.
1178 261 1269 297 167.
1310 262 1471 299 coniunx
1509 260 1619 299 TisV.
1750 262 1841 297 168.

183 349 346 375 amorem
371 340 431 375 est
468 337 576 374 TW.
705 338 794 372 169.
829 338 867 371 et
899 345 978 371 mea
996 346 1074 372 cum
1097 336 1174 372 ten.
1213 333 1319 372 TW.
1440 339 1533 374 170.
1567 347 1663 386 quos
1688 334 1844 382 Insuper

190 411 298 450 TW.
387 410 638 448 accumbebat
663 409 733 456 W,
759 415 882 447 antea
904 408 1192 446 accumbebant.
1318 412 1406 447 171.
1430 409 1590 458 grandia
1616 410 1722 446 torm.
1750 406 1845 443 sub-

184 498 333 536 ponens
353 484 494 532 gaudia
522 482 620 521 coilo
646 482 754 522 TW.
881 485 972 521 173.
1007 481 1078 520 hoc
1104 485 1207 520 certe
1238 482 1345 520 TW.
1470 485 1560 521 ΙΝ.
1594 481 1848 530 turbabatque

185 559 279 597 maia
300 557 461 606 fuligine
484 557 638 595 barbam
659 557 765 596 TW.
894 560 983 595 ¹16.
1010 556 1128 594 rubeo
1150 556 1221 594 cei.
1243 556 1350 595 TW.
1457 558 1551 594 177.
1578 553 1783 595 caelicolae
1801 551 1846 600 T,

186 631 370 671 celicolac
393 632 461 670 W.
535 644 649 670 aurea
675 633 792 682 primo
819 631 926 669 TW.
1053 635 1144 669 180.
1174 632 1252 668 fors
1282 630 1350 670 W.
1413 630 1497 669 ieua
1525 630 1568 668 T.
1665 631 1755 667 181.
1780 639 1847 664 na-

185 706 365 744 scendum
390 705 433 753 T,
467 706 646 744 nascendi
674 705 741 744 W.
805 718 876 756 quo
911 718 942 742 s.
976 704 999 742 l.
1036 708 1094 742 est
1123 704 1230 743 TW.
1357 707 1447 743 182.
1481 708 1620 742 tantum
1641 703 1717 741 uita
1745 711 1849 738 meae

185 780 312 819 cordis
345 781 471 818 fecere
508 792 589 830 rap.
627 779 733 818 TW.
860 782 957 817 133.
993 778 1139 816 occulis
1179 778 1246 817 W.

272 855 382 893 Hanc
413 854 614 893 lectionum
649 854 869 892 varietatem
902 854 934 891 si
975 854 1059 905 quis
1094 865 1174 891 cum
1207 852 1406 891 codicibus
1437 865 1459 890 a
1490 851 1637 890 Naekio
1670 848 1851 888 adhibitis

186 929 484 979 comparaverit,
524 927 663 978 liquido
696 927 908 973 constabit,
939 931 1108 964 neutrum
1141 926 1274 964 librum
1307 927 1488 977 propriae
1519 938 1564 964 ac
1595 937 1719 963 novae
1752 923 1852 961 dotis

186 1002 296 1041 laude
316 1006 527 1053 praestare.
591 1001 820 1052 Quamquam
853 1000 941 1038 iliud
975 1000 1171 1049 ‘singulare
1204 1003 1285 1047 est,
1320 1001 1417 1052 quod
1445 1000 1584 1049 Eclog.
1607 1013 1647 1037 v.
1667 1001 1734 1037 32.
1769 996 1852 1036 cod.

186 1076 502 1125 Tegernseensis
540 1080 847 1127 praeruptaque
885 1073 1034 1111 habet:
1076 1086 1149 1126 qua
1190 1073 1355 1112 lectione
1395 1075 1614 1112 coniectura
1653 1071 1852 1111 Burmanni

188 1151 281 1189 Sec.
329 1150 515 1197 firnnatur,
567 1149 628 1199 qui
681 1148 883 1197 scriptoris
930 1159 1070 1185 manum
1119 1148 1205 1185 mihi
1252 1148 1398 1199 quidem
1446 1150 1648 1185 assecutus
1691 1145 1855 1183 videtur.

187 1223 291 1262 Nolo
325 1224 398 1261 ista
429 1234 526 1260 nunc
554 1222 735 1272 persequi
768 1220 936 1269 longius.
1000 1221 1176 1271 Experiri
1207 1222 1331 1271 potius
1359 1220 1475 1268 libet,
1507 1223 1704 1271 antequam
1739 1230 1856 1268 prae-

188 1297 289 1335 fandi
324 1297 430 1334 iinem
458 1296 614 1342 faciam,
650 1294 782 1345 ecquid
817 1295 1032 1332 coniectura
1066 1307 1144 1332 mea
1178 1296 1325 1333 restitui
1359 1295 1483 1344 possit
1515 1293 1622 1332 locus
1654 1292 1856 1331 obscuris-

189 1371 326 1420 simus,
367 1382 439 1421 quo
473 1368 610 1407 nullum
643 1368 740 1418 apud
776 1366 983 1415 Catonem,
1024 1369 1132 1405 etiam
1177 1372 1266 1417 post
1295 1368 1524 1406 novissimas
1563 1379 1695 1415 curas,
1731 1366 1856 1416 inqui-

189 1446 372 1483 natiorem
406 1445 589 1494 reperias.
655 1443 804 1481 Versus
824 1443 906 1480 dieo
936 1441 1072 1490 Eriog.
1099 1444 1151 1480 43
1173 1463 1221 1468 —-
1243 1443 1307 1478 46.
1332 1442 1393 1492 qui
1421 1440 1540 1489 vulgo
1572 1440 1624 1479 ita
1650 1439 1856 1488 leguntur:

364 1517 523 1557 Phoebe
553 1531 698 1569 yerens
735 1519 775 1554 ia
806 1523 845 1554 te
876 1517 1020 1554 {aestus
1061 1516 1284 1553 celebravit
1317 1528 1511 1562 amorem,

362 1593 417 1631 Et
453 1606 556 1646 quae
586 1606 731 1644 pompa
772 1592 906 1638 (lenm,
947 1604 1024 1629 non
1057 1590 1179 1628 silvis
1210 1590 1327 1641 fama
1359 1590 1528 1641 loquum
1559 1594 1636 1627 est.

363 1665 507 1705 Omnia
540 1679 614 1704 vos
647 1669 748 1704 estis
778 1677 786 1701 :
822 1677 954 1703 secum
987 1678 1066 1703 sna
1097 1664 1255 1714 [laudm
1289 1670 1426 1715 qesta!

362 1743 444 1779 Ant
477 1742 676 1792 insparsa
713 1739 822 1777 videt
853 1739 1017 1786 mundo,
1061 1751 1164 1791 quae
1197 1739 1333 1777 dicere
1362 1738 1520 1789 longum
1550 1743 1627 1776 est.

190 1815 316 1852 Versu
338 1817 402 1853 43.
437 1814 609 1852 Naekius
643 1826 710 1863 pro
742 1827 913 1864 yerens,
952 1825 1049 1864 quae
1081 1815 1140 1850 est
1171 1811 1285 1850 lectio
1318 1812 1495 1850 librorum
1528 1812 1600 1849 tam
1633 1810 1858 1860 scriptorum

189 1901 296 1941 quani
331 1889 537 1940 antiquitus
570 1888 754 1926 editorum
786 1888 963 1931 omnium,
998 1886 1200 1935 legendnm
1233 1899 1373 1924 recens
1409 1885 1516 1923 vidit.
1579 1884 1688 1936 Quod
1722 1885 1857 1921 inven-

188 1965 287 2010 tum,
322 1962 560 2013 quantumvis
605 1962 830 2010 egregium,
873 1960 1046 1998 dubitare
1091 1960 1203 2009 licet,
1245 1972 1291 1997 an
1332 1972 1483 1998 versum
1515 1959 1563 1997 ab
1597 1959 1692 1996 omni
1725 1970 1857 1996 corru-

188 2036 293 2087 ptela
326 2037 483 2074 liberum
519 2039 702 2085 praestet.
765 2034 862 2086 Quid
898 2030 1025 2072 enim?
1064 2032 1233 2073 Codices
1265 2033 1383 2082 longe
1415 2033 1543 2083 optimi
1577 2032 1736 2070 unanimi
1770 2043 1859 2068 con-

189 2123 304 2149 sensu
339 2122 410 2148 non
445 2110 605 2149 Phoebe
636 2108 800 2154 habent,
846 2109 912 2146 sed
961 2108 1131 2147 Phoebo.
1194 2107 1303 2146 Unde
1336 2108 1508 2158 suspicio
1540 2105 1626 2144 mihi
1659 2109 1742 2145 orta
1773 2108 1852 2153 est,

190 2183 271 2233 legi
304 2188 511 2234 oportere:

365 2258 525 2297 Phoebo
556 2264 675 2296 nata
707 2270 847 2296 recens
881 2258 1023 2296 lacerus
1058 2255 1281 2295 celebravit
1314 2269 1480 2294 amorem
1500 2283 1512 2302 ,

190 2334 230 2372 ut
262 2333 390 2371 eadem
423 2333 473 2370 sit
505 2332 759 2379 constructio,
803 2344 875 2382 qua
908 2331 1003 2368 infra
1038 2343 1074 2367 v.
1112 2334 1174 2369 70.
1209 2328 1305 2369 Cato
1339 2330 1483 2368 utitur:

1127 2411 1164 2443 et
1196 2404 1258 2442 illi

369 2481 498 2519 Tristi
528 2479 725 2530 turpabat
755 2478 888 2517 malas
928 2478 1107 2529 fecliyine
1139 2477 1282 2516 barba.

190 2553 280 2593 vid.
317 2554 515 2591 Burmann.
549 2553 592 2590 ad
620 2552 735 2590 Ovid.
761 2552 859 2590 Met.
884 2551 954 2590 Vl.
976 2555 1069 2590 659.
1105 2549 1213 2590 cort.
1246 2552 1291 2589 ad
1316 2552 1458 2591 Lucan.
1492 2551 1522 2589 Ι.
1558 2554 1625 2589 24.
1647 2551 1738 2591 VH.
1764 2553 1858 2590 764.

192 2627 461 2677 Corruptionis
493 2628 606 2674 origo
639 2632 772 2676 aperta
805 2629 878 2664 est.
955 2625 1027 2664 Ubi
1066 2626 1160 2662 enim
1194 2625 1490 2664 describentium
1523 2626 1710 2675 imperitia
1742 2624 1860 2662 semel

191 2714 240 2739 cx
273 2702 355 2739 ηἿα
397 2700 665 2738 incommodum
704 2699 803 2737 istud
846 2702 940 2738 inte
985 2699 1160 2749 peperit,
1205 2710 1274 2736 nec
1313 2699 1468 2737 dativus
1501 2699 1662 2737 Phoebo
1700 2697 1860 2747 amplius

193 2774 456 2823 congruebat,
490 2777 528 2811 et
551 2773 864 2822 transpositione,
889 2785 961 2824 quo
989 2784 1127 2810 versus
1152 2775 1292 2821 staret,
1327 2785 1423 2822 opus
1448 2772 1664 2811 videbatur.
1719 2769 1860 2810 Cuius·-

193 2848 289 2886 modi
322 2846 636 2898 interpolationes
667 2846 927 2895 librariorum,
960 2847 997 2884 et
1028 2847 1146 2883 metro
1180 2848 1218 2883 et
1250 2846 1379 2883 sensui
1400 2843 1857 2896 prospicientiun1‚Nae-

195 2921 282 2959 kius
315 2923 349 2959 in
381 2920 440 2959 his
473 2921 570 2971 ipsis
605 2919 835 2958 carminibus
869 2919 1053 2957 indicavit
1084 2931 1189 2969 quam
1223 2918 1417 2969 plurimas.
1479 2918 1558 2956 Vix
1586 2930 1683 2968 opus
1704 2919 1765 2955 est
1788 2916 1855 2954 ad-

197 2993 309 3043 dere,
343 2996 439 3034 satis
472 2994 709 3032 correctione
741 2995 871 3031 nostra
904 2994 1048 3032 cautum
1082 3005 1193 3043 esse,
1240 3005 1286 3031 ne
1326 2992 1419 3032 lauri
1451 2993 1563 3041 origo
1594 2991 1701 3030 nimis
1734 2990 1859 3030 ambi-
