2006 3365
641 179 911 223 RECENSIO
943 178 1238 221 LIBRORUM.
1664 178 1766 226 403

109 297 330 347 Pomponio.
393 295 620 349 Quamquam
651 294 724 335 hac
754 296 790 334 in
833 307 874 334 re
914 307 1035 347 aequa
1073 294 1285 346 Pomponio
1317 292 1450 343 culpae
1481 293 1594 344 atque
1625 292 1767 331 erroris

108 378 198 416 pars
231 368 292 404 est
323 377 402 404 cum
438 366 626 403 Domitio:
662 377 732 402 non
765 363 931 402 debebat
962 364 1056 401 enim
1089 375 1208 414 neque
1241 362 1403 401 Aetnam
1425 361 1612 400 Domitius
1644 372 1766 412 neque

109 433 339 483 Pomponius
372 433 532 482 elegiam
566 432 663 471 illam
696 433 864 470 tribuere
899 431 1080 480 Virgilio.

197 501 256 539 De
303 501 580 539 conum¹ntariis
621 500 799 545 Domitii,
852 500 884 538 si
927 499 997 537 lios
1036 497 1231 550 appellare
1271 498 1558 537 commentarios
1597 496 1764 546 debeas,

108 582 214 621 quam
247 574 381 608 tenues
414 570 518 617 sint,
551 568 687 607 deinde
719 568 842 606 videri
875 569 1119 618 imperfectos
1151 578 1269 614 esse,
1304 570 1341 604 et
1373 578 1463 604 esse
1495 569 1584 616 post
1614 569 1768 604 mortem

111 637 262 675 Domitii
296 638 443 686 editos,
477 638 614 676 dictum
646 649 667 674 a
697 648 755 673 me
788 640 849 674 est
880 634 1152 685 Disputatione
1193 633 1257 671 illa
1303 645 1394 683 pag.
1434 636 1496 670 12.
1529 646 1612 685 seq.
1674 632 1767 672 Item

108 705 154 742 de
186 705 340 743 mirifica
372 704 637 753 similitudine,
670 716 766 755 quae
799 707 859 742 est
891 704 986 741 inter
1002 702 1207 740 Domitium
1228 704 1266 739 et
1290 701 1639 750 interpretationem
1654 701 1769 739 Pom-

109 774 242 823 ponii:
275 786 380 824 quam
414 773 688 810 similitudinem
723 773 774 810 ita
806 783 895 809 csse
927 769 1190 820 explicandam
1222 771 1378 816 statuo,
1411 771 1450 807 ut
1482 769 1670 807 Domitius
1701 780 1770 807 na-

109 847 192 880 ctus
224 843 274 880 sit
305 842 445 880 dictata
476 841 674 890 Pomponii
707 842 746 878 et
778 838 865 876 inde
897 836 1009 875 multa
1041 838 1077 874 in
1109 849 1199 875 suas
1231 834 1383 875 chartas
1415 836 1665 875 derivaverit.
1720 835 1771 877 Ut

110 922 217 947 unum
250 921 529 948 commemorem
570 906 805 957 exemplum,
852 905 1085 955 Pomponius
1116 904 1162 942 ad
1196 902 1340 954 Copam
1372 904 1580 944 docuerat:
1629 905 1769 957 Copas

109 978 374 1031 appellabant
419 977 604 1015 mulieres
637 987 787 1025 vctyas.
830 981 867 1013 et
913 973 1142 1012 Mecoenas
1184 985 1345 1012 servum
1390 972 1566 1013 habebat
1602 973 1770 1025 Copam.

108 1045 149 1084 ld
183 1059 291 1098 quum
324 1045 489 1095 legisset
522 1043 582 1082 vel
625 1043 798 1081 audisset
834 1042 1048 1091 Domitius,
1094 1054 1142 1079 ex
1174 1054 1291 1079 serva
1324 1041 1567 1080 Maecenatis
1599 1041 1771 1080 libertam

110 1115 228 1164 fecit3
261 1115 309 1152 de
340 1125 408 1151 suo
441 1112 585 1151 addidit
616 1124 790 1149 summam
823 1110 996 1160 opusculi
1039 1122 1151 1159 esse,
1199 1112 1238 1148 ut
1277 1111 1457 1149 hortetur
1498 1110 1773 1149 Mecoenutem

109 1189 147 1222 et
179 1185 314 1222 socios
349 1182 405 1220 ad
436 1181 696 1232 voluptatem.
731 1183 769 1218 ut
801 1178 980 1230 reliquam
1014 1178 1096 1217 eius
1123 1178 1368 1217 eruditionem
1386 1181 1637 1228 praeteream.
1684 1178 1771 1216 Ad-

109 1251 190 1289 dam
223 1251 294 1288 duo
327 1249 460 1298 locos,
495 1249 631 1300 quihus
665 1247 854 1286 Domitius
887 1248 1153 1297 perstringere
1185 1246 1430 1296 Pomponium
1462 1246 1630 1285 videtur.
1691 1247 1771 1285 Eo-

110 1331 186 1357 rum
219 1331 314 1356 unus
347 1322 408 1356 est
447 1318 481 1355 in
525 1317 628 1354 Diris
661 1330 700 1354 v.
736 1319 802 1353 40.
848 1315 910 1353 ubi
952 1315 1182 1364 Pomponius
1224 1326 1298 1352 non
1339 1314 1435 1353 male
1472 1315 1553 1352 sic:
1601 1315 1774 1354 Aethere

110 1398 290 1438 cyaneo:
325 1387 490 1437 Cyanos
527 1385 636 1423 color
668 1384 874 1423 coelestis.
940 1383 994 1421 At
1017 1382 1234 1421 Domitius:
1268 1396 1442 1434 cyaneo:
1476 1395 1553 1421 non
1584 1397 1610 1422 a
1641 1383 1774 1422 colore

109 1455 305 1501 caelesti,
340 1455 447 1492 sieut
480 1453 643 1506 quidam
674 1454 929 1503 interpretati
961 1457 1076 1497 sunt,
1112 1451 1239 1490 dia-it:
1275 1451 1350 1490 sed
1381 1464 1407 1489 a
1429 1451 1611 1503 Cyaneis
1641 1453 1773 1505 petris

111 1525 151 1561 in
190 1524 353 1573 reqione
393 1521 517 1560 Ponti
553 1522 787 1574 frequenter
847 1533 892 1558 se
932 1519 1178 1558 moventibus
1219 1520 1434 1570 epithetum
1473 1520 1659 1558 tradua‘z't
1699 1521 1773 1558 etc.

112 1591 172 1630 Ad
209 1591 314 1630 Cirin
363 1603 400 1628 v.
437 1594 531 1628 204.
564 1589 825 1639 Pomponius:
860 1588 1054 1626 Caleez’us
1087 1588 1235 1626 heros:
1267 1588 1510 1640 Appositum
1541 1589 1658 1626 nimis
1692 1588 1776 1627 alte

110 1663 340 1711 repetitum,
375 1672 400 1696 a
434 1658 608 1697 Calc-ide
640 1657 856 1695 Locrorum
887 1655 1013 1703 urbe,
1046 1668 1097 1694 ex
1130 1669 1210 1707 qua
1238 1656 1417 1707 profecti
1448 1655 1625 1707 Pelctsyi
1654 1655 1775 1695 habi-

110 1735 299 1767 taverunt
333 1731 371 1765 in
403 1728 547 1764 Asticct
593 1739 677 1764 cum
715 1725 897 1763 Ionibus.
940 1725 1017 1762 alii
1049 1725 1187 1762 dieunt
1218 1723 1423 1775 Leleyas,
1467 1725 1535 1777 qui
1567 1730 1661 1763 sunt
1691 1723 1775 1762 Lo-

111 1809 290 1835 crenses.
352 1795 407 1833 Et
441 1795 576 1833 Nisus
608 1795 688 1844 fnit
720 1793 831 1845 fitius
861 1793 1092 1832 Pandionis
1125 1796 1234 1844 reqis
1272 1796 1449 1832 Atticae.
1511 1792 1607 1846 Quid
1642 1793 1775 1831 Domi-

112 1860 218 1902 tius?
264 1863 509 1902 Clzuleltez'us
534 1874 542 1899 :
586 1862 755 1900 Chalcis
789 1861 978 1913 oppidum
1009 1867 1073 1900 est
1104 1861 1326 1900 Locrorum
1357 1867 1394 1900 et
1426 1862 1465 1899 in
1497 1860 1667 1900 Euboea
1698 1866 1774 1900 est.

111 1932 186 1971 sed
219 1944 293 1969 non
323 1938 539 1984 propterea
574 1930 710 1969 Nisus
735 1930 1039 1980 Meyterensium
1071 1944 1143 1968 rea·
1175 1929 1394 1968 Chalceias
1426 1931 1652 1967 nominatus
1685 1935 1773 1968 est:

112 2000 187 2038 sed
215 2002 353 2051 potius
387 1999 436 2036 ab
470 2012 593 2037 aureo
627 1998 807 2049 eupillo:
841 2011 930 2035 nam
961 1997 1124 2043 χαλκος
1156 2010 1228 2036 aes
1261 2003 1298 2035 et
1328 1997 1529 2035 metullum
1553 1997 1776 2048 siqnificat.

113 2068 356 2117 Pomponium
390 2067 535 2114 itidem,
580 2067 651 2104 nisi
694 2065 828 2113 fallor,
876 2066 1033 2114 respicit
1073 2065 1262 2104 Domitius
1302 2065 1346 2102 ad
1390 2063 1469 2103 Cir.
1509 2067 1598 2102 161.
1634 2064 1695 2103 ubi
1728 2064 1776 2104 dc

110 2135 328 2185 Tirynthe:
366 2134 526 2188 quidam
560 2135 748 2173 dixerunt
780 2134 860 2171 coli
891 2133 1035 2171 ibidem
1069 2133 1317 2186 Cupidinem.
1393 2132 1528 2171 Tradit
1568 2132 1662 2181 hoc,
1706 2145 1775 2171 ne-

112 2203 194 2241 scio
228 2203 347 2250 unde,
379 2203 623 2252 Pomponius,
686 2200 849 2240 Codices
873 2201 1059 2239 Domitius
1093 2201 1215 2239 nullos
1236 2199 1421 2239 adhibuit.
1484 2201 1544 2239 Ad
1573 2201 1655 2239 Dir.
1684 2204 1775 2240 151.

114 2270 221 2318 (⁴3.)
258 2271 375 2308 verba
400 2270 553 2308 Domitii
587 2269 680 2307 llaec
709 2272 896 2307 exstant:
930 2270 1086 2308 Similis
1118 2269 1311 2308 conditio.
1345 2282 1434 2307 nam
1466 2282 1587 2308 aureo
1610 2271 1776 2309 saeculo

112 2339 308 2390 nymphae
339 2344 505 2377 secutae
536 2338 728 2376 errabant
766 2350 842 2389 per
874 2337 1009 2376 siluas
1042 2341 1075 2376 ἀ
1106 2338 1212 2376 loca.
1283 2337 1385 2375 Hinc
1418 2336 1625 2376 l'utseliius
1659 2350 1777 2388 nuper

112 2407 301 2444 diversam
333 2418 355 2443 a
389 2406 547 2454 vulgata
579 2418 718 2443 versus
758 2407 846 2443 147.
877 2404 985 2454 (44.)
1019 2406 1243 2455 scripturam
1276 2406 1354 2443 crui
1388 2417 1529 2454 posse,
1562 2418 1658 2457 quae
1690 2407 1776 2443 sue-

113 2476 160 2513 rit
193 2476 226 2512 in
261 2474 356 2512 libro
390 2474 566 2521 Domitii,
609 2474 800 2511 coniecit:
851 2473 906 2511 Et
951 2487 1061 2527 quem
1101 2473 1267 2523 nympha
1299 2473 1410 2512 deum
1444 2474 1478 2510 in
1519 2473 1631 2511 silvis
1661 2475 1776 2524 suma

113 2546 245 2581 secuta
275 2549 351 2581 est.
424 2542 655 2581 Coniectura
696 2553 822 2591 parum
864 2541 1085 2591 probabili:
1128 2542 1288 2579 maxime
1333 2542 1366 2579 si
1408 2544 1565 2591 reputes
1599 2543 1777 2591 corrupta

114 2612 208 2649 liaud
243 2611 356 2648 dubie
398 2622 487 2647 esse
531 2609 648 2646 verba
688 2609 861 2657 Domitii,
917 2614 955 2648 ut
987 2612 1075 2649 sunt
1107 2622 1223 2660 supra
1255 2622 1275 2647 a
1307 2622 1364 2647 me
1397 2609 1575 2659 apposita
1609 2623 1657 2647 ex
1690 2609 1775 2647 No-

113 2679 365 2727 rimbergcnsi
403 2680 521 2715 1492.
582 2676 623 2714 ln
657 2677 913 2715 Ascensianis
955 2678 1017 2716 illa
1058 2680 1116 2717 sic
1158 2683 1344 2728 concepta
1386 2676 1645 2715 exhibentur:
1687 2691 1777 2716 nam

113 2761 153 2786 a.
186 2762 221 2787 s.
255 2747 450 2799 nymphae
493 2758 653 2783 securae
695 2746 887 2785 errabunt
917 2759 992 2797 per
1023 2748 1169 2800 syluas
1202 2752 1240 2785 et
1273 2747 1300 2784 l.
1343 2746 1439 2797 quod
1483 2746 1594 2784 multo
1635 2747 1774 2796 aptius.

114 2814 378 2855 Coniecturam
411 2814 564 2852 Domitii
594 2814 629 2851 in
664 2813 765 2851 Diris
799 2827 905 2852 unam
939 2818 1079 2854 tantum
1112 2815 1316 2863 recordor,
1347 2821 1496 2867 pastos
1532 2827 1568 2851 v.
1603 2816 1670 2851 52.
1731 2812 1775 2851 Si

114 2886 234 2923 tamen
266 2882 340 2922 hoc
370 2884 455 2933 ipse
490 2882 654 2920 coniecit
696 2881 912 2932 Domitius,
958 2894 1082 2934 neque
1114 2883 1263 2932 accepit
1295 2881 1341 2920 ab
1373 2881 1460 2919 alio.

199 3019 274 3058 Iam
321 3018 408 3057 mihi
450 3018 638 3057 editiones
677 3016 862 3067 Virgilii,
923 3020 1012 3057 ante
1058 3016 1316 3057 Asi-ensium.
1355 3018 1509 3067 praeter
1553 3015 1639 3056 illas
1677 3017 1776 3055 anti-

1402 3087 1469 3129 26
1480 3086 1492 3107 ²³
