2006 3365
480 143 535 182 IN
565 143 785 184 VALERII
817 141 1053 183 CATONIS
1083 142 1264 182 DIRAS.
1629 146 1693 190 51

60 261 98 298 et
125 270 147 296 a
177 259 364 308 scriptura
393 258 552 309 vulgata
582 270 654 296 uon
685 258 831 297 multum
863 259 1085 309 discrepans
1116 257 1343 305 emendatio,
1377 256 1570 305 Mutant,
1600 258 1696 296 reti-

57 327 119 365 nui
152 329 296 375 tamen,
328 328 486 376 propter
509 327 624 376 ipsam
649 326 881 365 insolentiam
906 339 1028 375 suam,
1062 326 1255 375 vulgatum
1276 326 1446 365 Madent.
1486 325 1525 363 Id
1554 325 1694 365 Badius

57 396 324 446 interpretatur
352 409 424 447 per
455 397 752 434 imnmtalimzem
781 395 1019 448 producant.
1051 393 1180 433 Gloss.
1203 395 1254 434 V.
1280 394 1310 432 l.
1342 401 1624 433 convertantur
1654 398 1692 433 in

58 477 196 502 auram
226 465 481 516 pestiferam.
546 465 648 501 Bene
678 464 722 501 ad
755 463 974 500 sententiam
1006 462 1100 510 loci3
1134 463 1164 499 si
1197 463 1305 501 verbi
1336 470 1487 502 mutare
1518 463 1588 501 vim
1620 475 1693 513 po-

57 535 306 583 testatemque
338 535 513 581 spectes,
548 544 617 569 non
650 532 757 569 bene.
805 530 942 568 Verum
966 533 1046 567 est:
1079 542 1144 579 per
1176 531 1456 569 immutationem
1481 534 1693 583 assumant,

56 600 252 650 recipiant.
313 599 368 638 At
399 603 518 637 tamen
551 599 695 637 multum
728 610 806 635 mea
838 598 1099 646 interpretatio
1138 598 1185 635 ab
1227 598 1536 648 interpretatione
1567 599 1693 639 differt

56 667 222 716 Silligii,
261 668 320 719 qui
353 667 472 706 locum
505 669 555 705 ita
588 666 666 704 vult
706 666 874 715 concipi:
923 666 1030 704 Hinc
1067 679 1193 705 aurae
1224 667 1386 716 dulces,
1424 669 1516 706 hinc
1546 672 1690 708 suavis

55 735 254 788 spiritns!
307 739 410 787 Ama·
442 737 600 776 Murem
627 735 849 786 pestiferos
881 741 1023 772 aestus
1054 741 1092 773 et
1123 741 1227 773 tetra
1258 735 1435 774 venena!
1474 738 1514 775 ut
1545 736 1693 786 ellipsis

55 805 106 842 sit
135 804 312 842 ablativi:
346 806 430 853 agri
461 803 633 841 dulcibus
664 802 765 840 auris
796 804 833 840 et
857 803 965 839 suavi
992 802 1126 852 spiritu
1152 805 1293 842 mutent
1316 807 1445 842 aestus
1471 804 1692 854 pestiferos.

53 872 115 911 De
146 885 217 924 qua
248 872 372 923 ellipsi
404 871 529 910 laudat
559 870 847 920 disputationem
878 869 1040 909 Bentleii
1074 872 1108 909 in
1140 871 1273 910 Horat.
1307 869 1429 910 Carm.
1449 872 1498 910 ΙΙ.
1524 876 1693 921 xw,18.

55 941 105 981 Ut
137 954 212 990 ego
245 940 361 979 locum
393 939 569 986 distinxi,
603 939 777 976 diversus
810 942 869 977 est
899 939 946 977 ah
979 938 1076 987 illis,
1109 940 1245 991 quibus
1269 940 1466 979 Bentleius
1491 942 1625 990 utitur,
1658 943 1696 980 et

56 1022 152 1061 quos
192 1009 288 1048 alios
325 1009 488 1047 eiusdem
527 1007 682 1056 generis
722 1008 918 1057 proferas,
959 1008 1140 1046 omnibus.
1202 1008 1294 1047 Nam
1327 1008 1400 1047 illis
1432 1008 1527 1047 locis
1558 1009 1696 1061 ubique

54 1078 101 1117 de
132 1091 176 1117 eo
208 1090 328 1116 serino
361 1079 442 1126 est,
475 1077 535 1128 qui
570 1088 672 1114 unam
706 1088 780 1114 rem
812 1079 926 1114 mutat
950 1075 1089 1114 altera:
1123 1090 1194 1129 quo
1219 1079 1253 1115 in
1278 1090 1422 1127 genere
1445 1078 1576 1118 licebit
1601 1092 1696 1129 sup-

54 1148 213 1198 primere
244 1146 447 1184 ablativum
479 1146 560 1183 eius
593 1145 666 1194 rei,
698 1157 803 1196 quam
836 1145 917 1196 quis
949 1145 1149 1196 relinquit,
1182 1150 1221 1184 ut
1243 1145 1490 1196 amplectatur
1520 1146 1696 1197 alteram3

53 1215 185 1254 licebit
216 1219 334 1254 autem
366 1227 436 1252 non
470 1215 625 1265 ubique,
666 1214 731 1251 sed
765 1214 826 1251 uhi
860 1214 894 1250 in
927 1214 1115 1251 sententia
1145 1213 1256 1264 plana
1286 1226 1331 1252 ae
1362 1216 1563 1266 perspicua
1594 1215 1695 1254 nulla

52 1285 99 1323 ab
132 1283 256 1334 ellipsi
289 1283 353 1321 illa
384 1284 597 1321 obscuritas
630 1283 789 1320 timenda
820 1284 900 1321 est.
961 1282 1075 1332 Apud
1102 1283 1281 1322 Catonem
1314 1283 1360 1321 de
1390 1296 1430 1321 re
1461 1296 1582 1322 sermo
1615 1287 1694 1330 est,

53 1365 149 1405 quae
181 1364 224 1390 se
254 1355 369 1390 mutat
401 1353 531 1401 ipsam.
579 1351 703 1399 Legat
733 1350 868 1402 aliquis
900 1363 1037 1389 versus
1070 1349 1251 1400 Catonis,
1284 1354 1322 1389 ut
1353 1354 1440 1390 sunt
1470 1365 1492 1390 a
1521 1365 1578 1390 me
1603 1365 1693 1391 eon-

54 1422 196 1459 stituti:
230 1420 334 1458 Hace
366 1424 469 1458 serta
500 1420 687 1468 Veneris,
719 1421 757 1457 et
788 1431 882 1471 quae
914 1423 1116 1457 naseuntur
1147 1432 1195 1457 ex
1229 1419 1383 1458 [loribus
1407 1433 1518 1459 aurae
1543 1421 1694 1471 dulces,

54 1494 91 1528 et
124 1490 184 1541 qui
219 1490 385 1527 nascitur
417 1502 465 1527 ex
498 1488 652 1526 floribus
683 1488 813 1525 suavis
844 1489 1000 1538 spiritus
1024 1488 1132 1536 agri,
1164 1490 1304 1526 mutent
1327 1489 1531 1538 pestiferos
1551 1493 1695 1528 aestus.

52 1557 166 1596 Nulla
200 1558 259 1595 hic
291 1557 438 1607 ellipsis
469 1556 649 1606 ablativi,
682 1569 787 1607 quum
818 1555 1030 1605 ablativus,
1062 1557 1123 1607 qui
1153 1555 1394 1607 suppleatur,
1429 1557 1551 1596 nullus
1583 1559 1695 1607 eogi-

53 1627 124 1665 tari
157 1627 296 1676 possit.
358 1626 469 1664 Feret
499 1625 667 1663 ablativo
700 1624 830 1673 locus,
862 1625 894 1662 si
925 1624 1034 1663 aliter
1065 1625 1307 1674 concepisset
1336 1628 1470 1677 poeta,
1509 1629 1549 1666 ut
1578 1631 1694 1677 pote-

52 1699 134 1744 rat,
168 1696 410 1742 sententiam,
442 1695 512 1732 ita:
546 1694 651 1731 Haec
681 1696 782 1731 serta
812 1694 863 1732 V.
896 1696 1036 1731 mutent
1067 1694 1166 1731 auris
1198 1692 1370 1732 dulcibus
1402 1697 1439 1733 et
1471 1697 1580 1735 suavi
1612 1698 1693 1746 spi-

53 1765 125 1802 ritu
155 1769 285 1803 aestus
316 1764 520 1813 pestiferos
552 1765 589 1800 et
621 1767 646 1801 t.
681 1776 719 1800 v.
780 1761 830 1800 Ut
868 1774 964 1799 nunc
1001 1762 1177 1811 scripsit,
1220 1761 1342 1800 nullus
1381 1763 1549 1802 ablativo
1587 1764 1694 1803 locus

55 1836 127 1872 est.
187 1832 434 1881 Ambiguitas
466 1833 501 1869 in
533 1831 592 1869 liis
632 1830 731 1869 nulla
762 1834 841 1869 est:
886 1831 1104 1882 quicumque
1144 1831 1238 1868 enim
1280 1831 1373 1870 haec
1410 1832 1464 1871 ita
1500 1834 1642 1883 scripta
1672 1846 1693 1872 a

55 1901 200 1941 Catone
231 1901 391 1950 legerit,
425 1900 543 1949 illam,
577 1913 680 1952 quam
712 1900 897 1947 diximus,
929 1899 1037 1937 verbi
1067 1906 1211 1938 mutent
1236 1900 1547 1948 significationem
1580 1903 1692 1941 inve-

54 1971 150 2019 niet,
182 1982 254 2008 non
285 1969 405 2008 aliam.
465 1969 547 2022 Quo
580 1982 654 2018 ego
693 1968 839 2007 facilius
880 1969 914 2005 iu
947 1972 1059 2018 poeta
1089 1968 1309 2016 audaciore,
1355 1969 1413 2006 vel
1453 1970 1485 2007 si
1528 1972 1610 2022 quis
1642 1972 1693 2009 ita

52 2039 174 2088 malit,
205 2039 374 2088 duriore,
415 2038 648 2076 insolentiam
682 2040 774 2075 sero.
835 2038 928 2075 Nam
968 2037 1174 2075 insolenter
1216 2037 1352 2076 dietum
1392 2039 1528 2077 fateor.
1589 2039 1689 2078 Nihil

52 2108 134 2146 dum
165 2108 337 2158 repperi,
371 2107 467 2159 quod
501 2107 705 2156 comparari
731 2118 808 2144 cum
835 2104 978 2145 Catone
1001 2109 1133 2158 queat,
1167 2106 1199 2143 si
1227 2108 1325 2144 sorte
1352 2106 1524 2157 exempla
1549 2120 1690 2156 graeca

53 2175 227 2214 nonnulla
256 2177 468 2226 exceperis.
517 2174 566 2214 Ut
592 2175 784 2226 Euripidis
808 2174 948 2213 Bacch.
981 2177 1098 2213 1325.
1121 2174 1167 2212 [l.
1192 2172 1520 2223 ἐκθηριωθεῐσζ
1557 2168 1688 2226 ὄφεος

53 2240 220 2289 ἀλλάξει
254 2242 396 2282 τύπον.
457 2244 728 2295 Aristophanis
760 2244 877 2283 Avib.
912 2247 1000 2283 117.
1034 2239 1221 2291 ὀρνίθων
1251 2241 1500 2289 μεταλλάξῃ
1538 2241 1686 2294 φύσιν.

52 2314 135 2352 Etsi
167 2313 259 2351 haec
290 2316 395 2351 erunt
425 2314 485 2365 qui
517 2313 564 2351 ad
596 2326 723 2362 genus
761 2312 936 2363 alterum,
978 2313 1073 2364 quod
1115 2313 1301 2351 diversum
1333 2325 1421 2351 esse
1452 2314 1583 2364 docui,
1624 2327 1686 2353 re-

51 2384 173 2429 ferre,
205 2385 242 2419 et
271 2394 337 2431 per
369 2381 516 2432 ellipsin
550 2383 742 2432 explicare
774 2381 923 2431 volent,
957 2381 1053 2420 huuc
1078 2383 1112 2419 in
1137 2381 1300 2419 modum:
1333 2383 1525 2433 serpentis
1551 2385 1682 2423 faciem

50 2451 203 2488 mutabit
235 2449 330 2487 facie
360 2448 527 2488 humana.
588 2451 717 2490 Simile
748 2451 834 2502 quid
868 2449 1001 2489 Catoni
1034 2453 1144 2488 sonat
1173 2450 1454 2501 Διιεταρὀελεῖιῃ
1498 2464 1542 2489 eo
1575 2453 1682 2492 modo

51 2520 209 2564 dictum,
241 2518 286 2555 de
318 2530 388 2569 quo
421 2518 656 2557 Heindorfius
688 2520 722 2557 in
753 2519 924 2557 Platonis
956 2518 1162 2557 Phaedrum
1194 2532 1231 2569 p.
1266 2523 1357 2558 232.
1391 2532 1487 2559 nunc
1517 2533 1554 2571 p.
1586 2524 1679 2559 250.

52 2586 294 2635 Lucretiana,
328 2585 396 2622 Vl.
435 2589 549 2624 1132.
581 2588 683 2627 coeli
711 2595 896 2627 mutemus
929 2590 1129 2639 unciolam,
1150 2588 1217 2627 lv.
1236 2591 1329 2627 460.
1362 2590 1680 2640 eoeleme,71mre,

49 2656 232 2707 flmnina,
262 2656 447 2702 moutez's,
478 2662 647 2703 mutare,
680 2668 725 2694 ne
757 2657 840 2708 quis
871 2659 992 2705 erret,
1032 2669 1103 2708 quo
1134 2657 1204 2695 dici
1235 2665 1385 2697 mutare
1416 2659 1570 2707 sedem,
1610 2672 1677 2696 so-

50 2726 146 2773 lnm,
191 2725 336 2772 larem,
383 2723 644 2763 animadvertit
684 2724 876 2763 Bentleius
917 2724 940 2762 l.
980 2724 1004 2763 l.
1044 2737 1201 2775 prorsus
1241 2730 1280 2765 ut
1324 2739 1414 2764 nos:
1467 2726 1534 2764 das
1567 2726 1676 2763 Kleid

51 2792 265 2842 wecliseln,
296 2793 366 2830 deu
398 2792 520 2830 llerrn
551 2793 702 2831 andern.
804 2795 1025 2846 peslz’feros
1058 2802 1198 2834 aestus
1234 2795 1396 2833 illustrat
1426 2795 1573 2833 Luci-et.
1607 2794 1675 2832 vl.

53 2864 174 2901 1136.
205 2862 381 2913 mortifer
412 2866 566 2899 aestus.
612 2858 670 2899 Cf.
704 2860 899 2901 Claudian.
930 2862 979 2901 R.
1007 2862 1051 2901 P.
1072 2862 1141 2901 Ill.
1161 2865 1256 2902 237.
1289 2875 1338 2901 ex
1370 2862 1511 2900 emend.
1544 2862 1674 2901 lleins.

48 2930 196 2968 Deinde
226 2937 368 2969 aes-lus
401 2932 438 2967 et
469 2941 671 2979 venenum,
703 2933 742 2969 ut
771 2932 857 2969 sunt
888 2931 1052 2969 eiusdem
1076 2932 1240 2970 notionis
1266 2930 1470 2978 vocabula,
1503 2942 1573 2967 non
1606 2943 1673 2969 so-

48 2998 120 3036 lum
161 2997 221 3037 hic
251 2999 526 3047 coniunguntur
555 3008 577 3034 a
607 2994 771 3049 Catone,
813 2999 877 3036 sed
920 3000 1026 3037 etiam
1064 3000 1345 3051 frequentantur
1383 3010 1405 3034 a
1433 2997 1605 3037 Lucretio
1636 3001 1671 3037 in

1329 3068 1390 3111 4ss
