2006 3365
496 139 549 179 IN
581 139 799 181 VALERII
832 138 1068 180 CATONIS
1098 140 1278 180 DlRAS.
1643 146 1702 188 21

70 256 161 295 cidit
190 257 302 307 atque
333 255 369 292 in
403 256 534 294 sumum
564 257 642 295 abit
673 269 723 295 ex
756 257 916 295 maxima
955 259 1061 307 parte
1092 269 1161 295 sua
1193 257 1443 295 Wernsdorlii
1485 256 1691 307 explicatio

68 323 213 376 Quibus
251 322 344 361 locis
376 324 484 361 unice
515 326 845 375 accommodatam,
879 328 916 364 et
937 324 1033 363 haud
1060 325 1172 364 dubie
1197 337 1323 364 veram
1350 337 1437 364 esse
1457 325 1706 364 Wernsdorlii

67 392 413 442 interpretationem
446 392 547 437 dixi,
580 392 617 431 hi
650 397 757 432 sunt:
791 407 828 432 v.
866 396 938 431 14.

237 459 423 510 Rursus,
455 468 492 500 ec
521 462 594 500 lzoc
624 464 761 501 iterum
791 468 1015 514 repetamus
1038 459 1215 501 Battara
1245 475 1420 503 carmen.

66 531 104 567 et
134 529 200 568 97.

237 598 462 636 Estrenmm
494 611 649 637 carmen
680 610 908 637 revocemus
939 596 1116 636 Battare
1146 610 1291 637 avena.

66 665 234 718 Utroque
266 665 348 704 loco
380 679 475 718 quae
508 667 735 717 praecedunt
776 678 926 704 versum
958 665 1237 716 intercalarem,
1282 669 1319 705 et
1350 679 1445 718 quae
1476 670 1703 719 sequuntur,

64 734 189 773 eadem
222 738 308 772 sunt
339 735 382 772 ad
417 735 657 783 sententiam,
692 734 821 772 verbis
854 736 992 772 tantum
1024 733 1191 771 diversa.

150 803 272 841 Aliam
303 804 480 841 rationem
512 802 644 854 reliqui
677 802 747 841 loci
786 802 938 840 habent.
1001 801 1160 841 Scilicet
1200 815 1306 841 unum
1348 802 1604 851 neglexerunt
1635 804 1705 843 viri

62 871 183 921 docti,
216 885 288 923 quo
322 875 423 909 recte
455 870 662 910 observato
696 870 897 921 depellitur
927 871 1099 923 quicquid
1128 871 1163 909 in
1189 870 1259 909 hac
1282 872 1502 923 quaestione
1524 873 1704 911 tenebra-

61 953 138 978 rum
171 943 241 980 est.
304 940 401 980 Sunt
433 940 530 977 inter
571 952 706 977 versus
748 940 843 978 istos
884 939 1131 977 intercalares
1171 939 1356 986 nonnulli,
1398 941 1458 992 qui
1490 939 1705 981 Rama-um

62 1021 132 1048 non
166 1008 255 1047 nihil
287 1021 405 1057 agere
438 1009 471 1046 in
505 1007 631 1053 Diris,
665 1008 746 1046 dum
780 1009 879 1047 canit
910 1007 1030 1056 Cato,
1070 1008 1249 1059 probant.
1311 1008 1394 1047 Hos
1425 1008 1529 1059 dico,
1562 1009 1623 1062 qui
1654 1011 1705 1049 ita

60 1077 259 1130 loquuntur
290 1077 412 1123 clare,
446 1080 484 1116 ut
516 1076 638 1115 nullus
670 1077 890 1115 dubitationi
922 1076 1029 1115 locus
1061 1075 1313 1129 relinquatur,
1347 1091 1384 1115 v.
1411 1080 1478 1116 54.
1511 1080 1550 1116 et
1582 1079 1645 1117 71.

237 1147 412 1186 Tristius
443 1147 537 1195 hoc,
569 1148 743 1195 memini,
776 1148 982 1185 revocasti
1012 1145 1189 1185 Battare
1219 1160 1390 1185 carmen.

230 1215 407 1255 Dulcius
438 1216 534 1263 hoc,
567 1217 740 1263 memini,
774 1218 979 1253 revocasti
1011 1214 1185 1254 Battare
1215 1228 1383 1255 carmen.

59 1284 153 1322 Nam
185 1284 368 1336 quomodo
398 1283 532 1323 Catoni
565 1291 729 1322 revocat
761 1295 906 1321 carmen
941 1283 1141 1331 Battarus,
1174 1284 1247 1321 nisi
1279 1284 1362 1333 ipse
1392 1283 1536 1336 aliquas
1568 1285 1603 1322 in
1636 1297 1702 1323 ca-

60 1353 180 1390 nendo
212 1357 339 1403 partes
372 1348 483 1402 agit?
514 1352 594 1390 Nec
626 1353 744 1390 minus
775 1351 846 1389 huc
879 1353 1015 1390 iaciunt
1049 1365 1086 1389 v.
1121 1355 1153 1389 l.
1182 1354 1220 1391 2.
1258 1354 1320 1390 14.
1353 1354 1418 1391 9ἶ.
1452 1360 1700 1406 repetamus,

61 1435 277 1470 canamus,
310 1435 550 1460 revocemus.
599 1420 782 1473 Quorsum
810 1422 904 1459 enim
928 1419 1130 1470 pluralem,
1164 1422 1195 1457 si
1218 1419 1306 1458 nihil
1332 1421 1403 1458 nisi
1427 1422 1573 1460 auditor
1598 1425 1702 1461 esset

60 1486 267 1528 Baitai-us?
325 1489 498 1541 Denique
529 1502 574 1528 ne
605 1489 693 1528 illud
733 1490 878 1541 quidem
919 1489 965 1527 de
1005 1487 1118 1527 nihilo
1160 1491 1242 1537 est,
1284 1490 1380 1541 quod
1413 1490 1590 1529 Battarus
1629 1495 1699 1529 tam

60 1571 176 1608 saepe
208 1557 463 1608 compellatur.

144 1626 276 1678 Itaque
308 1627 548 1665 conformatio
581 1625 689 1664 huius
721 1626 891 1664 carminis
915 1625 1000 1664 talis
1026 1629 1106 1675 est,
1140 1628 1178 1665 ut
1201 1626 1365 1664 actionis
1391 1626 1579 1665 cuiusdam
1605 1640 1698 1678 spe-

59 1696 150 1734 ciem
182 1695 376 1746 praebeat.
426 1694 522 1735 Cato
555 1708 691 1734 versus
723 1695 835 1744 dicit3
868 1695 969 1734 canit
1000 1694 1177 1733 Rattarus
1209 1694 1345 1734 fistula.
1394 1694 1479 1733 Non
1505 1696 1600 1747 quod
1627 1695 1698 1735 hoc

55 1777 95 1803 re
127 1777 218 1802 vera
248 1765 298 1803 ita
329 1767 448 1802 actum
480 1765 610 1803 suerit:
644 1764 797 1813 lingitur
824 1764 875 1802 ita
900 1764 991 1802 lieri.
1035 1764 1171 1802 Verum
1198 1766 1278 1814 est,
1310 1763 1407 1814 apud
1435 1763 1697 1815 Theocritum,

56 1833 279 1882 Virgilium,
317 1833 425 1881 alibi,
466 1833 527 1871 ubi
561 1845 707 1872 avenae
740 1832 800 1871 vel
843 1833 957 1871 tibiae
989 1833 1029 1872 fit
1060 1833 1218 1877 mentio,
1259 1831 1474 1885 plerumque
1513 1833 1565 1872 ita
1597 1833 1696 1882 fieri,

55 1906 95 1940 ut
126 1903 185 1954 qui
220 1914 356 1940 versus
390 1902 506 1952 dicit,
539 1903 633 1940 idem
665 1902 773 1940 etiam
807 1904 915 1940 canat
942 1903 1013 1941 sihi
1043 1902 1167 1940 fistula
1190 1902 1358 1950 tibiave,
1392 1901 1452 1940 vel
1485 1902 1611 1952 potius
1636 1903 1694 1940 in-

58 1970 229 2009 tercinat.
288 1969 364 2008 Sed
394 1970 633 2009 inveniuntur
656 1973 776 2009 tamen
799 1971 905 2009 etiam
931 1970 1084 2009 alterius
1107 1971 1202 2009 modi
1228 1971 1397 2019 vestigia
1420 1970 1517 2020 apud
1544 1971 1696 2009 eosdem

58 2042 211 2090 poetaS,
245 2042 282 2077 ut
312 2038 510 2078 Tlieoerit.
542 2039 631 2078 VII.
666 2043 730 2078 71.
764 2043 800 2076 2.
833 2042 871 2078 et
902 2039 1143 2089 reputandum
1176 2042 1253 2087 est,
1290 2051 1363 2077 non
1396 2051 1485 2078 esse
1516 2037 1695 2078 Catonem

59 2120 107 2145 ex
140 2111 326 2157 pastorum
359 2108 454 2158 apud
479 2107 722 2146 Theocritum
755 2111 792 2145 et
814 2107 1017 2157 Virgilium
1050 2108 1321 2146 consuetudine
1344 2108 1585 2160 moribusque
1616 2121 1695 2146 me-

58 2175 241 2214 tiendum:
273 2179 461 2226 pastorem
493 2180 639 2226 poetam
672 2176 781 2214 decet
813 2177 1092 2215 instrumentum
1123 2176 1340 2227 pastorale,
1372 2175 1518 2226 fistula,
1551 2188 1694 2227 avena,

60 2244 261 2294 Catonem,
300 2247 360 2298 qui
394 2249 525 2297 pastor
556 2258 677 2298 neque
710 2247 796 2291 fuit,
840 2258 962 2298 neque
993 2258 1036 2284 se
1068 2258 1157 2284 esse
1189 2247 1376 2296 pastorem
1408 2246 1536 2295 fingit,
1578 2247 1695 2284 minus

59 2313 187 2362 decet,
222 2313 303 2362 vel,
342 2318 380 2354 ut
410 2327 482 2353 non
514 2315 715 2362 dedeceat,
756 2318 860 2353 certe
890 2316 1014 2353 mirum
1047 2327 1117 2353 non
1151 2318 1231 2362 est,
1270 2314 1366 2366 quod
1400 2314 1557 2353 fistulam
1588 2315 1695 2354 alteri

58 2382 273 2434 reliquerit,
312 2383 393 2433 ipse
424 2396 525 2421 suam
558 2395 679 2422 curam
713 2384 822 2422 unice
861 2388 978 2435 ponat
1017 2384 1050 2422 in
1085 2384 1262 2421 versibus
1293 2383 1474 2421 faciendis
1505 2383 1694 2422 dicendis-

59 2464 142 2503 que.
204 2450 319 2503 Quam
351 2452 522 2490 usitatum
553 2453 649 2503 apud
682 2453 874 2492 Romanos
904 2453 1039 2503 fuerit,
1078 2452 1122 2490 ad
1157 2452 1344 2490 tibicinem
1377 2463 1535 2500 canere,
1573 2451 1695 2490 multis

59 2531 103 2558 ac
134 2520 228 2558 satis
260 2520 357 2557 notis
389 2521 572 2571 exemplis
604 2525 766 2560 constat.
811 2520 866 2560 At
897 2533 1012 2571 vere,
1043 2521 1186 2573 inquis,
1218 2521 1327 2559 etiam
1351 2518 1529 2560 Catonem
1562 2532 1695 2560 canere

60 2600 182 2626 avena
212 2589 442 2626 manifestum
475 2591 533 2627 est
565 2602 613 2628 ex
645 2601 757 2628 versu
793 2591 829 2627 ἶ.

232 2656 369 2696 Multa
397 2659 538 2708 prius,
567 2659 693 2710 fuerit
725 2672 841 2712 quam
871 2671 946 2698 non
976 2670 1057 2696 mea
1087 2657 1215 2697 libera
1245 2670 1381 2698 avena.

60 2730 98 2764 et
129 2738 177 2764 ex
212 2739 247 2764 v.
282 2727 346 2763 75.

237 2795 411 2833 Tristius
443 2794 515 2832 hoc
544 2808 697 2834 rursum
728 2796 840 2835 dicat
870 2807 949 2834 mea
980 2795 1104 2834 fistula
1135 2809 1304 2835 carmen.

60 2863 155 2902 Num
188 2863 304 2912 igitur
335 2866 489 2914 uterque
521 2865 656 2901 canunt
687 2862 745 2901 vel
778 2864 1022 2915 intercinunt,
1055 2864 1200 2903 duabus
1230 2865 1388 2914 avenis,
1422 2864 1516 2904 Cato
1541 2865 1578 2902 et
1601 2863 1694 2902 Bat-

61 2927 195 2971 tarus?
252 2931 349 2970 Fieri
380 2932 431 2970 ita
462 2931 605 2982 potuit,
645 2943 858 2984 quamquam
888 2944 960 2972 non
992 2935 1082 2984 puto
1121 2935 1256 2973 sactum
1288 2945 1388 2972 esse.
1449 2931 1518 2970 Est
1547 2932 1695 2983 potius,

63 3003 102 3040 ut
131 3003 241 3041 antea
271 3001 372 3052 dixi,
404 3012 475 3040 una
505 3011 648 3050 avena,
679 3000 844 3052 Battari3
877 3005 915 3042 et
945 3002 1042 3054 quod
1075 3015 1114 3040 v.
1149 3006 1184 3041 7.
1220 3002 1285 3039 75.
1317 3014 1400 3041 mea
1431 3013 1581 3051 avena,
1611 3015 1695 3042 mea
