2006 3365
264 156 366 200 260
871 142 1232 185 mssnn'rATlo
1264 142 1314 183 11.

265 272 304 307 et
334 266 530 305 senserunt
558 273 702 301 omnes.
762 259 838 298 Iam
869 259 982 299 Diras
1014 258 1097 311 quis
1128 258 1292 309 scriptas
1323 269 1412 297 esse
1430 270 1451 297 a
1475 269 1592 309 puero
1617 256 1894 310 quatuordecim

268 335 329 373 vel
361 333 522 371 sedecim
553 330 615 369 vel
646 329 910 380 septemdecim
951 339 1124 366 annorum
1169 327 1242 366 sihi
1286 323 1542 378 persuadeat}
1602 327 1831 373 Crederem,
1863 326 1896 363 si

267 403 338 440 hoc
368 401 510 438 diserte
540 399 625 437 sive
658 397 862 437 Suetonius
894 397 976 435 sive
1008 395 1104 434 alius
1147 395 1306 448 quisque
1346 395 1568 443 affirmaret,
1612 406 1699 433 csse
1729 394 1845 432 Diras
1874 405 1897 432 a

266 482 382 521 puero
415 469 600 519 scriptas,
649 466 710 506 vel
751 465 821 505 hoc
865 464 1018 513 saltem,
1049 467 1259 515 permature
1291 461 1470 503 Catonem
1512 464 1689 514 coepisse
1721 463 1755 500 in
1788 463 1896 513 poesi

268 539 476 577 elaborare.
535 536 644 575 Nunc
675 548 782 588 quum
813 533 904 573 nihil
937 533 1117 572 eiusmodi
1148 533 1319 571 traditum
1351 533 1400 571 sit
1430 544 1452 570 a
1482 533 1673 584 quopiam,
1707 543 1752 570 ea
1784 531 1898 570 Diras

266 610 416 654 aetate,
448 617 553 657 quam
585 616 727 643 carmen
760 605 896 654 ipsum,
943 602 1086 640 minime
1116 602 1363 649 immaturum,
1395 600 1583 651 postulat,
1615 601 1778 651 scriptas
1809 611 1899 638 esse

266 676 498 726 putabimus:
538 675 570 713 si
602 686 673 713 non
705 686 726 712 a
760 674 862 721 viro,
903 675 1004 710 certe
1036 671 1082 708 ab
1115 672 1253 709 iuvene
1285 669 1380 708 satis
1413 672 1551 708 matura
1582 674 1719 709 aetate.
1779 669 1897 715 Tum,

266 745 361 797 quod
399 747 485 783 ante
527 744 639 782 Diras
677 743 907 792 scripserat,
948 743 987 779 ut
1027 751 1077 778 ex
1107 739 1201 790 ipsis
1232 738 1337 777 Diris
1369 742 1539 784 constat,
1583 741 1748 786 cognato
1779 749 1899 786 argu-

263 817 386 853 mento
419 826 537 865 opus,
581 813 627 851 de
665 812 865 849 amissione
904 809 1010 858 agri,
1049 808 1096 847 de
1136 821 1208 860 quo
1240 819 1357 858 opere
1388 807 1513 858 paullo
1545 811 1634 857 post
1665 807 1832 853 dicetur,
1862 809 1901 845 et

264 895 359 934 quos
389 885 475 921 ante
508 882 642 926 Diras,
684 882 722 919 et
759 881 845 917 ante
877 878 1111 916 amissionem
1142 877 1253 926 agri,
1298 889 1319 914 a
1350 888 1393 914 se
1425 876 1592 926 scriptos
1624 875 1783 914 libellos
1815 875 1900 926 ipse

264 951 367 989 Diris
398 964 437 989 v.
470 954 535 988 26.
568 951 751 997 testatur,
792 959 875 985 num
914 945 1011 984 haec
1050 947 1169 984 omnia
1198 947 1304 984 fuere
1334 945 1491 996 puerilis
1523 945 1666 994 ingenii
1698 945 1800 983 fetus
1830 944 1900 982 im-

265 1014 431 1059 maturi?

350 1088 429 1133 At,
475 1086 662 1138 inquiunt,
706 1085 867 1123 testatur
897 1086 1016 1122 tamen
1049 1082 1276 1131 Suetonius,
1324 1082 1517 1136 pupillum
1549 1082 1667 1120 fuisse
1698 1080 1901 1130 Catonem,

267 1169 373 1208 quum
407 1158 611 1194 exueretur
641 1152 876 1204 patrimonio.
936 1151 1042 1190 Itane
1075 1163 1167 1189 vero
1180 1148 1198 1190 ’ἒ
1255 1151 1340 1200 Ego
1380 1164 1485 1202 quum
1519 1152 1667 1201 primum
1700 1150 1902 1198 diligenter

268 1227 448 1263 excutere
480 1223 600 1261 verba
638 1222 810 1260 Suetonii
850 1221 980 1271 coepi,
1020 1219 1118 1258 illico
1157 1219 1428 1268 animadverti,
1470 1231 1587 1270 posse
1625 1219 1768 1271 quidem
1801 1218 1902 1257 Sue-

266 1294 402 1331 tonium
428 1304 508 1331 eum
533 1293 567 1329 in
592 1303 741 1329 sensum
765 1291 904 1340 accipi,
940 1289 1079 1327 dehere
1104 1301 1175 1327 non
1201 1289 1339 1327 itidem.
1400 1288 1528 1328 Locus
1554 1287 1616 1326 1110
1636 1291 1717 1326 est:
1749 1289 1902 1339 ipse-

267 1364 472 1413 z'nqemmm
504 1374 549 1399 se
579 1366 711 1398 natum
743 1362 824 1406 ait,
856 1364 893 1397 et
922 1357 1115 1411 pupillum
1145 1357 1346 1406 relietum,
1380 1371 1505 1411 eoque
1533 1356 1706 1409 facilius
1738 1357 1904 1395 lieentia

268 1431 429 1471 Sullani
458 1430 644 1481 temporis
676 1434 832 1467 exulum
871 1428 1124 1479 patrimonio.
1193 1426 1276 1464 Duo
1317 1430 1405 1464 sunt
1446 1438 1542 1478 quae
1580 1425 1689 1464 dicit:
1730 1426 1902 1476 primum,

269 1501 364 1552 quod
397 1498 560 1549 pupillus
593 1497 745 1535 relictus
777 1496 890 1534 suerit
920 1508 941 1534 a
972 1498 1103 1546 patre,
1149 1507 1317 1534 caussam
1357 1496 1475 1533 fuisse
1507 1506 1570 1533 cur
1602 1497 1802 1533 exueretur
1832 1506 1903 1544 pa-

270 1569 464 1617 trimoni03
510 1566 686 1614 alterum,
728 1571 878 1603 exutum
919 1577 1008 1603 esse
1053 1564 1275 1615 patrimonio
1316 1563 1469 1602 licentia
1518 1562 1662 1601 Sullani
1714 1563 1905 1612 temporis.

271 1636 451 1686 pupillum
492 1636 634 1682 fuisse,
675 1647 782 1686 quum
821 1636 1050 1681 exueretur,
1093 1645 1163 1670 11011
1205 1632 1308 1670 dicit.
1371 1633 1456 1671 Hoc
1496 1632 1529 1669 si
1562 1631 1689 1670 dicere
1720 1630 1908 1669 voluisset

273 1705 498 1752 Suetonius,
531 1705 696 1741 sortasse
727 1702 906 1740 disertius
939 1704 976 1740 et
1007 1701 1213 1752 simplicius
1244 1701 1433 1749 dixisset,
1472 1712 1543 1738 non
1576 1699 1646 1737 hac
1676 1699 1906 1751 loquutione,

272 1788 316 1815 eo
347 1774 545 1826 similius,
580 1783 673 1823 quae
705 1770 869 1823 loquutio
902 1774 1030 1809 natura
1062 1783 1129 1808 sua
1160 1769 1231 1808 hoc
1263 1769 1399 1818 habet,
1432 1773 1471 1808 ut
1502 1769 1622 1817 magis
1654 1780 1811 1806 caussas
1843 1780 1908 1805 re-

273 1845 451 1881 motiores
482 1853 587 1893 quam
614 1841 805 1890 proximas
837 1839 989 1877 indicet.
1050 1838 1181 1877 Veluti
1203 1838 1259 1876 sic
1278 1838 1487 1888 scripturus
1514 1837 1671 1875 fuisset:
1705 1838 1909 1887 inssenuum

275 1926 321 1951 se
350 1917 481 1949 vatam
512 1911 594 1957 αι’ΐ,
637 1916 674 1947 et
715 1922 828 1960 (sunm
865 1907 1048 1960 pupillus
1091 1907 1256 1946 relictus
1303 1913 1436 1955 esset,
1481 1912 1637 1945 exutum
1672 1906 1911 1958 patrimonio

274 1981 437 2019 lieenlia
467 1979 510 2018 S.
543 1984 571 2016 t.
603 1976 666 2015 vel
699 1977 778 2015 sic:
819 1975 894 2014 sed
933 1975 1126 2028 pupillum
1158 1976 1356 2023 relictum,
1399 1981 1634 2029 eoeulumque
1669 1975 1910 2026 patrimonio

275 2052 302 2088 I.
329 2049 373 2088 S.
396 2054 424 2087 t.
485 2046 724 2085 Observetur
755 2044 878 2083 obiter
910 2044 1021 2083 latine
1054 2044 1188 2083 dictum
1217 2044 1410 2097 pupillum
1441 2044 1631 2083 rellelum.
1690 2042 1772 2081 Nos
1803 2042 1913 2081 aliter

276 2118 457 2162 solemus,
492 2118 530 2154 ut
560 2115 694 2153 fortius
725 2113 930 2152 inculcetur
961 2114 1061 2151 notio
1083 2113 1222 2163 patris:
1254 2123 1294 2149 er
1325 2110 1428 2149 hatte
1460 2109 1543 2149 truh
1576 2111 1645 2148 den
1669 2110 1789 2150 Vater
1820 2122 1911 2148 ver-

279 2187 397 2225 loren.
457 2184 611 2223 Plenius
642 2182 848 2222 Suetonius
880 2183 914 2220 111
946 2181 1037 2220 Vita
1054 2181 1199 2219 Persii:
1234 2180 1361 2219 Pater
1391 2181 1478 2218 eius
1512 2179 1687 2218 Flaccus
1717 2179 1914 2232 pupillum

280 2257 443 2309 reliquit
473 2255 665 2301 moriens,
698 2264 885 2290 annornm
914 2252 1002 2302 fere
1032 2263 1119 2289 sex.
1182 2249 1258 2288 Sed
1292 2248 1420 2287 eadem
1451 2247 1642 2286 brevitate
1674 2247 1736 2286 illa
1767 2247 1843 2296 alii,
1874 2250 1914 2286 ut

283 2324 418 2365 Cicero
450 2323 556 2360 Brut.
582 2334 666 2358 mx.
713 2320 906 2359 Similiter
936 2321 1060 2370 iyitm·
1090 2319 1281 2369 suspicor
1307 2338 1359 2344 —
1385 2317 1598 2364 Curionis,
1630 2319 1710 2355 etsi
1730 2316 1911 2370 pupillus

283 2393 447 2433 relictus
479 2396 541 2430 est
581 2392 654 2428 etc.

368 2460 498 2512 Itaque
529 2459 575 2496 de
607 2457 789 2497 Suetonio
821 2457 943 2495 securi
977 2458 1032 2495 tot
1061 2467 1179 2493 annos
1211 2453 1373 2502 Catoni,
1406 2457 1492 2492 ante
1523 2454 1758 2493 amissionem
1792 2454 1913 2504 patri-

284 2530 415 2579 monii,
447 2529 594 2575 damus,
636 2529 725 2577 quot
754 2537 977 2564 assuescere
1007 2536 1102 2573 agro
1133 2536 1222 2572 suo,
1267 2522 1488 2574 puellaeque
1519 2534 1635 2570 suae,
1678 2525 1715 2561 et
1754 2521 1916 2560 earmina

286 2602 411 2640 facere
449 2599 605 2647 utroque
643 2606 765 2633 amore
803 2593 914 2644 plena
953 2592 1128 2643 potuerit.
1191 2592 1330 2630 Amare
1369 2595 1489 2630 autem
1521 2591 1676 2641 Lydiam
1708 2599 1810 2629 certe
1841 2602 1914 2629 11011

287 2672 373 2708 ante
404 2668 555 2704 sumtam
587 2666 716 2712 togam
747 2661 889 2700 virilem
922 2662 1069 2712 coepit,
1103 2659 1164 2698 vel
1198 2661 1322 2711 potius
1355 2659 1478 2712 aliquo
1510 2662 1678 2710 tempore
1701 2663 1786 2709 post
1810 2672 1914 2697 sum—

288 2740 360 2776 tam
392 2738 516 2786 togam
548 2731 703 2770 virilem.
765 2729 871 2783 Quod
905 2731 998 2768 enim
1030 2729 1228 2779 Propertio
1260 2729 1418 2778 accidit,
1461 2741 1565 2781 quem
1596 2728 1713 2765 virum
1744 2726 1916 2776 Lycinna

289 2807 402 2855 fecit,
433 2804 467 2842 id
499 2813 570 2840 non
601 2799 787 2838 accidisse
818 2798 982 2848 Catoni,
1026 2797 1093 2836 sed
1126 2800 1268 2848 captam
1299 2798 1347 2836 ab
1379 2798 1464 2848 ipso
1495 2795 1650 2846 Lydiam
1681 2807 1791 2842 esse,
1824 2808 1916 2834 sua-

291 2874 380 2913 dent
409 2883 545 2911 versus
575 2868 744 2917 Eclogae
766 2870 832 2905 53.
862 2866 995 2917 (156.)
1025 2878 1109 2918 sqq.
1170 2865 1252 2919 Quo
1283 2866 1381 2905 redit
1410 2865 1612 2916 disputatio
1643 2866 1772 2902 nostra
1801 2877 1916 2914 supra

291 2942 338 2981 de
367 2941 474 2980 annis
505 2938 674 2979 Catonis.
735 2934 851 2984 Mihi,
892 2935 925 2973 si
964 2934 1048 2986 quid
1080 2947 1129 2972 ex
1160 2933 1218 2973 his
1249 2935 1451 2985 poematis,
1498 2944 1591 2985 quae
1622 2935 1774 2971 servata
1805 2940 1913 2983 sunt,

292 3009 523 3048 iudicandum
554 3008 634 3054 est,
669 3005 784 3044 Dirae
814 3006 960 3055 poetam
991 3002 1152 3055 prodere
1185 3004 1360 3044 videntur
1390 3002 1576 3043 tricesimo
1605 3012 1710 3053 quam
1735 3002 1916 3041 vicesimo
