2006 3365
271 149 373 195 366
863 144 1227 185 DISSERTATIO
1259 145 1327 184 IV.

272 267 310 301 2.
345 262 397 301 10.
430 260 505 300 Aa.
538 264 611 299 etc.
645 262 679 299 in
710 259 921 298 Secundam
953 259 1109 308 Virgilii
1142 260 1447 310 impressionem,
1491 262 1535 299 ad
1578 262 1819 313 Pomponium
1852 262 1909 300 in-

271 333 493 370 fortunatum
517 330 614 367 l‘uum
640 341 649 366 ε
682 327 813 380 Elstag
840 329 1075 380 (Hucusque
1107 327 1302 378 epistolam
1328 327 1534 366 clauseram
1552 351 1604 358 —-
1622 329 1817 368 sedulitate
1850 336 1912 368 tua

270 399 437 437 effecisti.
479 396 631 448 Valeg)
694 403 731 436 3.
765 397 809 436 P.
843 397 997 446 Virgilii
1031 397 1200 435 Maronis
1238 397 1329 434 vita.
1376 395 1593 446 (Virgilius
1634 398 1767 437 Maro:
1802 402 1911 436 natus

270 467 399 506 Idibus
429 466 599 504 octobris
617 469 690 504 etc.
723 467 757 504 in
791 466 861 504 sine
892 468 951 504 est
982 465 1238 516 epigramma:
1273 465 1429 503 Mantua
1461 478 1516 504 mc
1537 468 1909 517 genuit—pascua:

269 547 379 573 rura:
412 534 570 584 duces.)
635 538 671 573 -1,
697 534 873 573 Alcinius
901 538 1041 585 poeta:
1076 534 1122 572 de
1149 533 1256 571 laude
1278 533 1430 584 Virgilii
1457 533 1541 582 (De
1559 547 1707 573 numero
1726 538 1908 573 uatum—

268 604 419 655 quisquc
449 603 632 641 secundus
665 604 779 654 erit.)
841 608 879 642 5.
914 603 1116 643 Cornelius
1145 602 1276 641 Gallus
1304 605 1443 652 poeta:
1477 604 1523 641 de
1547 604 1718 641 Aeneide
1738 604 1909 651 Virgilii.

269 671 552 721 (Temporibus
584 671 914 710 laetis—caeesaris
930 685 993 710 ora
1013 672 1121 719 dei.)
1185 675 1221 707 (ἰ.
1257 670 1297 708 Ρ.
1333 671 1488 719 Virgilii
1525 671 1909 710 Maronisllortnlus.

268 740 449 785 (Adeste
481 753 595 779 musa}
627 743 785 779 maxumi
818 741 945 791 proles
976 740 1149 778 Jouis—
1182 739 1402 777 multiforme
1432 740 1640 787 gaudium.)
1706 742 1741 778 ἶ.
1775 741 1909 788 Argu-

264 815 387 847 menta
403 809 479 848 ΧΠ
498 809 672 848 librorum
690 810 899 849 Aeneidos.
933 808 1108 857 (Aeolus
1141 809 1299 847 immittIt
1333 813 1468 846 uentos
1500 810 1635 847 iunone
1665 813 1908 859 precante—

264 879 445 917 Palantca
477 890 604 917 necem
636 879 773 917 misero
806 879 895 917 dant
927 877 1078 927 cingula
1110 879 1252 926 turno.)
1316 883 1353 915 S.
1389 877 1431 915 Ρ.
1465 877 1618 925 Virgilii
1637 877 1808 916 Maronis
1826 876 1908 917 Cu-

264 947 359 986 lex:
393 947 437 985 ad
471 946 678 986 Octauium.
740 951 777 986 9.
812 947 856 985 Ρ.
888 947 1040 995 Virgilii
1070 947 1261 984 Maronis:
1296 946 1407 992 Dirc,
1440 946 1539 984 idest
1571 957 1715 983 carmen
1748 957 1910 984 execra-

264 1017 422 1055 torium:
456 1017 500 1054 ad
534 1017 737 1054 Battarum.
803 1019 866 1054 lo.
900 1016 943 1054 Ρ.
979 1015 1132 1065 Virgilii
1165 1016 1359 1054 Maronis:
1393 1014 1513 1065 Copa.
1579 1017 1642 1052 11.
1675 1015 1719 1053 P.
1754 1013 1908 1061 Virgilii

264 1085 435 1123 Maronis
460 1098 469 1122 ε
504 1086 573 1124 Est
604 1089 636 1124 δι
666 1085 751 1124 Non
785 1088 856 1124 est.
924 1089 985 1123 12.
1020 1086 1061 1124 Ρ.
1086 1085 1239 1133 Virgilii
1259 1084 1456 1123 Maronis:
1490 1083 1561 1121 Vir
1582 1084 1713 1122 bonus.
1780 1087 1840 1123 13.
1864 1084 1906 1122 Ρ.

265 1154 417 1202 Virgilii
451 1153 642 1192 Maronis:
675 1153 800 1192 Rosae.
868 1156 929 1191 14.
962 1154 1006 1191 Ρ.
1040 1154 1089 1191 V.
1113 1153 1303 1191 Maronis:
1338 1153 1538 1192 Moretum.
1603 1155 1666 1190 15.
1688 1153 1729 1191 Ρ.
1748 1151 1907 1201 Virgilii

261 1222 433 1260 Maronis
455 1235 463 1260 :
499 1222 687 1261 Versiculi
710 1223 754 1261 ad
777 1221 979 1262 Caesarem.
998 1222 1056 1260 Dc
1076 1223 1156 1260 eius
1177 1222 1422 1260 deificatione.
1447 1221 1596 1267 (Nocte
1616 1221 1666 1272 pl.
1689 1224 1716 1260 t.
1738 1233 1767 1259 r.
1788 1234 1846 1271 sp.
1861 1235 1906 1258 m.

264 1313 315 1318 —
343 1303 420 1329 cum
452 1291 547 1330 Joue
580 1289 711 1330 Caesar
742 1291 907 1341 babes.)
983 1295 1043 1329 16.
1092 1290 1165 1328 Pro
1209 1290 1380 1328 mercede
1412 1290 1652 1340 suscipienda
1683 1302 1704 1327 a
1737 1290 1906 1329 Caesare.

264 1360 372 1406 (Hos
405 1372 480 1408 ego
523 1360 732 1398 uersiculos
774 1361 846 1399 feci
888 1360 973 1399 tulit
1010 1359 1106 1398 alter
1146 1358 1322 1397 bonorem
1397 1358 1440 1397 S.
1481 1372 1515 1396 u.
1548 1370 1584 1396 n.
1618 1371 1653 1396 u.
1684 1358 1906 1397 mellificatis

262 1442 354 1479 apes
387 1451 438 1456 —
473 1428 610 1466 uellera
644 1429 752 1467 sertis
784 1442 881 1467 oves
913 1451 964 1456 -—
998 1430 1109 1467 sertis
1148 1431 1271 1466 aratra
1302 1428 1422 1466 boues
1455 1450 1507 1454 -—
1540 1428 1740 1466 nidificatis
1771 1428 1904 1476 aues.)

266 1502 328 1536 17.
363 1497 420 1535 De
452 1497 728 1547 pulcln·itudine
772 1496 938 1536 Caesaris
979 1498 1162 1549 Augusti.
1211 1496 1297 1541 (hic
1331 1510 1423 1535 unus
1455 1509 1618 1535 versus:
1656 1497 1778 1535 Natus
1811 1509 1853 1534 es
1884 1510 1905 1533 ο

261 1567 416 1618 pulcher
449 1579 544 1617 pene
575 1566 700 1617 puella
732 1569 858 1617 puer.)
924 1571 987 1606 18.
1021 1567 1064 1605 Ρ.
1091 1566 1248 1615 Virgilii
1272 1566 1476 1604 Maronis:
1509 1566 1547 1604 in
1579 1565 1753 1604 Balil'tam
1785 1564 1903 1603 latro-

261 1648 341 1674 nem
374 1635 575 1673 distichon.
611 1635 763 1678 (Monte
785 1636 847 1673 l'ub
867 1635 939 1673 boc
964 1636 988 1674 l.
1013 1639 1038 1674 t.
1064 1637 1104 1673 Β.
1127 1635 1290 1685 sepultus
1323 1635 1446 1673 Nocte
1467 1647 1476 1672 ε
1509 1635 1569 1672 die
1603 1637 1716 1673 tutum
1750 1645 1783 1672 c.
1802 1648 1835 1672 u.
1858 1635 1902 1681 i.)

267 1709 326 1743 19.
361 1704 507 1742 Versus
531 1704 573 1741 P.
595 1703 717 1742 Ouidii
752 1704 917 1742 Nasonis
951 1705 986 1741 in
1020 1704 1255 1752 Argumenta
1286 1703 1462 1741 librorum
1496 1703 1714 1752 Georgicon
1737 1703 1902 1751 Virgilii.

261 1771 424 1819 (versus
457 1776 643 1824 quatuor:
678 1772 807 1825 Qualis
840 1772 1021 1811 bucolicis
1040 1795 1093 1799 -—-
1118 1772 1206 1820 lege
1239 1773 1399 1810 carmina
1421 1773 1590 1821 nostra.)
1652 1774 1720 1809 2o.
1755 1771 1905 1810 Summa

260 1841 497 1890 Virgilianae
530 1841 754 1879 narrationis
788 1842 822 1879 in
856 1842 975 1879 tribus
1007 1843 1082 1879 suis
1115 1842 1295 1892 oporibus
1330 1842 1544 1891 precipuis;
1579 1839 1800 1887 (Pastorum
1824 1853 1903 1877 mu-

258 1911 329 1948 sam
362 1910 463 1947 uario
498 1931 550 1935 ——-
583 1913 726 1947 moesta
765 1910 829 1947 sub
865 1910 1054 1959 umbras.)
1118 1914 1182 1948 21.
1225 1911 1269 1948 Ρ.
1309 1909 1464 1955 Virgilii
1505 1910 1676 1948 Maronis
1710 1909 1902 1947 Bucolica.

258 1982 323 2017 22.
339 1978 546 2027 Georgica.
610 1982 675 2017 23.
693 1979 850 2015 Aeneis.
896 1979 952 2016 De
972 1980 1203 2028 argunwutis
1224 1979 1266 2017 P.
1281 1978 1407 2016 Ovidii
1423 1978 1607 2023 Nasonis,
1631 1978 1896 2029 quaeGeorgi-

258 2061 379 2086 corum
406 2050 443 2086 et
466 2048 659 2085 Aeneidos
692 2047 800 2085 libris
824 2049 1042 2098 praeposita
1070 2053 1178 2093 sunt.
1199 2050 1362 2085 sortasse
1387 2047 1474 2085 alibi
1495 2048 1665 2085 monebo.
1699 2047 1903 2085 Praeterea

257 2116 463 2165 Georgicis
495 2120 580 2154 octo
602 2116 754 2163 Ovidii,
789 2121 826 2154 ut
858 2117 1100 2166 perhibetur,
1134 2130 1269 2155 versus
1301 2117 1607 2167 praemittuntur,
1640 2128 1790 2167 quorum
1818 2116 1899 2165 pri-

257 2199 358 2223 mus:
393 2185 553 2234 Tityrus
585 2186 729 2233 agresti
764 2187 870 2224 modo
903 2185 1023 2224 lectus
1046 2188 1205 2224 carmine
1227 2186 1353 2231 rurisg
1389 2185 1564 2222 ultimus:
1599 2184 1900 2235 Contineatquae

258 2255 408 2305 (piil'que
442 2253 562 2291 liber:
604 2254 691 2301 lege
730 2256 892 2292 carmina
931 2259 1092 2303 nostra3
1131 2259 1168 2292 et
1198 2254 1360 2292 Aeneidi
1394 2252 1486 2291 baec
1518 2253 1821 2302 praemittuntur:
1857 2252 1898 2290 Ρ.

257 2322 380 2361 Ouidii
405 2322 572 2360 Nasonis
604 2323 755 2359 metrica
786 2324 970 2372 praefatio
999 2324 1034 2360 in
1054 2323 1290 2371 Argumenta
1314 2321 1488 2359 librorum
1511 2322 1702 2359 Aeneidos
1718 2322 1758 2360 1).
1775 2321 1822 2358 V.
1845 2322 1898 2360 M.

258 2390 479 2439 (Virgilius
519 2404 654 2439 magno
695 2397 868 2442 quantum
909 2393 1100 2429 concessit
1141 2391 1304 2428 llomero
1340 2411 1390 2416 —-
1424 2389 1574 2427 Liuoris
1613 2390 1755 2428 titulum
1796 2403 1897 2440 prae-

255 2461 433 2511 posuisse
464 2460 579 2507 tibig)
616 2460 656 2497 P.
681 2459 727 2498 O.
750 2459 798 2497 N.
833 2459 1103 2508 Argumentum
1136 2461 1170 2497 in
1204 2464 1318 2497 totum
1351 2471 1446 2507 opus
1480 2459 1674 2496 Aeneidos
1708 2459 1749 2496 Ρ.
1772 2458 1818 2496 V.
1838 2459 1894 2497 Μ.

257 2529 424 2576 (versus
469 2528 692 2566 duodecim:
738 2529 880 2566 Primus
915 2528 1028 2566 babet
1060 2528 1221 2578 libycam
1257 2549 1307 2554 -—
1341 2528 1458 2565 'l’m‘ni
1490 2539 1561 2565 nec
1592 2528 1747 2576 finemg)
1810 2527 1893 2565 De-

254 2599 365 2650 nique
398 2610 533 2635 versus
564 2601 751 2648 quatuor:
786 2597 854 2635 llle
886 2610 960 2645 ego
995 2598 1053 2649 qui
1087 2597 1265 2648 (luondam
1288 2617 1342 2621 —-
1366 2598 1419 2634 At
1451 2609 1544 2634 nunc
1577 2596 1767 2634 horrentia
1798 2608 1892 2634 mar-

254 2668 324 2710 tis,
358 2667 517 2704 seiuncti
549 2678 570 2703 a
600 2665 774 2717 reliquis,
810 2671 847 2704 et
869 2667 973 2703 initio
991 2667 1187 2705 Aeneidos
1221 2667 1294 2716 ipsi
1329 2667 1537 2716 praepositi
1569 2668 1681 2714 sunt,
1714 2679 1791 2704 cum
1823 2664 1894 2704 hae

254 2736 529 2785 inscriptione:
563 2734 735 2774 Carmina
767 2735 810 2772 P.
845 2734 893 2772 V.
927 2734 981 2772 M.
1014 2736 1198 2785 principio
1230 2735 1428 2773 Aeneidos
1460 2747 1527 2785 per
1555 2734 1690 2773 Varum
1723 2739 1754 2774 ἀ
1785 2735 1892 2773 Tuc-

255 2815 330 2841 cam
363 2804 543 2842 ‹letracta.
618 2805 684 2840 24.
725 2802 864 2854 Incipit
902 2804 1176 2852 Argumentum
1215 2805 1248 2841 in
1289 2804 1640 2842 Tertiumdecimum
1670 2817 1692 2842 a
1722 2803 1890 2854 Mapbeo

253 2872 382 2920 Vegio
422 2873 672 2923 l‘uffadditum.
721 2871 886 2919 (versus
927 2875 1028 2910 tres:
1076 2873 1222 2911 Victori
1264 2872 1407 2911 Aeneae
1447 2873 1573 2911 subdit
1604 2874 1888 2921 l'e—regnat:

254 2942 326 2977 tum
359 2941 476 2979 sidera
509 2942 660 2979 scandit.
721 2940 815 2979 Tum
847 2942 1014 2992 sequitur
1046 2940 1140 2979 liber
1173 2942 1328 2993 Maphei
1361 2943 1475 2992 ipse:
1506 2941 1655 2980 Turnus
1687 2944 1725 2979 ut
1756 2945 1888 2980 extre-

254 3020 309 3045 mo
329 3029 377 3035 —
393 3009 600 3058 indigetem
632 3010 820 3060 appellat:
842 3009 1068 3061 templisque
1088 3010 1242 3060 imponit
1265 3010 1450 3049 bonorem.
1467 3012 1481 3059 j>
1544 3012 1609 3048 25.
1642 3009 1700 3048 De
1720 3012 1887 3048 extrema
