2006 3365
482 178 536 217 IN
567 179 787 219 VALERH
817 178 1054 220 CATONIS
1085 179 1355 220 ECLOGAM.
1638 181 1731 224 171

103 305 140 330 v.
175 295 240 330 41.
294 292 415 331 Luna
444 299 515 332 {mc
546 296 576 332 it
606 302 729 334 tecum
760 295 929 341 coniicit,
968 295 1035 333 sed
1074 308 1153 333 eum
1184 308 1336 334 versum
1367 298 1456 346 post
1485 306 1636 332 versum
1669 294 1736 329 44.

102 361 237 411 (147.)
269 362 358 410 poni
389 360 541 400 mavult.
601 361 803 401 Putschius
835 363 1006 401 similiter
1036 363 1370 413 interrogationem
1404 375 1538 401 versus
1570 366 1636 400 38.
1670 373 1736 399 us-

100 441 172 480 que
201 429 246 467 ad
280 442 427 467 versum
462 433 526 467 ⁴0.
570 431 760 476 extendit,
804 434 842 469 ut
874 431 945 469 sit:
991 444 1063 469 eur
1102 445 1172 482 eqo
1201 434 1338 484 patior
1369 433 1562 479 dolorem,
1595 430 1737 469 sidera

100 511 216 550 quum
248 498 433 545 redeunt,
478 498 603 552 Inque
632 501 778 546 ricem,
821 498 980 538 Phoebe
1009 497 1254 538 aecurrunt?
1292 500 1385 538 Tum
1418 501 1568 551 pergit:
1610 500 1737 552 Atqui

97 580 247 605 aureus
278 566 409 614 orbis,
445 566 586 615 Imm,
630 570 688 606 lui
716 574 841 606 tecum
871 574 961 605 est:
1002 568 1209 617 significari
1240 568 1368 607 Lunae
1398 569 1573 606 amasium
1604 580 1735 620 quem-

96 635 177 672 dam
210 635 306 673 inter
337 635 463 673 sidera
494 636 658 675 relatum.

179 772 230 811 V.
243 775 307 809 42·
322 770 416 819 (14
398 789 435 810 οι)
441 773 455 821 )
488 781 616 815 LUNA
637 781 793 814 DOLOR
813 781 953 814 NOSTI
972 781 1084 823 Q[ID
1109 780 1204 814 SIT:
1225 780 1466 814 MISERERE
1485 781 1732 815 DOLENTlS.

178 840 299 880 Luna
332 838 462 893 dolor]
496 842 545 879 ita
577 841 688 891 lego.

322 910 464 957 Luna,
498 910 611 949 dolor
641 912 749 948 nosti
781 909 878 963 quid
909 911 978 948 sic.
1019 912 1210 949 miserere
1241 910 1428 949 dolentis.

320 978 500 1026 Phoebe,
533 991 649 1029 ρει-εδ·
681 981 721 1016 in
751 984 790 1017 te
821 978 989 1017 laurus:
1023 978 1245 1017 celebrabis
1278 991 1456 1017 amorem.

319 1047 375 1086 Et
407 1061 515 1100 quem
543 1059 690 1100 pompa
721 1047 873 1095 Deum,
906 1060 982 1086 non
1014 1049 1136 1087 siluis
1166 1049 1283 1100 fama
1315 1052 1488 1100 sequuta
1519 1053 1606 1096 est,

319 1114 485 1164 Omnia,
520 1129 592 1154 uos
623 1122 776 1164 testes,
809 1129 940 1155 seeum
972 1130 1050 1155 sua
1079 1116 1236 1168 quadiu
1266 1122 1416 1168 qesta!-

89 1183 150 1222 De
181 1183 284 1222 Luna
315 1184 493 1234 primum:
528 1183 686 1222 historia
718 1185 974 1234 Endymionis.
1032 1185 1207 1223 Deinde:
1240 1198 1261 1223 o
1295 1185 1451 1224 Phoebe
1482 1185 1731 1237 quotiescun-

89 1265 161 1304 que
192 1251 351 1291 lauream
382 1253 581 1302 gestabis,
624 1252 839 1292 celebrabis
879 1266 1038 1292 amorem
1071 1258 1167 1293 tuum
1199 1256 1235 1292 in
1266 1253 1467 1304 Daphnen.
1529 1253 1599 1306 Qui
1631 1265 1732 1292 amor

89 1325 196 1366 tuus,
237 1334 343 1374 quum
376 1322 410 1359 in
444 1334 577 1372 pompa
612 1322 771 1360 Deorum
805 1321 1043 1372 celebretur,
1085 1335 1208 1375 neque
1250 1327 1388 1361 tantum
1420 1323 1456 1361 in
1489 1323 1598 1361 siluis
1630 1324 1731 1361 fama

88 1393 200 1427 notus
231 1390 283 1428 sit
315 1388 414 1434 (nam
447 1402 518 1427 non
551 1389 669 1428 solum
696 1390 815 1428 siluae
842 1390 933 1429 lauri
956 1393 1110 1440 extant,
1144 1403 1239 1443 quae
1268 1395 1354 1430 sunt
1377 1391 1600 1430 monimenta
1623 1404 1730 1429 amo-

87 1459 141 1496 ris
173 1458 319 1497 Phoebi
350 1458 386 1496 in
420 1458 628 1509 Daphnen:
670 1459 737 1497 sed
772 1461 880 1497 etiam
913 1459 1076 1498 Deorum
1117 1472 1264 1512 quoque
1304 1472 1487 1510 pompae,
1532 1462 1570 1498 et
1601 1461 1730 1498 victo-

89 1529 188 1571 riae,
225 1529 262 1565 et
292 1539 439 1576 agones
471 1527 541 1565 hac
572 1527 707 1565 arbore
739 1528 1011 1578 insigniuntur)
1044 1527 1135 1577 Ille,
1168 1529 1338 1579 inquam,
1371 1541 1471 1566 amor
1497 1541 1564 1579 pro
1591 1529 1730 1566 amissa

88 1596 259 1648 potiundi
291 1608 361 1646 spe
393 1595 465 1634 hoc
496 1608 632 1644 magno
664 1595 799 1634 solatio
831 1597 987 1645 fruitur,
1031 1609 1137 1648 quum
1176 1597 1314 1648 ubique
1352 1596 1516 1635 locorum
1557 1597 1733 1648 inspersa

89 1665 195 1704 videt
224 1664 317 1703 lauri
349 1677 521 1713 nemora,
554 1668 591 1703 ct
622 1664 740 1702 lucos.
781 1664 922 1703 Melius
954 1665 988 1703 in
1020 1667 1238 1715 praesentia
1260 1667 1486 1705 comminisci
1512 1678 1583 1704 non
1607 1666 1731 1716 potui,

88 1735 149 1785 qui
183 1734 268 1772 huie
299 1734 568 1772 obscurissimo
601 1732 684 1772 loco
717 1733 834 1771 lucem
866 1734 1060 1772 adferrem.
1122 1734 1272 1773 Interea
1305 1735 1544 1774 eruditiorum
1575 1735 1734 1788 quisque

87 1815 155 1854 pro
187 1815 254 1841 sua
285 1803 394 1853 copia
424 1801 633 1852 symbolmu
664 1803 699 1840 in
734 1802 831 1840 illum
869 1805 1051 1841 conferat.
1119 1812 1366 1846 SCALxGER,

173 1871 383 1910 verissime
416 1870 595 1919 Scaliger
627 1871 672 1909 de
704 1871 938 1921 Endymione
968 1873 1031 1923 agi
1063 1871 1135 1911 hoc
1170 1885 1284 1910 versu
1318 1875 1384 1910 42.
1417 1875 1554 1912 monet.
1592 1872 1734 1922 Nobis,

87 1940 148 1992 qui
181 1941 289 1978 etiam
322 1952 436 1978 versu
468 1940 644 1990 praeced.
677 1940 723 1978 de
754 1940 990 1990 Endymione
1031 1953 1235 1978 sermonem
1279 1954 1366 1980 esse
1404 1942 1618 1989 docuimus,
1659 1953 1732 1979 non

89 2009 399 2059 praetereundum
440 2013 521 2057 est,
565 2021 669 2060 quam
714 2009 884 2046 suaviter
923 2010 1145 2047 sententiam
1187 2007 1284 2049 Cato
1325 2011 1546 2048 variaverit.
1609 2010 1732 2048 PrImo

89 2078 227 2115 iniuste
259 2077 338 2115 lieri
371 2078 632 2128 conqueritur,
665 2077 762 2129 quod
794 2089 901 2128 quum
933 2076 1037 2115 {mna
1067 2090 1192 2115 secum
1224 2091 1327 2116 suum
1356 2078 1513 2127 haheat,
1546 2079 1630 2129 ipse
1659 2091 1731 2117 non

89 2144 230 2184 habeat
259 2158 374 2183 suam.
437 2145 584 2183 Deinde
614 2145 907 2184 misericordiam
940 2145 1111 2196 implorat
1143 2145 1289 2185 Lunae:
1322 2151 1359 2186 tu
1392 2159 1540 2200 quoque
1572 2151 1733 2198 experta

89 2227 132 2253 es
164 2226 272 2252 curas
305 2215 461 2260 amoris,
495 2226 540 2252 ae
570 2213 757 2263 dolorem,
798 2227 905 2266 quum
937 2227 1010 2253 non
1051 2227 1201 2265 semper
1234 2216 1302 2254 tihi
1336 2215 1508 2255 habitare
1540 2228 1618 2255 cum
1649 2217 1731 2255 En-

89 2283 266 2333 dymione
296 2282 430 2332 liceat3
464 2295 559 2331 ergo
590 2284 768 2321 miserere
800 2283 976 2322 dolentis.
1037 2284 1249 2334 Aptissime
1289 2285 1424 2323 omnia.
1486 2284 1601 2338 Quem
1636 2286 1731 2324 enim

90 2352 217 2400 deum,
239 2354 302 2389 aut
325 2364 430 2403 quam
457 2351 586 2400 deam,
614 2353 717 2401 prius
736 2352 887 2390 invocet
906 2351 1110 2391 lamentans
1135 2356 1348 2392 nocturnam
1366 2353 1606 2392 solitudinem
1627 2366 1730 2392 ama-

89 2424 169 2470 tor,
202 2432 307 2472 quam
338 2416 502 2459 Lunam?
617 2420 743 2459 Dictio
764 2420 895 2458 similis
914 2419 1108 2460 Claudiani
1133 2425 1211 2467 est,
1236 2422 1282 2460 de
1303 2422 1430 2473 Raptu
1454 2423 1516 2461 Pr.
1544 2423 1615 2461 lll.
1634 2424 1729 2462 307.

771 2491 870 2528 nosti
902 2491 987 2542 quid
1021 2492 1071 2529 sit
1101 2490 1261 2541 Lucina,
1297 2493 1388 2546 quis
1420 2492 1560 2531 horror

432 2557 514 2596 Pro
545 2560 717 2608 qenins,
750 2566 788 2598 et
820 2566 996 2613 quantus
1029 2573 1152 2598 amor.

90 2625 163 2665 hoc
200 2628 279 2669 est.
322 2630 359 2664 tu
399 2638 545 2678 quoque
586 2631 744 2678 experta
782 2627 954 2666 Lucinam
995 2641 1049 2667 es.
1113 2629 1179 2668 Sic
1219 2629 1461 2680 accipiendus
1503 2629 1610 2668 locus
1642 2628 1726 2672 ille,

90 2707 163 2734 non
195 2698 234 2734 ut
265 2695 474 2734 Gesnerus.
590 2698 777 2736 miserere
809 2698 991 2737 ardentis
1026 2697 1186 2737 Ovidius
1219 2698 1374 2737 Metam.
1405 2697 1515 2736 xlv.
1549 2702 1643 2736 691.

174 2764 308 2815 Inepte
340 2763 447 2812 olim,
490 2762 525 2801 h.
561 2776 594 2802 e.
634 2766 669 2803 in
702 2766 902 2815 Romanis,
942 2766 1104 2805 Venetis
1142 2767 1282 2805 Achat.
1323 2767 1423 2806 Rub.
1456 2767 1558 2805 lens.
1590 2766 1730 2805 Mutin.

93 2834 242 2873 Vicent.
275 2833 383 2883 aliis,
416 2834 525 2871 etiam
558 2835 854 2884 recentioribus,
886 2838 926 2874 ut
957 2835 1078 2884 Lugd.
1118 2839 1236 2875 1529.
1271 2836 1598 2885 distinguebatur:

772 2917 842 2943 ectr
871 2917 946 2944 non
976 2911 1041 2944 est
1064 2910 1103 2944 et
1133 2919 1218 2945 mea
1247 2918 1392 2945 mecum

321 2967 467 3010 Lana?

93 3039 201 3093 Quod
232 3041 500 3092 interpretatur
531 3039 699 3078 Badius:
731 3053 817 3080 mea
847 3042 956 3081 luna.
990 3044 1016 3080 ἰ.
1047 3044 1180 3082 amica
1210 3054 1308 3081 mea.
1348 3040 1487 3080 Veram
1512 3041 1728 3082 distinctio-
