2006 3365
643 159 909 201 RECENSIO
941 159 1231 201 LIBRORUM.
1650 165 1748 211 381

117 276 335 324 occupatam
366 274 401 312 in
433 275 560 325 spisso
592 274 738 314 Nicolai
770 275 911 326 Lyrani
944 288 1060 326 opere
1100 277 1219 314 l'uisse
1257 275 1452 326 probabile
1489 278 1575 321 est,
1608 276 1750 328 depro-

116 346 281 393 peratum
315 355 403 381 esse
436 342 657 393 Virgilium3
688 344 800 382 multo
832 345 953 393 magis
986 344 1164 383 credibile
1196 349 1280 393 est,
1314 347 1446 384 factam
1478 358 1566 384 esse
1596 346 1750 395 Virgilii

115 412 314 449 editionem
345 415 432 450 ante
465 414 615 462 primum
648 413 819 451 volumen
851 412 998 451 Nicolai
1032 412 1078 450 de
1111 413 1235 463 Lyra,
1270 413 1365 465 quod
1395 414 1453 451 die
1478 418 1539 452 13.
1564 414 1750 452 Novcmb.

122 484 238 519 1⁴71.
269 480 478 519 absolutum
511 494 599 519 esse
631 483 792 520 constat.
861 480 996 519 Altera
1035 485 1164 531 parte,
1206 483 1398 533 quominus
1438 482 1482 520 ad
1523 483 1625 520 initia
1664 482 1749 520 anni

121 551 240 587 ΗΠ.
271 553 334 588 aut
364 550 408 587 ad
441 562 571 587 annum
599 551 718 588 1470.
752 551 953 587 reseramus
985 548 1212 597 Virgilium,
1245 550 1372 588 obstat
1406 552 1600 589 verissima
1632 551 1751 589 Lairii

115 618 368 656 observatio:
416 631 522 669 quum
562 619 657 669 apud
705 617 870 656 Paullum
903 616 951 657 lI.
993 616 1087 654 male
1125 620 1311 667 exceptus
1353 619 1464 657 suerit
1503 619 1750 669 Pomponius,

116 698 188 724 non
229 687 347 724 fuisse
394 685 448 726 lo.
482 687 670 725 Andream
710 687 937 735 Episcopum
975 684 1214 723 Aleriensem
1255 686 1350 723 adeo
1396 687 1667 736 impudentem,
1714 691 1752 726 ut

115 754 246 793 Paullo
286 754 408 793 adhue
449 756 603 793 vivente
644 765 866 792 communem
906 754 966 791 uni
1016 756 1053 792 et
1091 753 1199 791 alteri
1245 753 1512 793 dedicatoriam
1555 756 1752 806 epistolam

115 825 227 862 tronti
274 823 508 871 Virgilianae
552 823 725 861 editionis
766 822 1009 872 praefigeret.
1085 821 1190 860 Haec
1236 823 1353 870 igitur
1392 822 1614 861 observatio
1655 823 1752 875 apud

115 891 272 930 Lairimn
306 892 392 930 illud
426 892 631 936 efficiebat,
674 895 713 929 ut
743 891 787 928 ad
819 902 951 928 annum
994 894 1114 929 1472.
1158 890 1376 929 detruderet
1415 891 1642 940 Virgilium:
1683 904 1753 931 nos

115 965 252 999 tantmn
285 963 317 1000 ei
351 962 565 1007 tribuimus,
600 959 852 1009 utVirgilium
884 966 947 998 aut
979 963 1113 1007 totum,
1147 962 1211 997 aut
1242 962 1382 1010 partem
1409 961 1488 998 eius
1511 964 1750 1010 postremam,

113 1034 178 1068 aut
223 1030 352 1068 saltem
394 1028 597 1079 Epistolam
637 1029 818 1079 Episcopi
858 1027 1076 1066 Aleriensis
1119 1031 1206 1079 post
1244 1029 1278 1067 d.
1323 1030 1485 1080 quintum
1532 1028 1613 1068 Cal.
1643 1030 1752 1078 Aug.

120 1103 236 1137 1471.
270 1100 486 1149 impressam
519 1110 608 1136 esse
639 1109 871 1136 censeamus.
942 1097 1034 1135 Nam
1067 1110 1111 1135 eo
1144 1097 1204 1135 die
1236 1102 1400 1136 mortuus
1433 1101 1492 1136 est
1524 1098 1676 1136 Paullus
1701 1097 1751 1136 II.

113 1167 243 1219 Atque
282 1168 337 1205 sic
376 1167 537 1215 egregie
575 1165 809 1216 explicatur,
860 1178 925 1204 cur
964 1167 1000 1203 in
1047 1167 1292 1216 inscriptione
1333 1166 1439 1204 liuius
1486 1167 1660 1205 editionis
1707 1180 1752 1205 eo

113 1237 244 1283 modo,
293 1248 399 1288 quen
437 1235 538 1282 dixi,
590 1235 772 1273 turbatum
813 1235 876 1273 sit.
945 1234 1149 1273 Turbatam
1193 1238 1252 1273 est
1290 1235 1476 1274 consulto.
1548 1235 1664 1287 Quum
1705 1236 1752 1274 de

112 1305 336 1355 proferenda
367 1303 486 1342 altera
517 1304 681 1342 editione
705 1303 859 1352 Virgilii
891 1308 1098 1352 ageretur,
1134 1302 1285 1342 Paullus
1316 1307 1437 1342 autem
1470 1304 1671 1353 Pontifex,
1694 1305 1752 1343 cui

113 1374 216 1423 prior
246 1373 361 1411 editio
394 1374 575 1423 inscripta
607 1374 747 1419 fuerat,
789 1374 931 1410 interea
963 1372 1219 1420 decessisset,
1258 1371 1474 1423 Episcopus
1513 1372 1751 1423 Aleriensis‚

113 1442 175 1493 qui
207 1453 328 1493 neque
361 1442 557 1480 pontilicis
590 1442 658 1479 iam
692 1441 852 1479 defuncti
886 1453 1015 1479 nomen
1050 1452 1284 1491 praeponere
1316 1452 1440 1479 novae
1472 1441 1649 1490 editioni,
1681 1454 1752 1480 ne-

114 1523 184 1563 que
216 1512 387 1549 omittere
419 1511 636 1548 mentionem
666 1511 730 1548 rix
756 1511 885 1549 mortui
904 1511 1049 1560 patroni
1077 1508 1225 1557 vellet,
1259 1509 1411 1547 mediam
1438 1510 1628 1562 quamdam
1654 1511 1751 1548 viam

114 1580 207 1618 ivit:
256 1580 406 1629 repetiit
446 1578 650 1630 Epistolam
692 1580 737 1618 ad
780 1577 946 1618 Paullum
978 1576 1027 1616 ΙΙ.
1066 1577 1132 1615 sed
1173 1579 1280 1616 auxit
1318 1591 1396 1616 eam
1434 1579 1682 1618 additamento
1715 1582 1753 1618 et

113 1649 219 1700 quasi
260 1649 541 1687 continuatione
581 1648 624 1686 ad
668 1649 927 1698 Pomponium,
975 1651 1087 1698 atque
1128 1647 1184 1685 sic
1222 1650 1366 1685 auctam
1406 1647 1600 1698 inscripsit
1639 1651 1752 1686 totam

112 1717 333 1767 Pomponio.
393 1717 576 1755 Timidum
609 1718 727 1755 fuisse
758 1717 988 1766 Episcopum
1020 1715 1281 1764 Aleriensem,
1314 1716 1639 1768 potentiorumque
1671 1718 1752 1755 for-

111 1789 217 1824 tasse
247 1798 362 1836 supra
394 1786 534 1823 modum
554 1786 840 1832 observantem,
873 1785 955 1835 ipsa
979 1785 1096 1822 verba
1129 1785 1209 1822 eius
1242 1787 1425 1833 arguunt,
1457 1797 1552 1836 quae
1584 1798 1631 1824 ex
1656 1786 1753 1836 Epi-

111 1853 210 1892 stola
255 1854 299 1892 ad
339 1854 515 1902 Sixtum,
565 1855 679 1904 primo
737 1853 911 1892 volumini
950 1852 1097 1891 Nicolai
1138 1853 1279 1903 Lyrani
1324 1854 1553 1904 praemissa,
1597 1854 1753 1904 protulit

111 1922 288 1976 Quirinus
320 1922 387 1960 lib.
422 1922 519 1961 laud.
552 1936 589 1973 p.
625 1926 717 1960 235.

196 1992 315 2030 Porro
348 1996 505 2041 apparet
538 1994 617 2029 l'ere
650 2005 699 2029 ex
732 1990 894 2041 epistola
925 1991 969 2029 ad
991 1991 1256 2041 Pomponium,
1290 2002 1385 2042 quae
1417 1991 1451 2028 in
1484 1989 1555 2029 hac
1586 1991 1752 2030 secunda

112 2060 275 2098 editione
306 2061 538 2098 accesserint
570 2072 682 2097 nova.
760 2058 842 2111 Quo
881 2061 914 2097 id
955 2060 1122 2109 apertius
1163 2061 1375 2109 appareat,
1415 2062 1452 2097 et
1495 2060 1673 2097 neminem
1713 2063 1751 2099 ut

110 2128 250 2175 lateat,
295 2128 380 2180 quid
419 2129 565 2167 ‹liil'erat
603 2142 624 2166 a
664 2129 804 2179 priori,
858 2128 1039 2166 Tabulam
1087 2128 1239 2178 operis,
1288 2140 1392 2179 quam
1435 2128 1618 2176 integram
1665 2127 1750 2167 milii

111 2198 350 2247 transcripsit
383 2197 595 2245 Lassenus,
638 2197 807 2235 collatam
841 2209 918 2235 cum
957 2196 1214 2246 descriptione
1254 2197 1443 2235 Ronmnae
1476 2195 1505 2234 l.
1539 2195 1749 2235 exhibebo.

112 2265 219 2304 Unde
250 2265 498 2314 intelligetur,
543 2279 636 2318 quae
669 2279 767 2304 nova
798 2267 939 2305 addidit
971 2267 1186 2316 Episcopus
1219 2265 1456 2309 Aleriensis,
1497 2267 1629 2316 partim
1662 2270 1750 2316 post

110 2334 319 2385 Epistolam
352 2335 493 2373 inserta
526 2347 637 2378 esse,
688 2336 817 2385 partim
849 2336 994 2373 adiecta
1033 2336 1067 2372 in
1102 2336 1172 2373 line
1204 2335 1346 2385 operis.
1418 2335 1556 2386 Incipit
1601 2334 1750 2373 Tabula

111 2404 184 2441 ita:
219 2402 272 2441 10.
309 2404 382 2440 An.
414 2404 594 2454 Episcopi
628 2403 844 2442 Aleriensis
885 2405 929 2442 ad
976 2403 1128 2443 Paulum
1161 2403 1210 2442 ΙΙ.
1272 2403 1487 2442 Venetum:
1523 2404 1605 2442 Pot.
1639 2403 1748 2442 Max.

111 2472 296 2522 Epistola.
331 2471 564 2524 Eloquentie.
627 2471 772 2512 Eiusde⁹
812 2473 980 2524 Epistola
1023 2473 1066 2510 ad
1111 2470 1303 2524 Po”poniu”
1334 2471 1552 2511 isortunatu⁹
1585 2472 1747 2524 Hucusqg

111 2540 266 2588 Virgilii
300 2541 402 2579 Vita.
432 2541 570 2579 Aluinu
605 2540 805 2591 (Alcinii)
840 2542 1000 2580 Versus.
1034 2542 1092 2580 Dc
1125 2554 1289 2579 numero.
1351 2540 1441 2580 Cor.
1465 2540 1562 2580 Galli
1592 2540 1746 2578 Verl'us.

109 2609 376 2660 Temporibus.
437 2610 589 2659 Virgilii
612 2609 794 2649 hortulus.
820 2611 977 2649 Adeste.
1039 2610 1275 2657 Argumenta
1296 2609 1489 2647 duodecim
1510 2608 1593 2646 libr.
1617 2609 1748 2646 Eneid.

109 2677 166 2716 lbi
199 2679 367 2729 sequitur
397 2677 490 2716 baec
522 2679 604 2728 ipsa
633 2678 781 2717 Tabula
800 2708 811 2728 ,
843 2679 878 2717 in
909 2692 981 2731 qua
1012 2678 1260 2716 describenda
1290 2690 1494 2717 versamur.
1554 2676 1669 2715 Tum:
1703 2677 1747 2715 P.

112 2747 223 2796 Virg.
263 2747 447 2785 Maronis.
476 2744 611 2785 Culex.
641 2746 825 2787 Lusimus.
923 2748 965 2787 P.
1000 2747 1047 2786 V.
1082 2746 1137 2785 M.
1171 2746 1300 2785 Dirae.
1334 2747 1502 2785 Battare.
1564 2746 1613 2785 Et
1654 2759 1749 2798 quae

110 2820 342 2866 sequuntur,
374 2816 494 2853 omnia
537 2827 691 2864 prorsus
732 2820 771 2855 ut
808 2817 844 2855 in
885 2817 1052 2855 editione
1094 2816 1223 2867 priori.
1292 2815 1348 2855 At
1389 2818 1478 2865 post
1520 2815 1664 2853 Versus
1703 2815 1749 2853 de

110 2882 302 2921 Musarum
335 2883 496 2921 inuentis
528 2884 578 2921 ita
609 2885 738 2934 pergit
775 2884 954 2923 Tabula:
1003 2885 1139 2934 Elegia
1181 2884 1216 2922 in
1259 2884 1474 2923 Mecenatis
1515 2884 1633 2922 obitu.
1676 2896 1747 2935 que

111 2951 246 2990 dieitur
278 2951 451 2999 Virgilii.
485 2962 563 2989 cum
595 2964 665 2989 non
702 2953 764 2991 sit.
798 2953 994 2991 Defleram.
1108 2953 1296 3003 Priapeia.
1330 2950 1528 2991 Carminis.
1592 2952 1744 2999 Virgilii

111 3020 250 3060 Aetna.
283 3021 379 3061 Etna
420 3019 520 3059 mihi.
618 3020 794 3060 Eiusdem
839 3022 956 3061 Ciris.
988 3023 1072 3061 Etsi
1104 3034 1171 3059 me.
1261 3020 1449 3059 Eiusdem.
1483 3019 1745 3061 Cantalccton.
