2006 3365
292 160 393 204 372
893 148 1259 191 DISSERTATIO
1292 149 1360 188 lv.

292 273 397 310 siano
430 270 457 308 1.
488 271 673 322 perc-inat
703 265 798 315 suit,
830 266 867 303 in
899 265 1094 305 Vossiano
1120 263 1170 303 11.
1199 266 1373 316 pertinet
1404 267 1443 302 ut
1473 265 1508 303 in
1541 264 1733 304 editionib.
1767 264 1932 303 vetustis

293 344 332 379 et
363 340 493 377 codice
524 335 642 374 Basil.
704 334 801 373 Ihid.
834 349 978 372 ccxcv.
1012 347 1072 371 vs.
1111 337 1143 371 1.
1186 333 1403 372 Vossianus
1433 331 1464 370 Ι.
1504 345 1584 372 cum
1627 334 1710 372 cod.
1746 332 1863 371 Basil.
1895 336 1933 371 et

293 406 451 444 Venetis
483 404 583 443 Ruh.
616 403 719 441 lens.
761 403 1011 455 repuditum3
1060 401 1272 440 Vossianus
1304 400 1354 440 ll.
1401 413 1480 439 cum
1520 401 1719 441 vicentina
1755 401 1934 454 Superbe

291 475 424 512 unctui
454 478 492 511 et
522 474 729 511 recutitum
769 484 803 510 c.
876 470 1023 509 Versus
1067 470 1215 509 ultimus
1255 471 1335 508 eius
1376 470 1547 509 carminis
1588 470 1624 508 in
1659 470 1849 509 vossiano
1883 469 1932 508 ll.

293 546 368 580 ita:
409 542 606 580 Tloalasio
637 541 843 589 thalasio,
877 541 911 578 in
933 540 1125 578 vossiano
1157 539 1186 577 Ι.
1220 540 1299 578 ita:
1338 538 1506 593 Talasio
1527 539 1695 594 Taeafio
1728 543 1934 589 conceptus

292 614 385 649 erat.
446 609 544 648 lbid.
576 625 736 648 cchw.
770 621 865 661 quae
897 621 1016 661 usque
1047 608 1092 647 ad
1132 620 1282 646 versum
1320 611 1382 646 16.
1415 608 1618 647 afferuntur
1647 620 1668 646 a
1702 609 1934 656 Burmanno,

294 680 425 729 partim
459 692 507 717 ex
541 678 733 717 Vossiano
764 677 814 716 ll.
848 678 979 729 partim
1011 690 1059 716 ex
1100 676 1292 715 vossiano
1322 676 1352 714 I.
1394 677 1568 716 videntur
1608 688 1720 725 esse3
1761 689 1857 729 quae
1888 676 1933 714 ad

290 749 538 798 posteriorem
571 750 711 798 partem
753 748 953 796 carminis,
995 759 1040 785 ea
1078 759 1127 784 ex
1167 745 1361 784 Vossiano
1393 745 1424 784 l.
1463 758 1552 784 esse
1596 749 1735 784 certum
1774 748 1855 793 cst,
1897 747 1936 782 ut

291 831 352 855 vs.
387 820 451 857 19.
484 817 577 856 Non
597 830 644 856 ne
676 830 714 854 v.
747 819 814 855 31.
848 816 939 855 dote
969 830 1008 854 v.
1044 820 1109 854 32.
1142 814 1344 869 offasque
1374 814 1613 869 labisfanus
1674 814 1812 853 Eadem
1843 813 1935 852 alibi

290 899 354 925 res
386 889 457 924 est.
521 885 569 923 V.
592 897 625 923 c.
658 885 852 935 excerptis
875 884 1056 922 Vossiani
1078 884 1107 922 1.
1133 884 1267 935 quibus
1286 884 1518 921 Burmannus
1548 882 1593 920 ad
1615 882 1744 933 Priap.
1760 897 1934 921 Lxxxrv.

294 971 450 994 Lxxxv.
494 970 666 993 Lxxxvr.
709 967 801 992 usus
842 956 920 1001 est,
966 954 1166 991 admixtum
1206 956 1265 990 est
1296 951 1432 1004 aliquid
1467 964 1516 990 ex
1548 951 1740 990 Vossiano
1773 951 1822 989 ll.
1855 952 1936 990 sci-

292 1025 382 1063 licet
416 1023 558 1078 quibus
592 1037 764 1061 Lxxxw.
802 1026 864 1061 17.
927 1022 993 1060 Sic
1027 1020 1242 1060 Vossianus
1274 1020 1323 1058 ll.
1371 1032 1450 1059 cum
1491 1020 1707 1058 Vicentiua.
1769 1020 1936 1059 Vossia-

293 1106 363 1131 nus
381 1093 409 1131 l.
444 1105 550 1143 quum
582 1091 670 1129 nihil
702 1091 747 1129 ad
779 1103 859 1128 eum
891 1090 1009 1128 locum
1036 1089 1276 1128 annotaverit
1298 1089 1349 1127 is.
1375 1089 1559 1138 Vossius,
1594 1090 1707 1141 queis
1733 1087 1935 1139 habuisse,

294 1166 332 1200 ut
362 1161 520 1209 Aldina,
556 1160 617 1198 vel
650 1161 775 1210 potius
808 1161 922 1213 quis,
966 1163 1004 1196 ut
1034 1159 1184 1197 Veneta
1216 1158 1317 1197 Ruh.
1351 1161 1389 1196 et
1420 1157 1519 1196 lens.
1554 1169 1633 1195 cum
1667 1157 1749 1195 cod.
1784 1157 1936 1196 Basile-

294 1231 398 1279 ensi,
430 1230 618 1280 putandus
649 1232 722 1267 est.
783 1229 890 1267 Haec
922 1229 981 1280 qui
1013 1228 1275 1278 reputaverit,
1308 1226 1420 1274 illud,
1454 1226 1549 1278 quod
1576 1239 1690 1276 supra
1718 1227 1862 1264 conieci
1891 1226 1938 1265 de

294 1298 507 1338 commixtis
539 1311 560 1336 a
591 1298 801 1336 Burmanno
832 1297 878 1335 ad
908 1294 1088 1335 Catonem
1121 1294 1348 1333 lectionibus
1367 1295 1549 1336 Vossiaui
1567 1294 1597 1333 1.
1629 1299 1666 1334 et
1688 1295 1867 1334 Vossiaui
1886 1295 1936 1334 ll.

296 1381 365 1406 nou
398 1368 559 1418 ineptam
592 1379 681 1405 esse
714 1367 965 1405 coniecturam
998 1365 1189 1403 fatebitur.

660 1560 1429 1616 Vrate'slaviense‘s
1484 1560 1571 1614 ΙΙ.

381 1711 474 1749 Alb.
509 1708 701 1748 Wacliler.
735 1709 781 1747 de
812 1709 957 1748 'l'homa
990 1708 1216 1756 Rchdigero
1249 1709 1406 1760 eiusque
1439 1708 1538 1746 Bihl.
1572 1722 1608 1758 p.
1643 1712 1708 1746 40.
1761 1706 1937 1757 Scriptus

296 1780 331 1817 111
365 1791 536 1829 papyro:
576 1777 700 1816 solium
745 1778 896 1828 primum
930 1789 1146 1827 pergamen.
1181 1777 1447 1816 Recentiorem
1481 1777 1591 1815 multo
1638 1777 1938 1827 deterioremque

295 1848 586 1887 Yratislaviensi
620 1846 648 1884 1.
683 1858 795 1894 esse,
837 1845 988 1884 saeculo
1020 1845 1109 1883 XV.
1143 1846 1344 1895 scriptum,
1387 1850 1425 1884 et
1465 1846 1678 1884 Passovius
1709 1845 1868 1894 monuit,
1900 1847 1939 1882 et

295 1920 463 1966 arguunt
496 1929 563 1964 ea,
604 1928 699 1967 quae
732 1916 879 1962 insunt,
918 1913 1099 1952 Nicolaus
1138 1913 1183 1951 de
1225 1913 1363 1962 Valle,
1401 1914 1619 1952 Leonardus
1665 1912 1836 1952 Datlms:
1878 1915 1939 1952 est

293 1991 413 2024 autem
447 1985 568 2023 codex
601 1987 704 2022 totus
736 1984 783 2022 al)
817 1996 886 2020 una
918 1982 1121 2034 eademque
1153 1994 1258 2020 manu
1291 1982 1482 2033 scriptus,
1515 1982 1610 2034 quod
1645 1981 1786 2020 diserte
1818 1983 1938 2020 testa-

294 2060 352 2094 tur
386 2055 609 2093 Passovius.
683 2052 815 2091 lnsuut
860 2051 967 2089 haec.
1048 2051 1275 2101 Calpurnius
1314 2051 1479 2090 Siculus.
1546 2050 1694 2090 Nicolai
1736 2051 1781 2088 de
1828 2049 1939 2089 Valle

294 2123 560 2173 Interpretatio
593 2121 707 2160 latina
747 2121 902 2160 metrica
944 2120 1104 2158 Hesiodi
1145 2120 1245 2170 opp.
1290 2123 1328 2158 et
1360 2120 1407 2158 D.
1471 2120 1608 2158 Brevis
1641 2118 1796 2168 Virgilii
1828 2118 1937 2168 Vita,

295 2205 409 2242 prusa
448 2192 640 2229 oratione:
682 2191 811 2228 eadem
851 2189 947 2227 haud
992 2189 1127 2235 dubie,
1167 2202 1261 2240 quae
1301 2193 1359 2227 est
1391 2190 1425 2226 in
1459 2188 1542 2226 cod.
1577 2187 1800 2225 Basileensi.
1861 2187 1937 2225 Iam

294 2261 490 2312 sequeutia
523 2263 561 2297 ut
593 2259 764 2297 breviter
798 2270 1019 2308 percurrere
1050 2258 1213 2307 possim,
1246 2256 1338 2295 felix
1366 2258 1542 2296 Passovii
1576 2257 1757 2294 industria
1791 2256 1937 2304 effecit,

295 2331 356 2381 qui
387 2333 424 2368 et
455 2329 619 2367 ordinem
652 2329 871 2376 carminum,
913 2329 950 2365 et
982 2338 1076 2377 quae
1107 2327 1182 2364 sint
1214 2326 1395 2371 carmina,
1429 2325 1609 2363 indicavit
1641 2325 1936 2363 accuratissime.

296 2399 421 2452 Quare
453 2397 548 2435 satis
581 2399 640 2434 est
672 2396 983 2445 comparationem
1015 2395 1214 2433 instituere
1247 2406 1324 2432 cum
1358 2394 1442 2431 eod.
1476 2392 1713 2440 Basileensi,
1761 2396 1798 2431 et
1829 2405 1937 2431 mon-

296 2472 418 2506 strare
450 2465 624 2514 singula,
667 2464 907 2514 ordinemque
939 2462 1191 2512 singulorum,
1232 2463 1417 2509 muneris,
1465 2462 1602 2513 quihus
1635 2461 1671 2499 in
1704 2461 1787 2500 cod.
1822 2462 1937 2499 Basi-

297 2536 414 2574 leensi
447 2547 537 2572 usus
569 2546 661 2571 sum.
721 2532 844 2583 Igitur
876 2531 998 2569 Vitam
1043 2532 1236 2580 excipiunt
1276 2530 1396 2569 llaec:
1439 2532 1476 2568 4.
1511 2533 1548 2569 5.
1583 2534 1619 2568 6.
1655 2534 1693 2569 7.
1725 2533 1763 2569 S.
1796 2533 1834 2569 9.
1870 2533 1934 2568 10.

302 2609 362 2643 11.
398 2607 463 2642 12.
498 2606 560 2641 13.
599 2604 661 2640 14.
698 2604 760 2639 15.
797 2603 861 2638 16.
902 2598 974 2647 (de
1006 2612 1118 2637 versu
1151 2600 1211 2650 qui
1243 2600 1277 2637 in
1310 2600 1392 2638 cod.
1425 2598 1543 2638 Basil.
1579 2602 1638 2638 est
1669 2611 1704 2637 n.
1744 2600 1804 2637 17.
1837 2599 1937 2637 Pas-

295 2675 428 2713 sevius
461 2670 580 2720 nihil)
619 2674 681 2709 18.
718 2673 781 2708 19.
817 2673 882 2706 20.
942 2668 1037 2706 Tum
1068 2671 1157 2718 post
1196 2669 1371 2718 paginam
1410 2680 1586 2706 vacuam:
1629 2671 1696 2707 30.
1730 2670 1797 2707 32.
1859 2667 1936 2705 Se-

295 2744 454 2793 quuntur
485 2741 694 2792 Exreerpta
725 2752 776 2777 ex
807 2738 1006 2789 Prz'apee'a
1025 2766 1035 2786 ,
1071 2739 1109 2774 et
1147 2736 1291 2788 quidem
1332 2735 1426 2775 haec
1466 2749 1559 2788 quae
1591 2739 1677 2775 sunt
1707 2735 1803 2786 apud
1838 2735 1936 2773 Bur-

295 2823 460 2848 mannum
499 2811 616 2847 1—4.
650 2810 802 2846 6-14.
840 2808 1017 2844 16—25.
1052 2806 1230 2842 27-52.
1265 2807 1445 2843 54-63.
1479 2808 1658 2844 65-83.
1719 2803 1814 2842 Tum
1842 2816 1936 2854 quae

296 2882 331 2917 iu
364 2879 448 2917 cod.
482 2877 598 2916 Basil.
632 2878 746 2914 sunt:
780 2878 845 2913 25.
881 2878 948 2912 26.
981 2875 1048 2912 27.
1098 2872 1282 2921 (disticha
1313 2874 1544 2926 quindecim,
1577 2885 1728 2925 quorum
1759 2873 1832 2911 riat
1863 2884 1935 2923 po-

297 2952 433 2984 strema
463 2945 587 2984 haec:
622 2944 815 2984 Subduxit
845 2943 952 2981 morti
986 2946 1058 2981 etc.
1120 2942 1233 2981 Lucis
1274 2943 1403 2981 damna
1434 2941 1523 2981 nihil
1556 2944 1628 2980 etc.
1688 2940 1848 2980 Mantua
1878 2952 1937 2978 me

296 3016 429 3062 genuit
458 3016 561 3065 etc.)
603 3017 670 3053 28.
704 3012 891 3064 (prorsus
922 3014 962 3052 ut
994 3012 1031 3050 in
1061 3011 1146 3051 cod.
1179 3010 1328 3063 Basil.)
1376 3013 1443 3051 29.
1502 3010 1695 3062 Denique:
1727 3008 1937 3051 Leonardi
