2006 3365
636 140 906 183 RECENSIO
939 141 1237 183 LIBRORUM.
1663 144 1763 188 4⁶25

104 256 189 306 gilli
220 269 257 306 p.
290 259 356 295 95.
393 255 539 305 (ΑΠῑῙΙ.
574 257 656 296 Lat.
696 256 762 295 lib.
795 256 844 295 ll.
879 272 1046 295 ccxmn.
1085 258 1179 307 11.)
1214 257 1299 296 ubi:
1345 256 1482 303 Forte,
1514 255 1606 294 hinc
1637 255 1761 293 letem-

106 327 172 365 ite.
234 325 412 363 Neutram
446 337 537 363 vero
570 337 591 363 a
624 325 829 373 Scaligero
861 337 973 374 esse,
1016 324 1273 364 Coniectanea
1306 325 1513 371 evincunt,
1557 323 1593 360 in
1625 323 1763 373 quibus

106 393 169 431 ille
201 393 321 431 onmia
353 392 438 430 alia.
500 393 673 431 Alterum
707 393 870 431 locorum
903 405 1026 444 genus
1058 406 1184 431 e‹n·um
1217 397 1300 442 est,
1328 393 1389 445 qni
1424 392 1554 442 partim
1588 392 1622 428 in
1639 391 1761 428 Prae-

106 462 246 509 eoniis,
279 461 413 510 partim
445 461 479 499 in
514 461 722 501 Catalectis
756 461 935 499 Veterum
968 461 1192 508 Poetarum,
1224 460 1326 498 multi
1360 463 1466 506 sunt,
1500 460 1535 497 in
1555 458 1762 509 Opusculis

105 529 220 576 nulli,
253 529 391 580 quibus
424 530 555 567 variae
587 530 773 567 lectiones
804 530 1004 579 appositae
1037 532 1125 566 sunt
1157 540 1236 565 cum
1264 532 1351 565 nota
1374 541 1413 566 v.
1441 541 1476 566 c.
1539 527 1665 578 Atque
1692 525 1760 563 lias

105 597 252 648 quidem
286 597 470 635 lectiones
503 610 550 635 ex
582 598 708 649 aliquo
741 598 874 635 codice
908 599 1063 639 vetere,
1102 596 1238 636 velex
1268 596 1461 646 pluribus,
1494 595 1638 645 petitas
1671 605 1760 632 esse

105 678 213 703 nemo
245 666 417 704 dubitet:
459 667 531 703 etsi
564 667 646 717 quis
679 666 790 704 l'uerit
821 665 945 703 codex
979 665 1066 713 ille,
1101 665 1163 703 vel
1197 666 1257 716 qui
1292 665 1429 702 fuerint
1462 664 1639 707 codices,
1687 674 1760 701 non

105 733 235 785 liquet.
298 732 435 771 Verum
469 735 554 785 qnid
598 735 642 771 de
685 733 748 771 illo
791 745 938 782 genere
979 732 1226 778 iudicabitur,
1273 732 1334 769 nbi
1376 733 1504 769 varias
1551 731 1760 779 lectiones,

104 802 186 839 sine
218 801 291 839 ulla
324 804 432 844 nota,
457 814 588 850 margo
613 802 805 850 Scaligeri
839 797 1030 851 praebet?
1062 802 1123 840 Ex
1156 800 1264 838 libris
1296 801 1451 849 seriptis
1483 799 1640 837 haustas
1672 810 1762 837 esse

105 882 171 906 eas
205 869 386 907 lectiones
418 882 437 907 a
472 867 702 917 Scaligero?
765 868 1017 908 Coniecturas
1050 881 1140 907 esse
1173 864 1394 917 Scaligeri?
1445 867 1641 907 Collectas
1673 878 1763 904 esse

103 937 276 975 alicunde
307 949 329 974 a
370 934 603 985 §curig-cro?
663 936 766 975 Nihil
808 936 936 974 horum
979 940 1135 987 potest:
1180 941 1253 976 tam
1292 939 1380 975 sunt
1411 937 1542 986 partim
1575 935 1687 974 tritae
1717 947 1763 973 ac

105 1005 255 1053 aniles,
301 1006 433 1055 partim
467 1005 574 1042 libris
608 1006 765 1055 seriptis
806 1005 1039 1052 contrariae,
1080 1005 1214 1055 partim
1247 1004 1392 1042 alienae
1424 1017 1445 1042 a
1477 1009 1600 1042 mente
1633 1003 1763 1042 Scali-

104 1074 203 1120 geri.
266 1074 369 1121 Ergo
402 1074 570 1123 suspicio
603 1073 690 1111 mihi
733 1074 892 1121 incidit,
940 1086 1007 1111 eas
1040 1086 1090 1112 ex
1121 1074 1294 1122 margine
1326 1073 1423 1111 alius
1456 1073 1645 1111 cuiusdam
1678 1072 1763 1110 edi-

104 1141 220 1180 tionis
253 1141 456 1179 translatas
488 1142 522 1179 in
556 1142 760 1189 marginem
795 1141 1072 1190 Scaligeranae
1119 1153 1222 1179 esse.
1294 1141 1452 1191 Rogavi
1492 1139 1683 1188 Geelium,
1723 1142 1764 1179 ut

105 1210 310 1260 inspiceret
342 1210 545 1259 Virgilium
580 1211 901 1260 Antverpiensem
936 1209 1057 1248 Plant.
1100 1212 1217 1248 1566.
1279 1209 1481 1260 Inspexit,
1524 1212 1636 1260 atque
1668 1220 1763 1247 con-

103 1278 269 1316 firmavit
300 1279 554 1328 suspicionem
587 1291 699 1316 meam
733 1278 969 1328 plenissime.
1038 1278 1303 1330 Quascumque
1335 1290 1466 1329 margo
1499 1276 1694 1325 Scaligeri
1726 1277 1762 1314 in

104 1345 258 1391 (Julice,
294 1346 400 1394 Ciri,
434 1346 580 1392 Aetna,
614 1346 793 1394 Morem,
838 1346 963 1394 Diris,
1005 1344 1216 1385 Catalcctis
1256 1345 1433 1395 Virgilii,
1466 1344 1596 1396 Copa‚
1632 1345 1762 1383 varias

104 1413 290 1452 lectiones
323 1414 509 1464 praebet,
550 1414 702 1453 eaedem
748 1427 877 1452 omnes
922 1415 990 1451 iam
1023 1414 1147 1452 editae
1181 1415 1217 1452 in
1250 1414 1421 1463 margine
1461 1414 1764 1463 Antverpiensis

112 1484 230 1519 1566.
255 1483 516 1532 inveniuntur3
549 1483 584 1521 id
619 1486 759 1521 tantum
785 1482 931 1531 differt,
964 1483 1061 1534 quod
1086 1484 1208 1522 tribus
1237 1483 1355 1521 variis
1376 1482 1608 1521 lectionibus
1630 1494 1763 1530 margo

105 1550 406 1600 Antverpiensis
448 1551 597 1601 plenior
639 1556 727 1600 est,
768 1551 913 1589 duabus
945 1551 980 1589 in
1015 1550 1115 1596 Ciri‚
1165 1564 1235 1589 una
1267 1552 1302 1589 in
1335 1549 1544 1590 Catalectis
1577 1550 1765 1599 Virgilii:

106 1630 200 1669 quac
232 1619 378 1670 quidem
411 1632 500 1658 casu
534 1620 710 1658 videntur
741 1619 906 1657 omissae
937 1632 1026 1657 esse
1058 1620 1092 1656 in
1126 1619 1392 1668 Scaligerana.
1454 1619 1602 1657 Deinde
1634 1622 1769 1670 quater

106 1686 170 1724 vel
203 1688 400 1739 quinquies
431 1689 616 1727 variatum
649 1693 710 1726 est
755 1687 920 1739 aliquid,
964 1690 1003 1726 ut
1045 1688 1124 1725 Dir.
1157 1701 1197 1726 v.
1232 1691 1298 1726 23.
1332 1688 1395 1726 nbi
1437 1687 1607 1726 Mutant
1646 1698 1768 1734 marg.

109 1756 230 1794 Antv.
268 1757 428 1796 silatent
460 1769 592 1805 margo
626 1756 842 1806 Scaligeri,
877 1759 915 1794 et
945 1757 989 1794 ad
1010 1754 1290 1794 Catalectorum
1322 1755 1468 1803 locum,
1503 1768 1609 1807 quem
1642 1753 1768 1805 paullo

107 1827 195 1863 ante
227 1825 578 1873 commemorabam,
612 1837 732 1872 marg.
767 1824 889 1862 Antv.
938 1825 1084 1872 Forte,
1128 1825 1221 1862 ltine
1252 1825 1364 1863 leves
1398 1827 1463 1863 ite.
1498 1836 1628 1872 margo
1662 1821 1768 1861 Scal.

108 1897 375 1930 monstruose:
417 1893 558 1941 Forte,
604 1894 697 1931 hine
737 1893 861 1931 leteos
901 1896 966 1932 ite.
1039 1892 1113 1930 [am
1155 1893 1272 1941 igitur
1311 1893 1345 1930 id
1389 1904 1538 1943 quoque
1576 1894 1768 1937 tenemus,

109 1972 204 2012 qnae
236 1961 312 1998 sint
342 1968 460 2000 nolae
505 1961 672 1999 Codicis
714 1962 1058 2013 Anlverffiensz'st
1100 1968 1218 1999 nolas
1252 1959 1432 2008 Scaliger
1466 1959 1619 2010 proprie
1651 1959 1768 2008 dicit,

108 2034 146 2067 et
179 2029 364 2068 (jadicem
399 2031 755 2080 Anlverpiensem,
788 2041 860 2066 non
893 2042 999 2067 manu
1033 2029 1239 2079 seriptum,
1273 2029 1340 2066 sed
1366 2028 1564 2066 editionem
1592 2029 1770 2066 Antver-

109 2098 276 2148 piensem
296 2128 304 2143 ‚
337 2097 424 2134 sive
455 2095 575 2145 hanc,
609 2110 714 2149 qnam
748 2097 852 2145 dixi,
886 2109 921 2135 a.
948 2100 1065 2135 1566.
1092 2088 1243 2147 ipsam,
1277 2098 1363 2135 sive
1395 2095 1503 2134 aliam
1536 2099 1768 2143 cognatam:

108 2178 189 2204 nam
223 2164 352 2215 plures
386 2167 458 2203 tum
491 2165 802 2216 Antverpienses
836 2180 884 2204 ex
909 2166 971 2204 oll'.
996 2165 1159 2204 Plautini
1195 2164 1426 2215 prodierant.
1489 2163 1646 2202 Scilicet
1669 2163 1770 2202 Sca-

109 2234 233 2283 liger,
270 2247 378 2285 qnmn
411 2235 634 2281 festinaret,
680 2246 802 2285 neque
833 2237 1004 2284 poemata
1038 2233 1221 2285 quomodo
1263 2233 1466 2271 ederentur
1497 2232 1669 2270 studiose
1701 2243 1770 2270 cu-

110 2303 236 2351 ravit,
277 2315 348 2354 qua
382 2302 429 2340 de
461 2314 501 2340 re
534 2305 620 2340 ante
653 2303 788 2341 dictum
822 2306 904 2350 est,
947 2305 985 2340 et
1016 2303 1110 2339 satis
1143 2304 1312 2339 l'aeturus
1345 2301 1526 2351 temporis
1558 2301 1615 2338 sui
1646 2299 1769 2338 homi-

111 2372 245 2419 nibus,
280 2371 341 2422 qni
373 2369 546 2408 amabant
578 2374 796 2420 apparatum
831 2371 996 2408 criticum
1030 2370 1335 2422 qualemcumque
1357 2371 1529 2420 proxime
1555 2369 1771 2419 appositum

111 2441 147 2478 in
179 2440 373 2487 margine,
418 2438 641 2477 varietatem
687 2438 861 2477 lectionis
895 2440 1096 2489 apposuit,
1139 2451 1211 2477 non
1245 2451 1265 2476 a
1297 2450 1339 2475 se
1375 2437 1582 2486 diligenter
1616 2437 1785 2488 conqui-

111 2508 220 2546 sitam
261 2507 496 2558 lectamque,
539 2507 605 2545 sed
654 2508 882 2558 descriptam
922 2519 971 2545 ex
1010 2508 1180 2556 margine
1220 2507 1315 2545 alius
1348 2506 1539 2545 cuiusdam
1573 2506 1771 2555 editionis,

113 2580 151 2615 ct
183 2576 327 2627 quidem
361 2576 441 2613 eius
474 2575 669 2623 editionis,
704 2577 808 2615 cuius
842 2579 914 2614 tum
948 2575 1124 2626 exempla
1156 2576 1326 2614 manibus
1356 2574 1576 2613 terebantur
1599 2574 1770 2611 onmium.

111 2645 211 2684 llinc
244 2647 425 2694 apparet,
469 2647 643 2694 (plantum
691 2645 927 2683 tribuendum
968 2645 1019 2683 sit
1057 2645 1218 2693 margini
1261 2643 1478 2694 Scaligeri:
1524 2654 1654 2691 nempe
1698 2654 1770 2680 non

111 2713 198 2764 plus
231 2711 463 2750 tribuendum
497 2724 602 2763 (piam
649 2714 809 2762 margini
849 2713 1181 2763 Antverpiensisg
1226 2712 1314 2764 qnid
1347 2716 1468 2749 antem
1501 2722 1632 2758 margo
1668 2712 1771 2749 Ant-

113 2781 331 2831 verpieusis
364 2779 513 2827 valeat,
553 2793 668 2831 supra
700 2782 835 2820 dietum
868 2785 951 2830 est,
994 2782 1057 2820 ubi
1089 2781 1136 2819 de
1168 2781 1285 2820 Paulo
1318 2779 1490 2819 Manutio
1523 2782 1562 2816 et
1595 2780 1771 2816 Antver-

112 2850 237 2899 piensi
275 2851 394 2886 1566.
448 2846 509 2887 Cl'.
552 2861 637 2886 mox
677 2850 723 2887 de
765 2851 935 2898 margine
975 2850 1144 2889 pithoei.
1216 2850 1474 2889 Coniectanea
1509 2845 1702 2897 Scaligeri
1734 2847 1770 2884 in

114 2917 230 2955 Diras
262 2917 293 2954 si
327 2928 399 2954 non
432 2917 552 2954 omnia
584 2919 695 2967 atque
728 2917 879 2966 integra
912 2920 1164 2969 recepissem,
1211 2930 1383 2966 maguum
1415 2928 1495 2953 meo
1527 2915 1623 2953 libro
1655 2926 1770 2953 orna-

116 2988 274 3025 mentum
307 2985 446 3024 deesse
485 2985 753 3025 existimarem.
830 2985 939 3039 Quod
982 2987 1015 3025 si
1045 2987 1131 3038 quis
1163 2986 1262 3025 inter
1291 2983 1488 3035 praeclara
1518 2985 1632 3037 atque
1662 2983 1771 3022 unice
