2006 3365
281 118 351 165 94
843 112 1368 155 ANIMADVERSIONES

281 229 433 270 scilicet
464 231 566 270 venti
598 230 788 269 insinuare
809 241 864 272 ‚se
893 229 929 268 in
961 228 1112 267 fundum
1141 228 1272 276 maris,
1312 229 1422 278 atque
1461 225 1547 265 inde
1587 237 1732 265 sursum
1765 225 1923 265 volvere

283 299 417 338 fluctus
448 300 644 349 putantur,
677 302 716 338 ut
746 300 806 338 est
836 299 872 337 in
904 297 1137 336 nobilissima
1166 295 1424 345 descriptione
1449 295 1545 346 apud
1567 293 1791 344 Virgilium,
1817 305 1924 346 quam

283 367 380 407 haud
412 368 525 406 dubie
556 370 643 406 ante
684 367 815 407 oculos
848 366 1025 408 Valerius
1056 364 1214 405 Flaccus
1252 363 1404 411 habuit,
1445 363 1660 403 Incubuere
1698 364 1819 409 mari,
1860 369 1923 401 to-

281 443 437 490 tumque
475 449 501 475 a
538 436 704 476 sedibus
745 439 834 477 imis
882 436 971 476 Una
1009 435 1226 488 Eurusque
1266 432 1480 486 Notusque
1516 439 1633 472 ruunt
1674 433 1748 470 etc.
1865 430 1926 469 De

281 505 481 555 Propertio
512 505 652 544 accedo
684 506 897 544 sententiae
928 502 1178 552 Lachmanni,
1212 502 1406 551 vulgatum
1437 502 1601 541 tuentis:

565 574 654 614 Nec
684 581 826 614 nostra
858 575 1067 612 Actiacum
1098 574 1266 610 verteret
1297 584 1397 610 ossa
1427 583 1557 619 mare,

280 641 511 694 verbumque
542 643 789 694 comparantis
819 653 999 691 graecum
1030 638 1233 677 κυλίνδει.
1277 639 1358 678 Nec
1387 639 1447 678 Fr.
1480 638 1527 678 G.
1560 636 1702 677 Barthii
1734 637 1926 676 ohserva-

281 709 337 749 tio
368 711 639 749 contemnenda
676 713 749 750 est.
812 710 929 751 Certe
959 709 1195 761 Propertium
1234 720 1278 747 ea
1317 710 1455 748 tantum
1498 706 1716 746 conditione
1751 709 1928 745 verreret

282 779 507 830 scripturum
539 780 658 819 fuisse
689 779 894 830 existimo,
934 779 968 818 si
1007 790 1131 818 sermo
1163 777 1214 816 ibi
1254 777 1301 816 de
1341 776 1429 814 mari
1470 774 1714 814 vehementer
1745 775 1927 813 commoto

283 853 414 888 esset:
448 850 487 887 at
517 862 641 888 sermo
675 852 734 889 est
764 849 812 888 de
844 847 1064 900 tranquillo,
1103 847 1137 886 in
1170 859 1242 899 quo
1274 857 1364 884 ossa
1394 856 1468 884 non
1500 847 1723 892 verruntur,
1754 841 1821 881 sed
1852 840 1929 880 leni

282 919 384 956 motu
425 917 644 957 volvuntur.
762 918 824 957 Ad
864 916 1048 958 Catonem
1088 917 1260 968 proxime
1298 914 1482 953 accedunt
1519 911 1658 951 laudati
1696 911 1855 950 Heinsio
1891 911 1930 950 et

283 985 518 1037 Burmanno,
549 986 741 1036 Virgilius
772 987 874 1026 Aen.
906 986 936 1025 l.
971 989 1038 1025 43.

569 1055 824 1109 Disiecz’tque
854 1060 991 1105 rates,
1024 1054 1235 1105 evertitque
1266 1064 1444 1106 aequora
1475 1050 1615 1090 ventis,

283 1121 446 1162 Ovidius
476 1122 580 1162 Fast.
612 1123 682 1162 111.
718 1126 812 1162 591.

566 1192 778 1231 Adsiliunt
807 1192 979 1244 fluetus,
1012 1193 1164 1244 imoque
1194 1203 1219 1229 a
1249 1192 1406 1240 yurqite
1433 1194 1581 1242 pontus

683 1261 871 1300 Vertitur.

282 1329 332 1370 Et
361 1328 406 1369 de
437 1342 506 1369 usu
535 1329 725 1369 tridentis
759 1328 824 1369 tali
853 1329 889 1368 in
921 1340 962 1368 re
993 1329 1042 1368 cs.
1077 1328 1191 1377 Virg.
1224 1325 1325 1365 Aen.
1357 1325 1406 1364 ΙΙ.
1442 1328 1536 1364 418,

1143 1398 1357 1450 saevitque
1387 1394 1540 1433 tridenti

565 1467 783 1521 Spumeus,
815 1473 936 1521 atque
965 1469 1038 1506 imo
1070 1466 1230 1506 Nereus
1262 1467 1339 1504 ciet
1371 1476 1551 1519 aequora
1579 1462 1720 1515 fundo.

282 1534 415 1576 Attius
447 1534 608 1575 Medea:

564 1604 664 1645 Nisi
695 1617 799 1659 quas
830 1609 1045 1644 terrestres
1082 1604 1233 1643 Pontus
1266 1608 1428 1653 strayes
1460 1603 1635 1641 conciet:

565 1675 649 1713 Aut
678 1674 786 1725 forte
821 1674 957 1713 Triton
986 1673 1131 1711 fuscina
1161 1675 1341 1710 evertens
1371 1681 1530 1721 specus,

566 1742 711 1782 Subter
742 1742 905 1781 radices
935 1744 1096 1795 penitus
1129 1741 1298 1780 undanti
1329 1741 1368 1777 in
1396 1739 1503 1791 freto

568 1811 717 1850 Molem
748 1825 798 1850 ea·
824 1811 1028 1863 profundo
1059 1823 1225 1850 saxeam
1257 1809 1313 1848 ad
1343 1807 1495 1847 caelum
1525 1809 1640 1846 eruit.

365 1879 594 1923 Thuaneus,
638 1880 791 1920 insolita
835 1880 1028 1919 scribendi
1065 1880 1276 1924 brevitate,
1317 1891 1339 1917 c
1376 1891 1400 1916 u
1439 1882 1593 1915 aestum
1624 1874 1760 1914 hahet:
1804 1875 1862 1914 cui
1894 1875 1931 1913 in

280 1950 473 1998 margine,
516 1948 785 1998 explicationis
818 1961 975 1999 caussa,
1016 1948 1244 1999 adscriptum
1277 1949 1360 1996 cst,
1400 1945 1569 1984 Lasseno
1601 1947 1721 1993 teste,
1761 1957 1930 1984 conuer-

277 2024 383 2057 tens.
445 2024 584 2056 cutens
626 2017 749 2056 Paris.
782 2017 831 2056 11.
879 2023 1107 2057 conuertent
1149 2015 1255 2055 Mon.
1296 2015 1345 2054 11.
1407 2019 1561 2054 aestum
1597 2026 1684 2052 mas
1715 2013 1860 2068 undiq:
1895 2013 1930 2052 in

279 2085 526 2136 Augustano.
587 2085 761 2138 Denique
793 2086 1009 2136 Romanae,
1043 2083 1218 2124 Venetae
1249 2083 1390 2123 Achat.
1423 2086 1461 2123 et
1491 2082 1592 2123 Ruh.
1626 2081 1778 2122 Vicent.
1809 2080 1930 2132 aliae,

279 2166 464 2205 perverse
496 2153 604 2193 colon
636 2158 726 2205 post
755 2156 881 2194 maris
914 2154 1098 2193 inserunt.

409 2291 460 2331 V.
495 2296 561 2331 60.
623 2300 682 2334 ET
707 2300 900 2334 FUSCUM
926 2299 1140 2334 CINEREM
1167 2299 1307 2333 CANIS
1334 2290 1612 2332 EXHAURIAT
1637 2296 1805 2330 UNDIS.

280 2360 336 2400 Et
367 2361 519 2400 sulcum
549 2363 665 2400 canis
698 2360 838 2399 omisso
871 2371 957 2398 voc.
989 2361 1176 2407 cinerem,
1212 2358 1371 2398 Vratisl.
1397 2357 1426 2396 l.
1470 2361 1586 2397 cauis
1617 2352 1727 2396 Paris
1744 2355 1811 2396 lv.
1844 2355 1930 2395 Ro-

281 2441 433 2478 manae,
478 2430 576 2468 Ven.
618 2428 806 2477 Achatis,
846 2431 884 2467 et
922 2429 982 2480 qui
1025 2440 1045 2466 e
1085 2427 1263 2466 Romanis
1302 2427 1410 2464 etiam
1452 2428 1546 2465 vitia
1585 2425 1818 2476 exprimunt,
1862 2435 1930 2463 co-

282 2498 387 2535 dices
418 2498 509 2536 Bas.
542 2500 580 2536 et
610 2498 720 2537 Vrat.
752 2497 803 2535 11.
835 2499 1023 2536 exauriat
1057 2496 1226 2545 August.
1257 2496 1466 2535 exhauriet
1497 2494 1602 2534 Mon.
1626 2493 1724 2532 1.11.
1765 2492 1873 2532 Vrat.
1898 2494 1930 2534 1.

282 2566 356 2605 Hic
386 2578 534 2618 quoque
567 2578 704 2604 versus
736 2578 870 2604 nexam
911 2577 992 2604 cum
1033 2564 1350 2615 praecedentibus
1392 2564 1616 2603 sententiam
1649 2561 1775 2601 hahet.
1834 2563 1930 2602 Dum

283 2637 531 2674 convertitur
561 2646 683 2683 mare,
723 2646 869 2673 sursum
900 2636 1088 2684 aguntur,
1129 2634 1181 2672 ita
1211 2634 1251 2670 ut
1282 2633 1450 2683 conspici
1481 2631 1601 2671 oculis
1631 2631 1801 2681 possint,
1841 2642 1930 2669 are-

282 2715 375 2753 nae,
418 2705 456 2742 et
495 2704 529 2742 si
559 2703 646 2756 quid
677 2702 778 2741 aliud
817 2703 855 2741 in
886 2702 998 2741 fundo
1037 2702 1148 2742 maris
1187 2700 1292 2740 latet.
1352 2700 1515 2740 Ovidius
1544 2700 1701 2740 Metam.
1731 2698 1801 2738 XI.
1836 2701 1929 2738 499.

283 2772 330 2811 de
361 2775 501 2824 ponto:

567 2842 621 2881 Et
651 2841 783 2888 modo,
816 2854 901 2880 cum
928 2840 1074 2891 fulvas
1106 2852 1156 2878 ea·
1186 2840 1260 2877 imo
1290 2840 1415 2878 verrit
1447 2849 1619 2885 arenas,

567 2910 761 2949 Concolor
790 2914 854 2949 est
884 2908 1000 2958 ittis;
1030 2909 1178 2962 Styyia
1207 2908 1318 2948 modo
1353 2910 1504 2959 niyrior
1535 2904 1664 2946 unda.

285 2976 475 3027 Virgilius
508 2976 656 3029 Georg.
687 2976 757 3017 111.
791 2980 887 3016 240.
923 2980 957 3015 1.
