2006 3365
488 139 543 179 IN
575 138 793 179 VALERlI
832 137 1068 179 CATONIS
1099 137 1371 179 ECLOGAM.
1652 140 1752 183 203

114 257 152 294 et
187 257 304 293 1839.
346 256 384 293 et
414 254 647 293 Burmannus
687 254 733 293 ad
765 253 884 293 Anth.
926 253 1013 292 Lat.
1045 252 1114 291 llI.
1148 268 1214 291 η.
1247 256 1284 291 4.
1318 267 1441 290 eLxx.
1482 255 1520 290 3.
1552 250 1750 290 Burmanni

114 323 298 373 exemplis
329 322 467 361 addere
498 322 587 361 licet
611 322 730 361 Antli.
757 323 840 362 Lat.
868 322 917 361 ll.
937 337 1133 360 ccxxxiv.
1162 322 1229 360 III.
1249 336 1402 359 ccxxn.
1429 320 1498 359 III.
1523 334 1750 358 chxxxm.

112 391 181 431 IV.
218 406 315 429 exn.
341 390 409 430 Vl.
434 404 529 430 va.
554 406 680 429 Lxxv.
741 391 1004 431 Recentiorum
1037 391 1168 428 onmia.
1230 391 1282 429 At
1316 389 1447 428 vellem
1478 389 1635 428 alterius
1666 389 1750 426 for-

111 471 213 508 mae,
245 460 423 512 Cypria,
459 460 631 510 exempla
662 463 910 498 monstrasset
943 459 1169 506 SanteniuS,
1202 459 1288 496 aevi
1321 459 1422 506 eius,
1457 459 1512 496 cui
1546 470 1624 496 eam
1654 469 1749 508 pro-

109 529 224 578 priam
250 528 359 577 dicit,
380 529 564 577 Augusti.
628 529 711 577 Ego
741 533 779 566 ut
808 528 1063 577 recentiores,
1085 526 1315 576 Arnobium,
1349 527 1563 575 Firmicum,
1585 530 1748 575 taceam,

109 596 202 634 baec
227 599 364 635 tantum
390 597 618 643 observavi,
651 596 791 636 Tibull.
818 596 884 635 111.
911 611 966 633 111.
994 598 1061 635 34.
1094 595 1211 634 Antii.
1246 595 1326 633 Lai.
1354 594 1422 633 IV.
1460 611 1557 633 an.
1583 598 1620 633 et
1651 594 1747 645 apud

108 665 269 703 Festum.
327 664 430 717 Quae
450 679 541 704 sane
571 666 773 705 sufiiciunt.
828 665 956 716 Atque
982 663 1278 709 observamium,
1313 664 1503 715 Cypriam
1526 664 1630 714 quasi
1656 675 1748 713 pro-

107 734 189 783 prie
220 734 291 772 dici
322 746 343 771 a
376 734 521 773 Catone
554 734 761 782 Venerem,
794 746 900 785 quum
934 733 1124 785 Cypriam
1155 731 1250 770 haud
1285 732 1396 769 dubie
1428 731 1578 770 Adonin
1611 735 1747 781 poeta,

107 804 146 840 ut
187 806 246 840 est
278 803 435 851 vulgata
462 803 620 851 sabula,
659 805 693 840 in
726 807 848 841 mente
880 802 1029 840 babeat.
1146 800 1222 839 lam
1261 799 1545 838 commemoravi
1588 799 1744 837 similem

108 870 244 911 Catulli
278 884 451 909 versum:
514 872 646 910 Levia
677 871 939 911 substerneres
971 869 1133 909 robusto
1167 869 1332 908 brachia
1366 869 1482 907 eollo.
1516 883 1626 907 Lx1v.
1652 872 1747 905 332.

106 940 178 979 Ubi
211 941 303 979 Ant.
344 941 569 979 Parthenius
611 943 697 990 apte
734 938 922 978 Tibullum
962 938 1108 984 laudat,
1151 937 1181 976 Ι.
1215 952 1300 978 vm.
1336 941 1402 976 33.
1436 939 1544 977 Huic
1574 945 1616 976 {u
1647 951 1747 976 can—

105 1010 243 1048 denles
283 1010 438 1048 hennom
480 1022 660 1061 suppone
699 1009 890 1047 lacertos.
960 1006 1000 1045 In
1040 1007 1201 1045 eamdem
1241 1008 1462 1045 sententiam
1503 1006 1748 1056 accipiendus

104 1077 199 1115 haud
243 1077 353 1115 dubie
386 1077 547 1116 Ovidius
580 1078 709 1116 Amor.
743 1076 811 1115 111.
844 1092 914 1115 vu.
949 1081 986 1116 7.
1018 1080 1056 1115 S.
1092 1076 1184 1115 Alia
1216 1077 1310 1114 ratio
1353 1077 1412 1114 est
1443 1075 1539 1125 apud
1573 1074 1746 1113 Ovidium

106 1145 229 1196 Epist.
266 1161 354 1184 x111.
391 1149 482 1185 106.
517 1150 556 1185 et
587 1159 715 1184 rursus
746 1146 817 1184 alia
849 1147 884 1184 in
911 1145 1161 1197 Epitlialamio
1194 1144 1313 1183 Antli.
1346 1144 1429 1183 Lat.
1461 1144 1529 1183 VI.
1556 1159 1745 1182 Lxxxvn.

104 1230 142 1253 v.
177 1218 242 1254 82.
275 1218 313 1254 3.
347 1218 384 1254 et
414 1228 476 1266 ap.
508 1215 761 1266 Reposianum
794 1214 877 1253 loco
908 1215 1034 1266 paullo
1074 1218 1162 1254 aute
1193 1214 1357 1253 laudato.
1416 1213 1583 1252 Diversa
1614 1213 1746 1252 miscet

104 1283 336 1322 Burmannus
366 1284 411 1322 ad
444 1284 619 1335 Propert.
652 1284 680 1322 l.
716 1300 772 1322 111.
810 1287 871 1322 15.

186 1354 366 1404 formosa
417 1354 587 1401 August.
631 1352 768 1392 Mutin.
835 1352 1063 1406 subponens
1106 1352 1277 1402 August.
1319 1351 1473 1391 Monac.
1516 1350 1567 1390 ΙΙ.
1636 1351 1744 1390 colla

102 1420 223 1459 Paris.
257 1420 326 1460 IV.

188 1558 237 1597 V.
258 1561 325 1597 69·
346 1556 480 1609 (172.)
499 1569 599 1602 'rum
618 1568 769 1602 cauno
787 1569 973 1602 FUERAT
993 1568 1190 1601 MAvons
1216 1566 1483 1601 DISTENTUS
1505 1565 1555 1599 IN
1581 1565 1742 1599 Amvns.

192 1628 288 1666 Tum
326 1628 444 1667 eredo
474 1625 640 1681 fuerat]
684 1629 790 1667 Haec
830 1629 949 1667 onmia
988 1624 1236 1676 εἰρωνικῶς.
1298 1625 1440 1667 Contra
1480 1626 1574 1664 enim
1613 1625 1742 1664 sentit.

101 1695 176 1735 Iam
208 1698 320 1747 puto,
352 1697 489 1748 inquit,
524 1709 568 1735 eo
593 1709 707 1735 aureo
739 1696 867 1735 seculo
885 1696 1045 1735 Martem
1078 1697 1285 1734 districtum
1316 1696 1437 1734 fuisse
1468 1693 1609 1733 hellis:
1642 1693 1742 1733 Vul-

101 1777 229 1803 canum
261 1768 380 1803 autem
412 1765 589 1814 ensibus,
622 1769 660 1804 et
691 1765 779 1804 telis
810 1765 1053 1804 fabricandis.
1116 1765 1233 1819 Quasi
1266 1765 1394 1803 dicat:
1426 1763 1525 1802 Non.
1579 1763 1665 1802 Non
1698 1775 1743 1801 e-

100 1833 172 1871 nim
205 1834 318 1872 armis
350 1846 446 1884 opus
478 1836 558 1873 erat
589 1846 634 1872 eo
667 1836 856 1885 tempore,
890 1835 925 1872 in
957 1847 1029 1887 quo
1061 1833 1248 1885 voluptati
1280 1835 1440 1881 tautum,
1480 1835 1518 1871 et
1548 1834 1626 1872 otio
1658 1834 1742 1872 stu-

100 1902 240 1941 debant
270 1901 451 1940 homines.
569 1912 753 1946 SCAL1G‚

186 1970 246 2008 De
279 1971 350 2007 diis
381 1969 443 2008 hic
472 1971 620 2019 agitur,
660 1983 733 2009 non
766 1971 812 2010 de
842 1971 1067 2010 hominibus.
1129 1970 1172 2011 Si
1205 1972 1325 2009 autem
1358 1969 1402 2007 de
1433 1969 1527 2017 diis,
1566 1981 1638 2007 non
1671 1969 1741 2007 de-

101 2039 211 2077 cebat
243 2036 422 2077 Catonem
455 2050 618 2087 negare,
660 2040 757 2091 quod
798 2041 999 2078 communis
1039 2040 1221 2078 clamabat
1260 2038 1407 2089 sabula,
1448 2037 1608 2076 Martem
1646 2039 1742 2076 omni

101 2110 268 2158 tempore
300 2106 410 2145 bellis
441 2109 665 2157 praefuisse.
726 2108 918 2147 Intellexit
951 2121 1084 2147 nexum
1116 2109 1381 2147 sententiarum
1413 2107 1629 2147 Putscliius.
1692 2107 1742 2146 Et

100 2188 191 2213 sane
232 2175 349 2214 latere
382 2175 445 2213 ille
477 2178 655 2215 neminem
687 2180 836 2227 potest,
870 2179 929 2229 qui
961 2178 1121 2225 viderit,
1161 2178 1358 2225 versibus,
1398 2178 1459 2229 qui
1489 2176 1739 2228 praecedunt,

101 2245 146 2284 de
179 2245 341 2283 Veneris
382 2245 453 2283 dici
495 2257 573 2283 cum
612 2247 737 2284 iuveni
777 2246 920 2285 mortali
961 2247 1194 2285 commercio.
1262 2245 1453 2285 Monstrat
1491 2248 1629 2297 poeta,
1672 2257 1740 2296 per

101 2315 368 2361 coniecturam,
401 2315 497 2352 satis
529 2313 675 2365 lepide,
707 2315 889 2367 quomodo
922 2315 1002 2353 fieri
1035 2315 1221 2366 potuerit,
1261 2317 1299 2354 et
1329 2327 1400 2367 qua
1431 2315 1737 2365 opportunitate,

100 2385 140 2421 ut
171 2395 249 2421 cum
269 2382 443 2421 Adonide
474 2382 617 2422 luderet
636 2384 782 2423 Venus.
845 2384 926 2437 Qua
956 2396 997 2422 re
1029 2383 1134 2423 simul
1166 2383 1238 2423 hoc
1268 2384 1481 2435 assequitur
1499 2381 1618 2431 Cato,
1652 2381 1738 2421 val-

99 2451 146 2490 de
179 2451 222 2489 ad
256 2464 353 2501 rem,
395 2463 499 2503 quam
530 2453 630 2502 agit,
671 2455 816 2503 aptum,
857 2456 896 2491 ut
927 2453 1134 2492 clarissime
1166 2453 1341 2492 ostendat
1373 2465 1540 2501 magnam
1572 2451 1737 2490 Veneris

99 2519 315 2569 levItatem,
349 2532 443 2572 quae
475 2532 593 2572 neque
624 2523 752 2560 marito
786 2524 984 2571 contenta,
1017 2534 1138 2573 neque
1169 2522 1293 2560 Marte
1325 2521 1515 2569 adultero,
1546 2521 1737 2559 admiserit

100 2590 261 2628 tortium.
322 2588 415 2627 Nam
448 2601 527 2627 cum
555 2590 678 2628 Marte
711 2590 951 2640 adulterium,
984 2594 1020 2630 ut
1053 2594 1175 2629 notum
1207 2591 1376 2629 omnibus
1408 2592 1625 2642 tritumque,
1659 2591 1737 2626 sere

100 2658 380 2696 condonabatur
412 2657 573 2706 Veneri,
606 2662 643 2697 et
666 2659 793 2710 Mars,
827 2664 864 2698 ut
896 2661 955 2708 fit,
988 2672 1056 2710 pro
1089 2660 1218 2697 marito
1250 2660 1331 2697 eius
1362 2658 1479 2697 altero
1513 2658 1734 2696 habebatur.

100 2725 160 2766 Cf.
193 2727 224 2765 si
257 2727 399 2778 placet,
434 2726 591 2765 Nonnus
610 2727 661 2765 X.
686 2730 781 2766 202.
841 2729 924 2767 Etsi
954 2728 1066 2767 l'acile
1091 2730 1248 2778 apparet
1280 2726 1369 2765 nihii
1401 2728 1436 2765 in
1468 2727 1531 2765 tali
1563 2726 1735 2778 quaesti-

99 2808 170 2834 one
202 2797 472 2846 praescriptum
499 2795 667 2833 omnibus
696 2799 906 2849 statmuquc
938 2810 1039 2836 esse.
1102 2797 1201 2836 Sunt
1232 2797 1325 2835 enim
1357 2797 1418 2848 qui
1451 2797 1557 2835 etiam
1582 2795 1734 2833 Adonin

100 2866 265 2913 coniugii
298 2865 455 2917 quodam
482 2863 633 2902 vlnculo
665 2867 703 2903 et
733 2867 1004 2905 consuetudine
1028 2866 1191 2905 iunctum
1217 2878 1295 2904 cum
1319 2866 1473 2905 Venere
1493 2863 1732 2914 praedicant,

100 2932 205 2971 obliti
244 2933 296 2971 illi
330 2933 491 2973 Vulcani
523 2932 756 2985 Martisque,
799 2936 838 2973 ut
867 2934 1098 2974 Theocritus
1128 2934 1384 2974 Adoniazusis
1424 2947 1462 2971 v.
1505 2934 1596 2970 129.
1642 2934 1730 2970 131.

101 3001 171 3040 Bio
210 3001 239 3041 1.
279 3005 345 3040 24.
389 3005 456 3041 54.
497 3004 563 3041 59.
633 3001 750 3054 quue
781 3005 998 3044 consuetum
1035 3004 1072 3042 in
1114 3002 1213 3043 cultu
1246 3001 1448 3041 Adonidis,
1507 2999 1549 3040 In
1579 2998 1732 3040 Adonin
