<?xml version="1.0" encoding="UTF-8"?>
<!DOCTYPE html PUBLIC "-//W3C//DTD XHTML 1.0 Transitional//EN"
    "http://www.w3.org/TR/xhtml1/DTD/xhtml1-transitional.dtd">
<html xmlns="http://www.w3.org/1999/xhtml" xml:lang="en" lang="en">
 <head>
  <title>
</title>
<meta http-equiv="Content-Type" content="text/html;charset=utf-8" />
  <meta name='ocr-system' content='tesseract 3.04.00' />
  <meta name='ocr-capabilities' content='ocr_page ocr_carea ocr_par ocr_line ocrx_word'/>
</head>
<body>
  <div class='ocr_page' id='page_1' title='image "./carmina00catouoft_0186.png"; bbox 0 0 2006 3365; ppageno 0'>
   <div class='ocr_carea' id='block_1_1' title="bbox 227 133 1316 189">
    <p class='ocr_par' dir='ltr' id='par_1_1' title="bbox 227 133 1316 189">
     <span class='ocr_line' id='line_1_1' title="bbox 227 133 1316 189; baseline -0.016 0"><span class='ocrx_word' id='word_1_1' title='bbox 227 143 328 189; x_wconf 82' lang='lat'>168</span> <span class='ocrx_word' id='word_1_2' title='bbox 784 133 1316 176; x_wconf 79' lang='lat' dir='ltr'>ANIMADVERSIONES</span> 
     </span>
    </p>
   </div>
   <div class='ocr_carea' id='block_1_2' title="bbox 221 244 1883 3060">
    <p class='ocr_par' dir='ltr' id='par_1_2' title="bbox 221 244 1883 3060">
     <span class='ocr_line' id='line_1_2' title="bbox 224 244 1869 302; baseline -0.005 -9"><span class='ocrx_word' id='word_1_3' title='bbox 224 253 297 300; x_wconf 87' lang='grc' dir='ltr'>κός</span> <span class='ocrx_word' id='word_1_4' title='bbox 327 267 372 292; x_wconf 84' lang='grc' dir='ltr'>τε</span> <span class='ocrx_word' id='word_1_5' title='bbox 403 251 556 302; x_wconf 74' lang='grc' dir='ltr'><em>πάγον,</em></span> <span class='ocrx_word' id='word_1_6' title='bbox 592 247 741 288; x_wconf 84' lang='grc' dir='ltr'><em>πολιόν</em></span> <span class='ocrx_word' id='word_1_7' title='bbox 771 252 804 288; x_wconf 88' lang='grc' dir='ltr'>τ’</span> <span class='ocrx_word' id='word_1_8' title='bbox 834 248 1090 300; x_wconf 73' lang='grc' dir='ltr'><em>Ἀσὲληνονε</em></span> <span class='ocrx_word' id='word_1_9' title='bbox 1136 249 1197 288; x_wconf 89' lang='lat' dir='ltr'>ubi</span> <span class='ocrx_word' id='word_1_10' title='bbox 1227 244 1455 296; x_wconf 73' lang='grc' dir='ltr'>Ἁσέληνον</span> <span class='ocrx_word' id='word_1_11' title='bbox 1493 247 1586 287; x_wconf 90' lang='lat' dir='ltr'>idem</span> <span class='ocrx_word' id='word_1_12' title='bbox 1630 258 1718 286; x_wconf 90' lang='lat' dir='ltr'>esse</span> <span class='ocrx_word' id='word_1_13' title='bbox 1757 248 1869 298; x_wconf 81' lang='lat' dir='ltr'>atque</span> 
     </span>
     <span class='ocr_line' id='line_1_3' title="bbox 221 314 1869 373; baseline -0.006 -10"><span class='ocrx_word' id='word_1_14' title='bbox 221 321 431 373; x_wconf 77' lang='grc' dir='ltr'>’Λσέληνα</span> <span class='ocrx_word' id='word_1_15' title='bbox 465 314 539 371; x_wconf 76' lang='grc' dir='ltr'>ὅρη</span> <span class='ocrx_word' id='word_1_16' title='bbox 574 319 816 371; x_wconf 77' lang='lat' dir='ltr'>Etymologi,</span> <span class='ocrx_word' id='word_1_17' title='bbox 848 322 960 370; x_wconf 87' lang='lat' dir='ltr'>puto,</span> <span class='ocrx_word' id='word_1_18' title='bbox 994 322 1052 367; x_wconf 89' lang='lat' dir='ltr'>et,</span> <span class='ocrx_word' id='word_1_19' title='bbox 1084 329 1190 370; x_wconf 92' lang='lat' dir='ltr'>quam</span> <span class='ocrx_word' id='word_1_20' title='bbox 1214 317 1438 355; x_wconf 75' lang='lat' dir='ltr'><strong>sententiam</strong></span> <span class='ocrx_word' id='word_1_21' title='bbox 1465 320 1577 356; x_wconf 87' lang='lat' dir='ltr'>vetus</span> <span class='ocrx_word' id='word_1_22' title='bbox 1600 315 1869 355; x_wconf 89' lang='lat' dir='ltr'>Theriacorum</span> 
     </span>
     <span class='ocr_line' id='line_1_4' title="bbox 227 381 1870 444; baseline -0.007 -11"><span class='ocrx_word' id='word_1_23' title='bbox 227 395 414 444; x_wconf 80' lang='lat' dir='ltr'><strong>interpres</strong></span> <span class='ocrx_word' id='word_1_24' title='bbox 451 401 616 440; x_wconf 83' lang='lat' dir='ltr'>graecus</span> <span class='ocrx_word' id='word_1_25' title='bbox 657 388 873 439; x_wconf 86' lang='lat' dir='ltr'>profitetur,</span> <span class='ocrx_word' id='word_1_26' title='bbox 912 387 1108 426; x_wconf 85' lang='lat' dir='ltr'>Locricum</span> <span class='ocrx_word' id='word_1_27' title='bbox 1150 389 1307 424; x_wconf 90' lang='lat' dir='ltr'>montem</span> <span class='ocrx_word' id='word_1_28' title='bbox 1339 385 1457 423; x_wconf 85' lang='lat' dir='ltr'>fuisse</span> <span class='ocrx_word' id='word_1_29' title='bbox 1491 381 1743 434; x_wconf 72' lang='grc' dir='ltr'><em>Ἀσέληνον,</em></span> <span class='ocrx_word' id='word_1_30' title='bbox 1784 384 1870 422; x_wconf 86' lang='lat' dir='ltr'>inde</span> 
     </span>
     <span class='ocr_line' id='line_1_5' title="bbox 223 452 1869 510; baseline -0.005 -11"><span class='ocrx_word' id='word_1_31' title='bbox 223 464 344 500; x_wconf 88' lang='lat' dir='ltr'>natam</span> <span class='ocrx_word' id='word_1_32' title='bbox 376 459 574 507; x_wconf 84' lang='lat' dir='ltr'>existimo,</span> <span class='ocrx_word' id='word_1_33' title='bbox 614 457 710 510; x_wconf 91' lang='lat' dir='ltr'>quod</span> <span class='ocrx_word' id='word_1_34' title='bbox 743 458 921 495; x_wconf 85' lang='lat' dir='ltr'>incertum</span> <span class='ocrx_word' id='word_1_35' title='bbox 954 457 1082 505; x_wconf 88' lang='lat' dir='ltr'>esset,</span> <span class='ocrx_word' id='word_1_36' title='bbox 1123 457 1239 493; x_wconf 89' lang='lat' dir='ltr'>utrum</span> <span class='ocrx_word' id='word_1_37' title='bbox 1271 452 1334 491; x_wconf 90' lang='lat' dir='ltr'>ille</span> <span class='ocrx_word' id='word_1_38' title='bbox 1365 465 1469 491; x_wconf 88' lang='lat' dir='ltr'>mons</span> <span class='ocrx_word' id='word_1_39' title='bbox 1500 454 1544 491; x_wconf 86' lang='lat' dir='ltr'>ad</span> <span class='ocrx_word' id='word_1_40' title='bbox 1580 453 1746 493; x_wconf 80' lang='lat' dir='ltr'>Aetolos</span> <span class='ocrx_word' id='word_1_41' title='bbox 1778 463 1869 503; x_wconf 90' lang='lat' dir='ltr'>per-</span> 
     </span>
     <span class='ocr_line' id='line_1_6' title="bbox 224 521 1869 577; baseline -0.005 -10"><span class='ocrx_word' id='word_1_42' title='bbox 224 530 385 577; x_wconf 88' lang='lat' dir='ltr'>tineret,</span> <span class='ocrx_word' id='word_1_43' title='bbox 428 539 473 565; x_wconf 86' lang='lat' dir='ltr'>an</span> <span class='ocrx_word' id='word_1_44' title='bbox 512 525 557 565; x_wconf 89' lang='lat' dir='ltr'>ad</span> <span class='ocrx_word' id='word_1_45' title='bbox 589 525 762 565; x_wconf 87' lang='lat' dir='ltr'>Locros:</span> <span class='ocrx_word' id='word_1_46' title='bbox 797 528 901 564; x_wconf 89' lang='lat' dir='ltr'>certe</span> <span class='ocrx_word' id='word_1_47' title='bbox 934 522 1137 570; x_wconf 80' lang='lat' dir='ltr'>Coracem,</span> <span class='ocrx_word' id='word_1_48' title='bbox 1180 525 1339 561; x_wconf 89' lang='lat' dir='ltr'>montem</span> <span class='ocrx_word' id='word_1_49' title='bbox 1377 521 1596 560; x_wconf 74' lang='lat' dir='ltr'>Aetolorum</span> <span class='ocrx_word' id='word_1_50' title='bbox 1628 521 1869 566; x_wconf 76' lang='lat' dir='ltr'>altissimum,</span> 
     </span>
     <span class='ocr_line' id='line_1_7' title="bbox 224 588 1872 650; baseline -0.005 -14"><span class='ocrx_word' id='word_1_51' title='bbox 224 609 332 650; x_wconf 88' lang='lat' dir='ltr'>quem</span> <span class='ocrx_word' id='word_1_52' title='bbox 365 608 444 635; x_wconf 89' lang='lat' dir='ltr'>cum</span> <span class='ocrx_word' id='word_1_53' title='bbox 470 591 684 645; x_wconf 71' lang='grc' dir='ltr'><em>Ἀσελήνῳ</em></span> <span class='ocrx_word' id='word_1_54' title='bbox 719 595 769 633; x_wconf 87' lang='lat' dir='ltr'>ita</span> <span class='ocrx_word' id='word_1_55' title='bbox 801 594 997 642; x_wconf 82' lang='lat' dir='ltr'>coniungit</span> <span class='ocrx_word' id='word_1_56' title='bbox 1018 592 1228 639; x_wconf 75' lang='lat' dir='ltr'>Nicander,</span> <span class='ocrx_word' id='word_1_57' title='bbox 1263 595 1303 630; x_wconf 90' lang='lat' dir='ltr'>ut</span> <span class='ocrx_word' id='word_1_58' title='bbox 1334 594 1480 629; x_wconf 89' lang='lat' dir='ltr'>montes</span> <span class='ocrx_word' id='word_1_59' title='bbox 1513 592 1645 640; x_wconf 81' lang='lat' dir='ltr'>vicini,</span> <span class='ocrx_word' id='word_1_60' title='bbox 1678 588 1740 628; x_wconf 83' lang='lat' dir='ltr'>vel</span> <span class='ocrx_word' id='word_1_61' title='bbox 1774 591 1872 628; x_wconf 89' lang='lat' dir='ltr'>inter</span> 
     </span>
     <span class='ocr_line' id='line_1_8' title="bbox 226 657 1871 711; baseline -0.005 -7"><span class='ocrx_word' id='word_1_62' title='bbox 226 678 270 705; x_wconf 90' lang='lat' dir='ltr'>se</span> <span class='ocrx_word' id='word_1_63' title='bbox 300 666 389 704; x_wconf 83' lang='lat' dir='ltr'>nexi</span> <span class='ocrx_word' id='word_1_64' title='bbox 421 665 539 703; x_wconf 82' lang='lat' dir='ltr'>fuisse</span> <span class='ocrx_word' id='word_1_65' title='bbox 572 663 791 711; x_wconf 89' lang='lat' dir='ltr'>videantur,</span> <span class='ocrx_word' id='word_1_66' title='bbox 824 663 1014 710; x_wconf 83' lang='lat' dir='ltr'>attingere</span> <span class='ocrx_word' id='word_1_67' title='bbox 1044 661 1188 700; x_wconf 84' lang='lat' dir='ltr'>Locros</span> <span class='ocrx_word' id='word_1_68' title='bbox 1221 659 1384 708; x_wconf 79' lang='lat' dir='ltr'>Ozolas,</span> <span class='ocrx_word' id='word_1_69' title='bbox 1423 659 1520 697; x_wconf 89' lang='lat' dir='ltr'>haud</span> <span class='ocrx_word' id='word_1_70' title='bbox 1552 660 1713 697; x_wconf 88' lang='lat' dir='ltr'>obscure</span> <span class='ocrx_word' id='word_1_71' title='bbox 1745 657 1871 707; x_wconf 79' lang='lat' dir='ltr'>signi-</span> 
     </span>
     <span class='ocr_line' id='line_1_9' title="bbox 224 725 1870 783; baseline -0.006 -9"><span class='ocrx_word' id='word_1_72' title='bbox 224 735 312 774; x_wconf 85' lang='lat' dir='ltr'>ficat</span> <span class='ocrx_word' id='word_1_73' title='bbox 343 734 484 774; x_wconf 86' lang='lat' dir='ltr'>Strabo</span> <span class='ocrx_word' id='word_1_74' title='bbox 515 733 586 772; x_wconf 86' lang='lat' dir='ltr'>IX.</span> <span class='ocrx_word' id='word_1_75' title='bbox 619 746 656 783; x_wconf 90' lang='lat' dir='ltr'>p.</span> <span class='ocrx_word' id='word_1_76' title='bbox 691 734 785 771; x_wconf 77' lang='lat'><strong>638.</strong></span> <span class='ocrx_word' id='word_1_77' title='bbox 819 731 864 770; x_wconf 87' lang='grc' dir='ltr'>Β.</span> <span class='ocrx_word' id='word_1_78' title='bbox 899 730 944 770; x_wconf 82' lang='lat' dir='ltr'>C.</span> <span class='ocrx_word' id='word_1_79' title='bbox 976 730 1027 769; x_wconf 91' lang='lat' dir='ltr'>X.</span> <span class='ocrx_word' id='word_1_80' title='bbox 1060 743 1096 781; x_wconf 89' lang='lat' dir='ltr'>p.</span> <span class='ocrx_word' id='word_1_81' title='bbox 1128 734 1221 769; x_wconf 83' lang='lat'>690.</span> <span class='ocrx_word' id='word_1_82' title='bbox 1250 732 1344 768; x_wconf 82' lang='lat'><strong>692.</strong></span> <span class='ocrx_word' id='word_1_83' title='bbox 1379 725 1604 767; x_wconf 86' lang='lat' dir='ltr'>Conl&#39;eratur</span> <span class='ocrx_word' id='word_1_84' title='bbox 1634 728 1678 766; x_wconf 90' lang='lat' dir='ltr'>ad</span> <span class='ocrx_word' id='word_1_85' title='bbox 1707 726 1870 765; x_wconf 85' lang='lat' dir='ltr'>Theria-</span> 
     </span>
     <span class='ocr_line' id='line_1_10' title="bbox 226 793 1873 851; baseline -0.008 -8"><span class='ocrx_word' id='word_1_86' title='bbox 226 815 350 843; x_wconf 87' lang='lat' dir='ltr'>corum</span> <span class='ocrx_word' id='word_1_87' title='bbox 388 801 507 841; x_wconf 89' lang='lat' dir='ltr'>locum</span> <span class='ocrx_word' id='word_1_88' title='bbox 537 802 742 841; x_wconf 86' lang='lat' dir='ltr'>Eutecnius</span> <span class='ocrx_word' id='word_1_89' title='bbox 782 813 820 851; x_wconf 88' lang='lat' dir='ltr'>p.</span> <span class='ocrx_word' id='word_1_90' title='bbox 853 802 949 840; x_wconf 80' lang='lat'>328.</span> <span class='ocrx_word' id='word_1_91' title='bbox 989 799 1047 838; x_wconf 90' lang='lat' dir='ltr'>ed.</span> <span class='ocrx_word' id='word_1_92' title='bbox 1092 796 1273 838; x_wconf 87' lang='lat' dir='ltr'>Schneid.</span> <span class='ocrx_word' id='word_1_93' title='bbox 1316 798 1377 849; x_wconf 87' lang='lat' dir='ltr'>qui</span> <span class='ocrx_word' id='word_1_94' title='bbox 1420 797 1606 835; x_wconf 77' lang='lat' dir='ltr'>montibus</span> <span class='ocrx_word' id='word_1_95' title='bbox 1642 793 1873 844; x_wconf 73' lang='grc' dir='ltr'>Ἀσὲληνον</span> 
     </span>
     <span class='ocr_line' id='line_1_11' title="bbox 223 866 1873 918; baseline -0.005 -7"><span class='ocrx_word' id='word_1_96' title='bbox 223 870 415 912; x_wconf 78' lang='lat' dir='ltr'>Aetolicis</span> <span class='ocrx_word' id='word_1_97' title='bbox 446 872 676 909; x_wconf 83' lang='lat' dir='ltr'>annumerat.</span> <span class='ocrx_word' id='word_1_98' title='bbox 807 868 1016 916; x_wconf 76' lang='lat' dir='ltr'>Graviora,</span> <span class='ocrx_word' id='word_1_99' title='bbox 1049 868 1092 906; x_wconf 86' lang='lat' dir='ltr'>ad</span> <span class='ocrx_word' id='word_1_100' title='bbox 1127 870 1290 906; x_wconf 90' lang='lat' dir='ltr'>nostram</span> <span class='ocrx_word' id='word_1_101' title='bbox 1322 866 1467 918; x_wconf 86' lang='lat' dir='ltr'>quidem</span> <span class='ocrx_word' id='word_1_102' title='bbox 1502 879 1596 911; x_wconf 78' lang='lat' dir='ltr'>rem,</span> <span class='ocrx_word' id='word_1_103' title='bbox 1640 878 1746 918; x_wconf 86' lang='lat' dir='ltr'>quam</span> <span class='ocrx_word' id='word_1_104' title='bbox 1776 876 1873 903; x_wconf 90' lang='lat' dir='ltr'>nunc</span> 
     </span>
     <span class='ocr_line' id='line_1_12' title="bbox 224 928 1871 991; baseline -0.007 -11"><span class='ocrx_word' id='word_1_105' title='bbox 224 942 391 991; x_wconf 83' lang='lat' dir='ltr'>agimus,</span> <span class='ocrx_word' id='word_1_106' title='bbox 424 939 489 978; x_wconf 88' lang='lat' dir='ltr'>illa</span> <span class='ocrx_word' id='word_1_107' title='bbox 519 942 629 985; x_wconf 89' lang='lat' dir='ltr'>sunt,</span> <span class='ocrx_word' id='word_1_108' title='bbox 661 950 757 991; x_wconf 88' lang='lat' dir='ltr'>quae</span> <span class='ocrx_word' id='word_1_109' title='bbox 789 950 839 976; x_wconf 82' lang='lat' dir='ltr'>ex</span> <span class='ocrx_word' id='word_1_110' title='bbox 869 937 1061 976; x_wconf 84' lang='lat' dir='ltr'>Nicandro</span> <span class='ocrx_word' id='word_1_111' title='bbox 1094 936 1250 987; x_wconf 86' lang='lat' dir='ltr'>apponit</span> <span class='ocrx_word' id='word_1_112' title='bbox 1281 934 1558 985; x_wconf 78' lang='lat' dir='ltr'>Etymologus:</span> <span class='ocrx_word' id='word_1_113' title='bbox 1600 928 1684 981; x_wconf 79' lang='grc' dir='ltr'>ὅτι,</span> <span class='ocrx_word' id='word_1_114' title='bbox 1720 930 1871 983; x_wconf 68' lang='grc' dir='ltr'><em>φησίν,</em></span> 
     </span>
     <span class='ocr_line' id='line_1_13' title="bbox 226 1002 1872 1062; baseline -0.004 -15"><span class='ocrx_word' id='word_1_115' title='bbox 226 1007 271 1047; x_wconf 79' lang='grc' dir='ltr'>ἐν</span> <span class='ocrx_word' id='word_1_116' title='bbox 303 1005 449 1052; x_wconf 73' lang='grc' dir='ltr'><em>αὐτοῖς</em></span> <span class='ocrx_word' id='word_1_117' title='bbox 468 1012 541 1048; x_wconf 86' lang='lat' dir='ltr'>etc.</span> <span class='ocrx_word' id='word_1_118' title='bbox 603 1006 730 1062; x_wconf 83' lang='lat' dir='ltr'>Quae,</span> <span class='ocrx_word' id='word_1_119' title='bbox 753 1009 791 1045; x_wconf 91' lang='lat' dir='ltr'>ut</span> <span class='ocrx_word' id='word_1_120' title='bbox 821 1007 940 1045; x_wconf 82' lang='lat' dir='ltr'>verba</span> <span class='ocrx_word' id='word_1_121' title='bbox 972 1007 1128 1052; x_wconf 89' lang='lat' dir='ltr'>sonant,</span> <span class='ocrx_word' id='word_1_122' title='bbox 1156 1017 1306 1042; x_wconf 85' lang='lat' dir='ltr'>sensum</span> <span class='ocrx_word' id='word_1_123' title='bbox 1341 1003 1525 1054; x_wconf 76' lang='lat' dir='ltr'>praebent</span> <span class='ocrx_word' id='word_1_124' title='bbox 1555 1003 1689 1042; x_wconf 87' lang='lat' dir='ltr'>talem:</span> <span class='ocrx_word' id='word_1_125' title='bbox 1710 1002 1807 1055; x_wconf 88' lang='lat' dir='ltr'>quod</span> <span class='ocrx_word' id='word_1_126' title='bbox 1837 1003 1872 1040; x_wconf 93' lang='lat' dir='ltr'>in</span> 
     </span>
     <span class='ocr_line' id='line_1_14' title="bbox 226 1071 1873 1126; baseline -0.007 -7"><span class='ocrx_word' id='word_1_127' title='bbox 226 1078 414 1119; x_wconf 88' lang='lat' dir='ltr'>montibus</span> <span class='ocrx_word' id='word_1_128' title='bbox 451 1073 700 1126; x_wconf 72' lang='grc' dir='ltr'><em>Ἀσελήνοις</em></span> <span class='ocrx_word' id='word_1_129' title='bbox 741 1076 895 1114; x_wconf 80' lang='lat' dir='ltr'>cubaret</span> <span class='ocrx_word' id='word_1_130' title='bbox 937 1086 1015 1112; x_wconf 86' lang='lat' dir='ltr'>cnm</span> <span class='ocrx_word' id='word_1_131' title='bbox 1049 1073 1280 1123; x_wconf 77' lang='lat' dir='ltr'>Endymione</span> <span class='ocrx_word' id='word_1_132' title='bbox 1312 1073 1435 1115; x_wconf 83' lang='lat' dir='ltr'>Luna,</span> <span class='ocrx_word' id='word_1_133' title='bbox 1476 1075 1679 1123; x_wconf 87' lang='lat' dir='ltr'>propterea</span> <span class='ocrx_word' id='word_1_134' title='bbox 1714 1071 1873 1108; x_wconf 80' lang='lat' dir='ltr'>vicinam</span> 
     </span>
     <span class='ocr_line' id='line_1_15' title="bbox 228 1135 1872 1195; baseline -0.006 -8"><span class='ocrx_word' id='word_1_135' title='bbox 228 1148 415 1187; x_wconf 89' lang='lat' dir='ltr'>montibus</span> <span class='ocrx_word' id='word_1_136' title='bbox 445 1146 523 1185; x_wconf 90' lang='lat' dir='ltr'>illis</span> <span class='ocrx_word' id='word_1_137' title='bbox 545 1147 738 1195; x_wconf 81' lang='lat' dir='ltr'>regionem</span> <span class='ocrx_word' id='word_1_138' title='bbox 765 1139 883 1192; x_wconf 72' lang='grc' dir='ltr'>(τούς</span> <span class='ocrx_word' id='word_1_139' title='bbox 907 1135 1061 1185; x_wconf 75' lang='grc' dir='ltr'><em>ἄλλους</em></span> <span class='ocrx_word' id='word_1_140' title='bbox 1079 1138 1254 1191; x_wconf 78' lang='grc' dir='ltr'>τόπους)</span> <span class='ocrx_word' id='word_1_141' title='bbox 1283 1142 1454 1180; x_wconf 88' lang='lat' dir='ltr'>caruisse</span> <span class='ocrx_word' id='word_1_142' title='bbox 1485 1140 1619 1179; x_wconf 89' lang='lat' dir='ltr'>lumine</span> <span class='ocrx_word' id='word_1_143' title='bbox 1642 1140 1774 1178; x_wconf 87' lang='lat' dir='ltr'>lunari.</span> <span class='ocrx_word' id='word_1_144' title='bbox 1807 1138 1872 1177; x_wconf 89' lang='lat' dir='ltr'>In-</span> 
     </span>
     <span class='ocr_line' id='line_1_16' title="bbox 228 1207 1874 1268; baseline -0.006 -12"><span class='ocrx_word' id='word_1_145' title='bbox 228 1219 332 1268; x_wconf 89' lang='lat' dir='ltr'>epte.</span> <span class='ocrx_word' id='word_1_146' title='bbox 382 1215 477 1254; x_wconf 89' lang='lat' dir='ltr'>Tum</span> <span class='ocrx_word' id='word_1_147' title='bbox 509 1214 604 1253; x_wconf 92' lang='lat' dir='ltr'>enim</span> <span class='ocrx_word' id='word_1_148' title='bbox 635 1225 708 1252; x_wconf 92' lang='lat' dir='ltr'>non</span> <span class='ocrx_word' id='word_1_149' title='bbox 740 1215 885 1252; x_wconf 87' lang='lat' dir='ltr'>montes</span> <span class='ocrx_word' id='word_1_150' title='bbox 918 1211 1064 1256; x_wconf 87' lang='lat' dir='ltr'>dicendi</span> <span class='ocrx_word' id='word_1_151' title='bbox 1098 1211 1261 1249; x_wconf 76' lang='lat' dir='ltr'>fuissent</span> <span class='ocrx_word' id='word_1_152' title='bbox 1288 1207 1520 1258; x_wconf 70' lang='grc' dir='ltr'>Ἀσέληιά,</span> <span class='ocrx_word' id='word_1_153' title='bbox 1553 1209 1620 1247; x_wconf 87' lang='lat' dir='ltr'>sed</span> <span class='ocrx_word' id='word_1_154' title='bbox 1644 1209 1769 1247; x_wconf 86' lang='lat' dir='ltr'>vicina</span> <span class='ocrx_word' id='word_1_155' title='bbox 1800 1207 1874 1247; x_wconf 92' lang='lat' dir='ltr'>illis</span> 
     </span>
     <span class='ocr_line' id='line_1_17' title="bbox 228 1277 1875 1335; baseline -0.006 -10"><span class='ocrx_word' id='word_1_156' title='bbox 228 1286 340 1335; x_wconf 85' lang='lat' dir='ltr'>regio</span> <span class='ocrx_word' id='word_1_157' title='bbox 380 1283 539 1322; x_wconf 87' lang='lat' dir='ltr'>dicenda</span> <span class='ocrx_word' id='word_1_158' title='bbox 580 1285 660 1321; x_wconf 90' lang='lat' dir='ltr'>erat</span> <span class='ocrx_word' id='word_1_159' title='bbox 699 1278 916 1331; x_wconf 62' lang='grc' dir='ltr'>ἀσέληιιος.</span> <span class='ocrx_word' id='word_1_160' title='bbox 986 1278 1110 1333; x_wconf 84' lang='lat' dir='ltr'>Quare</span> <span class='ocrx_word' id='word_1_161' title='bbox 1142 1277 1408 1329; x_wconf 74' lang='lat' dir='ltr'>Etymelogum</span> <span class='ocrx_word' id='word_1_162' title='bbox 1447 1290 1520 1317; x_wconf 90' lang='lat' dir='ltr'>non</span> <span class='ocrx_word' id='word_1_163' title='bbox 1563 1279 1657 1316; x_wconf 86' lang='lat' dir='ltr'>satis</span> <span class='ocrx_word' id='word_1_164' title='bbox 1698 1280 1875 1316; x_wconf 88' lang='lat' dir='ltr'>accurate</span> 
     </span>
     <span class='ocr_line' id='line_1_18' title="bbox 229 1345 1876 1405; baseline -0.005 -12"><span class='ocrx_word' id='word_1_165' title='bbox 229 1353 475 1405; x_wconf 82' lang='lat' dir='ltr'>excerpsisse</span> <span class='ocrx_word' id='word_1_166' title='bbox 505 1351 628 1390; x_wconf 87' lang='lat' dir='ltr'>verba</span> <span class='ocrx_word' id='word_1_167' title='bbox 658 1350 862 1399; x_wconf 81' lang='lat' dir='ltr'>Nicandri,</span> <span class='ocrx_word' id='word_1_168' title='bbox 901 1351 964 1388; x_wconf 83' lang='lat' dir='ltr'>aut</span> <span class='ocrx_word' id='word_1_169' title='bbox 1005 1347 1251 1397; x_wconf 81' lang='lat' dir='ltr'>negligenter</span> <span class='ocrx_word' id='word_1_170' title='bbox 1290 1346 1391 1399; x_wconf 87' lang='lat' dir='ltr'>loqui</span> <span class='ocrx_word' id='word_1_171' title='bbox 1431 1346 1606 1385; x_wconf 85' lang='lat' dir='ltr'>arbitror.</span> <span class='ocrx_word' id='word_1_172' title='bbox 1668 1346 1750 1385; x_wconf 88' lang='lat' dir='ltr'>Res</span> <span class='ocrx_word' id='word_1_173' title='bbox 1781 1345 1876 1384; x_wconf 85' lang='lat' dir='ltr'>haec</span> 
     </span>
     <span class='ocr_line' id='line_1_19' title="bbox 230 1414 1873 1473; baseline -0.005 -11"><span class='ocrx_word' id='word_1_174' title='bbox 230 1426 334 1473; x_wconf 87' lang='lat' dir='ltr'>erat,</span> <span class='ocrx_word' id='word_1_175' title='bbox 366 1422 439 1461; x_wconf 89' lang='lat' dir='ltr'>nisi</span> <span class='ocrx_word' id='word_1_176' title='bbox 470 1420 592 1460; x_wconf 86' lang='lat' dir='ltr'>fallor.</span> <span class='ocrx_word' id='word_1_177' title='bbox 654 1418 1013 1458; x_wconf 86' lang='lat' dir='ltr'>Animadverterant</span> <span class='ocrx_word' id='word_1_178' title='bbox 1046 1416 1215 1468; x_wconf 81' lang='lat' dir='ltr'>regionis</span> <span class='ocrx_word' id='word_1_179' title='bbox 1247 1415 1347 1454; x_wconf 90' lang='lat' dir='ltr'>illius</span> <span class='ocrx_word' id='word_1_180' title='bbox 1380 1414 1547 1464; x_wconf 84' lang='lat' dir='ltr'>incolae,</span> <span class='ocrx_word' id='word_1_181' title='bbox 1579 1419 1725 1454; x_wconf 85' lang='lat' dir='ltr'>montes</span> <span class='ocrx_word' id='word_1_182' title='bbox 1756 1427 1873 1467; x_wconf 90' lang='lat' dir='ltr'>quos-</span> 
     </span>
     <span class='ocr_line' id='line_1_20' title="bbox 230 1483 1872 1542; baseline -0.006 -11"><span class='ocrx_word' id='word_1_183' title='bbox 230 1493 334 1542; x_wconf 87' lang='lat' dir='ltr'>dam,</span> <span class='ocrx_word' id='word_1_184' title='bbox 367 1491 449 1529; x_wconf 91' lang='lat' dir='ltr'>dum</span> <span class='ocrx_word' id='word_1_185' title='bbox 481 1493 560 1529; x_wconf 86' lang='lat' dir='ltr'>tota</span> <span class='ocrx_word' id='word_1_186' title='bbox 591 1488 707 1537; x_wconf 82' lang='lat' dir='ltr'>longe</span> <span class='ocrx_word' id='word_1_187' title='bbox 738 1487 888 1539; x_wconf 85' lang='lat' dir='ltr'>lateque</span> <span class='ocrx_word' id='word_1_188' title='bbox 921 1486 1030 1537; x_wconf 84' lang='lat' dir='ltr'>regio</span> <span class='ocrx_word' id='word_1_189' title='bbox 1062 1485 1196 1523; x_wconf 86' lang='lat' dir='ltr'>lumine</span> <span class='ocrx_word' id='word_1_190' title='bbox 1228 1485 1450 1523; x_wconf 80' lang='lat' dir='ltr'>circumfusa</span> <span class='ocrx_word' id='word_1_191' title='bbox 1484 1484 1602 1522; x_wconf 88' lang='lat' dir='ltr'>lunari</span> <span class='ocrx_word' id='word_1_192' title='bbox 1634 1483 1872 1534; x_wconf 88' lang='lat' dir='ltr'>splendebat,</span> 
     </span>
     <span class='ocr_line' id='line_1_21' title="bbox 230 1551 1873 1612; baseline -0.007 -11"><span class='ocrx_word' id='word_1_193' title='bbox 230 1571 490 1612; x_wconf 88' lang='lat' dir='ltr'>nonnunquam</span> <span class='ocrx_word' id='word_1_194' title='bbox 513 1561 637 1598; x_wconf 88' lang='lat' dir='ltr'>tectos</span> <span class='ocrx_word' id='word_1_195' title='bbox 665 1556 832 1606; x_wconf 81' lang='lat' dir='ltr'>caligine</span> <span class='ocrx_word' id='word_1_196' title='bbox 859 1555 1059 1606; x_wconf 84' lang='lat' dir='ltr'>umbraque</span> <span class='ocrx_word' id='word_1_197' title='bbox 1086 1555 1233 1592; x_wconf 90' lang='lat' dir='ltr'>iacere:</span> <span class='ocrx_word' id='word_1_198' title='bbox 1266 1552 1337 1591; x_wconf 89' lang='lat' dir='ltr'>hos</span> <span class='ocrx_word' id='word_1_199' title='bbox 1367 1556 1534 1601; x_wconf 85' lang='lat' dir='ltr'>montes,</span> <span class='ocrx_word' id='word_1_200' title='bbox 1559 1552 1620 1591; x_wconf 90' lang='lat' dir='ltr'>vel</span> <span class='ocrx_word' id='word_1_201' title='bbox 1644 1551 1743 1591; x_wconf 89' lang='lat' dir='ltr'>hunc</span> <span class='ocrx_word' id='word_1_202' title='bbox 1771 1564 1873 1591; x_wconf 91' lang='lat' dir='ltr'>mon-</span> 
     </span>
     <span class='ocr_line' id='line_1_22' title="bbox 232 1620 1875 1677; baseline -0.007 -7"><span class='ocrx_word' id='word_1_203' title='bbox 232 1634 325 1676; x_wconf 84' lang='lat' dir='ltr'>tem,</span> <span class='ocrx_word' id='word_1_204' title='bbox 355 1626 566 1677; x_wconf 74' lang='grc' dir='ltr'><em>Ἀσὲληνα</em></span> <span class='ocrx_word' id='word_1_205' title='bbox 597 1627 746 1674; x_wconf 87' lang='lat' dir='ltr'>dicere,</span> <span class='ocrx_word' id='word_1_206' title='bbox 790 1624 851 1662; x_wconf 85' lang='lat' dir='ltr'>vel</span> <span class='ocrx_word' id='word_1_207' title='bbox 882 1620 1132 1672; x_wconf 58' lang='lat' dir='ltr'>Ldoejayvov,</span> <span class='ocrx_word' id='word_1_208' title='bbox 1173 1625 1210 1661; x_wconf 90' lang='lat' dir='ltr'>et</span> <span class='ocrx_word' id='word_1_209' title='bbox 1241 1635 1349 1674; x_wconf 88' lang='lat' dir='ltr'>quum</span> <span class='ocrx_word' id='word_1_210' title='bbox 1380 1621 1520 1673; x_wconf 87' lang='lat' dir='ltr'>aliquid</span> <span class='ocrx_word' id='word_1_211' title='bbox 1560 1621 1606 1659; x_wconf 90' lang='lat' dir='ltr'>de</span> <span class='ocrx_word' id='word_1_212' title='bbox 1636 1621 1764 1660; x_wconf 87' lang='lat' dir='ltr'>Lunae</span> <span class='ocrx_word' id='word_1_213' title='bbox 1796 1633 1875 1659; x_wconf 89' lang='lat' dir='ltr'>cum</span> 
     </span>
     <span class='ocr_line' id='line_1_23' title="bbox 231 1690 1869 1750; baseline -0.006 -12"><span class='ocrx_word' id='word_1_214' title='bbox 231 1699 468 1750; x_wconf 78' lang='lat' dir='ltr'>Endymione</span> <span class='ocrx_word' id='word_1_215' title='bbox 500 1695 699 1736; x_wconf 86' lang='lat' dir='ltr'>concubitu</span> <span class='ocrx_word' id='word_1_216' title='bbox 732 1694 996 1744; x_wconf 82' lang='lat' dir='ltr'>accepissent,</span> <span class='ocrx_word' id='word_1_217' title='bbox 1040 1704 1118 1730; x_wconf 89' lang='lat' dir='ltr'>eum</span> <span class='ocrx_word' id='word_1_218' title='bbox 1156 1691 1200 1729; x_wconf 89' lang='lat' dir='ltr'>ad</span> <span class='ocrx_word' id='word_1_219' title='bbox 1241 1694 1399 1729; x_wconf 86' lang='lat' dir='ltr'>montem</span> <span class='ocrx_word' id='word_1_220' title='bbox 1432 1690 1530 1729; x_wconf 90' lang='lat' dir='ltr'>illum</span> <span class='ocrx_word' id='word_1_221' title='bbox 1562 1692 1704 1728; x_wconf 78' lang='lat' dir='ltr'>referre</span> <span class='ocrx_word' id='word_1_222' title='bbox 1736 1701 1869 1740; x_wconf 84' lang='lat' dir='ltr'>coepe-</span> 
     </span>
     <span class='ocr_line' id='line_1_24' title="bbox 233 1759 1878 1816; baseline -0.007 -9"><span class='ocrx_word' id='word_1_223' title='bbox 233 1770 330 1808; x_wconf 85' lang='lat' dir='ltr'>runt.</span> <span class='ocrx_word' id='word_1_224' title='bbox 392 1765 499 1806; x_wconf 88' lang='lat' dir='ltr'>Satis</span> <span class='ocrx_word' id='word_1_225' title='bbox 530 1768 643 1815; x_wconf 87' lang='lat' dir='ltr'>apte:</span> <span class='ocrx_word' id='word_1_226' title='bbox 676 1764 815 1816; x_wconf 89' lang='lat' dir='ltr'>quippe</span> <span class='ocrx_word' id='word_1_227' title='bbox 847 1761 1007 1800; x_wconf 88' lang='lat' dir='ltr'>decebat</span> <span class='ocrx_word' id='word_1_228' title='bbox 1040 1762 1075 1799; x_wconf 88' lang='lat' dir='ltr'>in</span> <span class='ocrx_word' id='word_1_229' title='bbox 1107 1760 1271 1800; x_wconf 85' lang='lat' dir='ltr'>obscuro</span> <span class='ocrx_word' id='word_1_230' title='bbox 1305 1761 1439 1811; x_wconf 74' lang='lat' dir='ltr'>peragi</span> <span class='ocrx_word' id='word_1_231' title='bbox 1470 1772 1546 1798; x_wconf 88' lang='lat' dir='ltr'>rem</span> <span class='ocrx_word' id='word_1_232' title='bbox 1578 1760 1698 1798; x_wconf 79' lang='lat' dir='ltr'>istam.</span> <span class='ocrx_word' id='word_1_233' title='bbox 1754 1759 1878 1808; x_wconf 83' lang='lat' dir='ltr'>Igitur</span> 
     </span>
     <span class='ocr_line' id='line_1_25' title="bbox 234 1826 1877 1889; baseline -0.004 -17"><span class='ocrx_word' id='word_1_234' title='bbox 234 1849 341 1889; x_wconf 81' lang='lat' dir='ltr'>quum</span> <span class='ocrx_word' id='word_1_235' title='bbox 372 1830 472 1878; x_wconf 59' lang='grc' dir='ltr'>τοὺς</span> <span class='ocrx_word' id='word_1_236' title='bbox 504 1826 659 1876; x_wconf 73' lang='grc' dir='ltr'><strong><em>ἄλλους</em></strong></span> <span class='ocrx_word' id='word_1_237' title='bbox 690 1829 846 1875; x_wconf 80' lang='grc' dir='ltr'><em>τόπους</em></span> <span class='ocrx_word' id='word_1_238' title='bbox 878 1830 970 1869; x_wconf 88' lang='lat' dir='ltr'>dicit</span> <span class='ocrx_word' id='word_1_239' title='bbox 1002 1829 1276 1880; x_wconf 73' lang='lat' dir='ltr'>Etymologus,</span> <span class='ocrx_word' id='word_1_240' title='bbox 1319 1842 1389 1867; x_wconf 92' lang='lat' dir='ltr'>non</span> <span class='ocrx_word' id='word_1_241' title='bbox 1422 1829 1536 1878; x_wconf 88' lang='lat' dir='ltr'>dicit,</span> <span class='ocrx_word' id='word_1_242' title='bbox 1576 1833 1639 1867; x_wconf 89' lang='lat' dir='ltr'>aut</span> <span class='ocrx_word' id='word_1_243' title='bbox 1671 1832 1774 1866; x_wconf 86' lang='lat' dir='ltr'>certe</span> <span class='ocrx_word' id='word_1_244' title='bbox 1805 1839 1877 1866; x_wconf 91' lang='lat' dir='ltr'>non</span> 
     </span>
     <span class='ocr_line' id='line_1_26' title="bbox 235 1896 1878 1953; baseline -0.006 -9"><span class='ocrx_word' id='word_1_245' title='bbox 235 1905 365 1944; x_wconf 87' lang='lat' dir='ltr'>debuit</span> <span class='ocrx_word' id='word_1_246' title='bbox 397 1904 543 1953; x_wconf 87' lang='lat' dir='ltr'>dicere,</span> <span class='ocrx_word' id='word_1_247' title='bbox 585 1901 680 1940; x_wconf 87' lang='lat' dir='ltr'>alios</span> <span class='ocrx_word' id='word_1_248' title='bbox 718 1899 824 1939; x_wconf 87' lang='lat' dir='ltr'>locos</span> <span class='ocrx_word' id='word_1_249' title='bbox 856 1903 1007 1951; x_wconf 89' lang='lat' dir='ltr'>praeter</span> <span class='ocrx_word' id='word_1_250' title='bbox 1039 1902 1183 1937; x_wconf 87' lang='lat' dir='ltr'>montes</span> <span class='ocrx_word' id='word_1_251' title='bbox 1214 1898 1318 1942; x_wconf 88' lang='lat' dir='ltr'>illos,</span> <span class='ocrx_word' id='word_1_252' title='bbox 1359 1898 1425 1935; x_wconf 89' lang='lat' dir='ltr'>sed</span> <span class='ocrx_word' id='word_1_253' title='bbox 1458 1897 1554 1935; x_wconf 88' lang='lat' dir='ltr'>alios</span> <span class='ocrx_word' id='word_1_254' title='bbox 1585 1898 1758 1936; x_wconf 87' lang='lat' dir='ltr'>montium</span> <span class='ocrx_word' id='word_1_255' title='bbox 1791 1896 1878 1934; x_wconf 89' lang='lat' dir='ltr'>illo-</span> 
     </span>
     <span class='ocr_line' id='line_1_27' title="bbox 234 1965 1878 2023; baseline -0.006 -10"><span class='ocrx_word' id='word_1_256' title='bbox 234 1987 312 2014; x_wconf 89' lang='lat' dir='ltr'>rum</span> <span class='ocrx_word' id='word_1_257' title='bbox 355 1973 463 2012; x_wconf 88' lang='lat' dir='ltr'>locos</span> <span class='ocrx_word' id='word_1_258' title='bbox 503 1973 656 2023; x_wconf 88' lang='lat' dir='ltr'>praeter</span> <span class='ocrx_word' id='word_1_259' title='bbox 699 1982 778 2008; x_wconf 90' lang='lat' dir='ltr'>eum</span> <span class='ocrx_word' id='word_1_260' title='bbox 820 1968 958 2017; x_wconf 87' lang='lat' dir='ltr'>locum,</span> <span class='ocrx_word' id='word_1_261' title='bbox 1009 1968 1044 2005; x_wconf 92' lang='lat' dir='ltr'>in</span> <span class='ocrx_word' id='word_1_262' title='bbox 1094 1980 1164 2020; x_wconf 86' lang='lat' dir='ltr'>qno</span> <span class='ocrx_word' id='word_1_263' title='bbox 1205 1968 1308 2006; x_wconf 87' lang='lat' dir='ltr'>Luna</span> <span class='ocrx_word' id='word_1_264' title='bbox 1352 1966 1600 2005; x_wconf 88' lang='lat' dir='ltr'>accumbebat</span> <span class='ocrx_word' id='word_1_265' title='bbox 1641 1965 1878 2016; x_wconf 72' lang='lat' dir='ltr'>Endymioni-</span> 
     </span>
     <span class='ocr_line' id='line_1_28' title="bbox 237 2036 1878 2089; baseline -0.007 -6"><span class='ocrx_word' id='word_1_266' title='bbox 237 2042 435 2084; x_wconf 86' lang='lat' dir='ltr'>Caeterum</span> <span class='ocrx_word' id='word_1_267' title='bbox 466 2040 713 2082; x_wconf 86' lang='lat' dir='ltr'>Nicandrum,</span> <span class='ocrx_word' id='word_1_268' title='bbox 748 2052 796 2077; x_wconf 88' lang='lat' dir='ltr'>ex</span> <span class='ocrx_word' id='word_1_269' title='bbox 828 2037 889 2075; x_wconf 88' lang='lat' dir='ltr'>his</span> <span class='ocrx_word' id='word_1_270' title='bbox 916 2049 1010 2089; x_wconf 88' lang='lat' dir='ltr'>quae</span> <span class='ocrx_word' id='word_1_271' title='bbox 1032 2036 1328 2087; x_wconf 80' lang='lat' dir='ltr'>disputavimus,</span> <span class='ocrx_word' id='word_1_272' title='bbox 1361 2037 1575 2073; x_wconf 81' lang='lat' dir='ltr'>recessisse</span> <span class='ocrx_word' id='word_1_273' title='bbox 1603 2037 1705 2086; x_wconf 87' lang='lat' dir='ltr'>patet</span> <span class='ocrx_word' id='word_1_274' title='bbox 1729 2047 1751 2072; x_wconf 87' lang='lat' dir='ltr'>a</span> <span class='ocrx_word' id='word_1_275' title='bbox 1776 2046 1878 2073; x_wconf 89' lang='lat' dir='ltr'>com-</span> 
     </span>
     <span class='ocr_line' id='line_1_29' title="bbox 235 2104 1878 2159; baseline -0.007 -8"><span class='ocrx_word' id='word_1_276' title='bbox 235 2113 334 2151; x_wconf 90' lang='lat' dir='ltr'>muni</span> <span class='ocrx_word' id='word_1_277' title='bbox 366 2108 618 2156; x_wconf 82' lang='lat' dir='ltr'>Callimacho,</span> <span class='ocrx_word' id='word_1_278' title='bbox 656 2108 885 2159; x_wconf 86' lang='lat' dir='ltr'>Apollonio,</span> <span class='ocrx_word' id='word_1_279' title='bbox 926 2106 1011 2145; x_wconf 88' lang='lat' dir='ltr'>aliis</span> <span class='ocrx_word' id='word_1_280' title='bbox 1043 2106 1229 2157; x_wconf 88' lang='lat' dir='ltr'>plurimis,</span> <span class='ocrx_word' id='word_1_281' title='bbox 1269 2106 1405 2144; x_wconf 81' lang='lat' dir='ltr'>Nonne</span> <span class='ocrx_word' id='word_1_282' title='bbox 1438 2116 1604 2157; x_wconf 86' lang='lat' dir='ltr'>quoque,</span> <span class='ocrx_word' id='word_1_283' title='bbox 1644 2104 1878 2150; x_wconf 88' lang='lat' dir='ltr'>narratione,</span> 
     </span>
     <span class='ocr_line' id='line_1_30' title="bbox 238 2173 1878 2234; baseline -0.005 -16"><span class='ocrx_word' id='word_1_284' title='bbox 238 2193 334 2234; x_wconf 88' lang='lat' dir='ltr'>quae</span> <span class='ocrx_word' id='word_1_285' title='bbox 380 2180 424 2218; x_wconf 85' lang='lat' dir='ltr'>ad</span> <span class='ocrx_word' id='word_1_286' title='bbox 465 2179 652 2222; x_wconf 86' lang='lat' dir='ltr'>Latmum,</span> <span class='ocrx_word' id='word_1_287' title='bbox 703 2176 837 2217; x_wconf 89' lang='lat' dir='ltr'>Cariae</span> <span class='ocrx_word' id='word_1_288' title='bbox 877 2179 1059 2224; x_wconf 88' lang='lat' dir='ltr'>montem,</span> <span class='ocrx_word' id='word_1_289' title='bbox 1107 2174 1308 2223; x_wconf 72' lang='lat' dir='ltr'>relegabat</span> <span class='ocrx_word' id='word_1_290' title='bbox 1345 2173 1613 2223; x_wconf 73' lang='lat' dir='ltr'>Endymionem</span> <span class='ocrx_word' id='word_1_291' title='bbox 1653 2173 1878 2224; x_wconf 87' lang='lat' dir='ltr'>Lunamque.</span> 
     </span>
     <span class='ocr_line' id='line_1_31' title="bbox 236 2241 1880 2299; baseline -0.007 -10"><span class='ocrx_word' id='word_1_292' title='bbox 236 2249 465 2290; x_wconf 85' lang='lat' dir='ltr'>Adscribam</span> <span class='ocrx_word' id='word_1_293' title='bbox 497 2260 592 2299; x_wconf 91' lang='lat' dir='ltr'>quae</span> <span class='ocrx_word' id='word_1_294' title='bbox 623 2246 695 2285; x_wconf 91' lang='lat' dir='ltr'>huc</span> <span class='ocrx_word' id='word_1_295' title='bbox 727 2247 938 2296; x_wconf 83' lang='lat' dir='ltr'>pertinent,</span> <span class='ocrx_word' id='word_1_296' title='bbox 979 2257 1028 2282; x_wconf 83' lang='lat' dir='ltr'>ex</span> <span class='ocrx_word' id='word_1_297' title='bbox 1059 2242 1214 2281; x_wconf 81' lang='lat' dir='ltr'>scholiis</span> <span class='ocrx_word' id='word_1_298' title='bbox 1246 2243 1282 2281; x_wconf 90' lang='lat' dir='ltr'>in</span> <span class='ocrx_word' id='word_1_299' title='bbox 1315 2241 1558 2292; x_wconf 89' lang='lat' dir='ltr'>Apollonium</span> <span class='ocrx_word' id='word_1_300' title='bbox 1591 2242 1792 2287; x_wconf 85' lang='lat' dir='ltr'>Parisinis,</span> <span class='ocrx_word' id='word_1_301' title='bbox 1834 2251 1880 2278; x_wconf 90' lang='lat' dir='ltr'>ne</span> 
     </span>
     <span class='ocr_line' id='line_1_32' title="bbox 238 2310 1880 2371; baseline -0.007 -14"><span class='ocrx_word' id='word_1_302' title='bbox 238 2319 323 2371; x_wconf 91' lang='lat' dir='ltr'>quis</span> <span class='ocrx_word' id='word_1_303' title='bbox 354 2329 399 2356; x_wconf 88' lang='lat' dir='ltr'>ea</span> <span class='ocrx_word' id='word_1_304' title='bbox 430 2328 624 2367; x_wconf 84' lang='lat' dir='ltr'>perperam</span> <span class='ocrx_word' id='word_1_305' title='bbox 655 2314 840 2364; x_wconf 84' lang='lat' dir='ltr'>accipiat,</span> <span class='ocrx_word' id='word_1_306' title='bbox 880 2315 918 2352; x_wconf 93' lang='lat' dir='ltr'>et</span> <span class='ocrx_word' id='word_1_307' title='bbox 949 2312 1084 2365; x_wconf 87' lang='lat' dir='ltr'>aliquid</span> <span class='ocrx_word' id='word_1_308' title='bbox 1119 2325 1140 2350; x_wconf 89' lang='lat' dir='ltr'>a</span> <span class='ocrx_word' id='word_1_309' title='bbox 1171 2311 1329 2350; x_wconf 85' lang='lat' dir='ltr'>scholiis</span> <span class='ocrx_word' id='word_1_310' title='bbox 1369 2310 1456 2349; x_wconf 89' lang='lat' dir='ltr'>olim</span> <span class='ocrx_word' id='word_1_311' title='bbox 1489 2310 1661 2360; x_wconf 79' lang='lat' dir='ltr'>vulgatis</span> <span class='ocrx_word' id='word_1_312' title='bbox 1693 2311 1880 2348; x_wconf 86' lang='lat' dir='ltr'>diversum</span> 
     </span>
     <span class='ocr_line' id='line_1_33' title="bbox 238 2375 1883 2431; baseline -0.009 -4"><span class='ocrx_word' id='word_1_313' title='bbox 238 2387 388 2427; x_wconf 81' lang='lat' dir='ltr'>tradere</span> <span class='ocrx_word' id='word_1_314' title='bbox 429 2384 636 2424; x_wconf 81' lang='lat' dir='ltr'>existimet.</span> <span class='ocrx_word' id='word_1_315' title='bbox 706 2379 822 2431; x_wconf 72' lang='grc' dir='ltr'>Περί</span> <span class='ocrx_word' id='word_1_316' title='bbox 859 2380 905 2418; x_wconf 72' lang='grc' dir='ltr'>δὲ</span> <span class='ocrx_word' id='word_1_317' title='bbox 944 2380 1020 2417; x_wconf 77' lang='grc' dir='ltr'>τοῦ</span> <span class='ocrx_word' id='word_1_318' title='bbox 1060 2380 1134 2430; x_wconf 77' lang='grc' dir='ltr'>τῆς</span> <span class='ocrx_word' id='word_1_319' title='bbox 1172 2377 1359 2429; x_wconf 66' lang='grc' dir='ltr'>Σελήνης</span> <span class='ocrx_word' id='word_1_320' title='bbox 1400 2375 1558 2426; x_wconf 73' lang='grc' dir='ltr'><em>ἔρωτος</em></span> <span class='ocrx_word' id='word_1_321' title='bbox 1599 2375 1768 2429; x_wconf 76' lang='grc' dir='ltr'><em>Σαπφώ</em></span> <span class='ocrx_word' id='word_1_322' title='bbox 1810 2376 1883 2413; x_wconf 84' lang='grc' dir='ltr'><em>καί</em></span> 
     </span>
     <span class='ocr_line' id='line_1_34' title="bbox 240 2441 1881 2502; baseline -0.006 -9"><span class='ocrx_word' id='word_1_323' title='bbox 240 2452 483 2502; x_wconf 68' lang='grc' dir='ltr'><em>Νίκανδρος</em></span> <span class='ocrx_word' id='word_1_324' title='bbox 521 2450 565 2489; x_wconf 75' lang='grc' dir='ltr'>ἐν</span> <span class='ocrx_word' id='word_1_325' title='bbox 601 2452 627 2500; x_wconf 77' lang='grc' dir='ltr'>β</span> <span class='ocrx_word' id='word_1_326' title='bbox 672 2448 844 2501; x_wconf 68' lang='grc' dir='ltr'><em>ἅρώπης</em></span> <span class='ocrx_word' id='word_1_327' title='bbox 884 2447 1121 2499; x_wconf 67' lang='grc' dir='ltr'>ἱστοροῦσι.</span> <span class='ocrx_word' id='word_1_328' title='bbox 1189 2446 1310 2485; x_wconf 72' lang='lat' dir='ltr'>(Daoi</span> <span class='ocrx_word' id='word_1_329' title='bbox 1348 2445 1425 2497; x_wconf 66' lang='grc' dir='ltr'>γὰρ</span> <span class='ocrx_word' id='word_1_330' title='bbox 1471 2446 1767 2497; x_wconf 66' lang='grc' dir='ltr'><em>κατέρχεσθαι</em></span> <span class='ocrx_word' id='word_1_331' title='bbox 1806 2441 1881 2496; x_wconf 68' lang='grc' dir='ltr'>τήν</span> 
     </span>
     <span class='ocr_line' id='line_1_35' title="bbox 242 2512 1881 2574; baseline -0.007 -13"><span class='ocrx_word' id='word_1_332' title='bbox 242 2521 433 2574; x_wconf 78' lang='grc' dir='ltr'>Σελήνην</span> <span class='ocrx_word' id='word_1_333' title='bbox 463 2517 566 2571; x_wconf 74' lang='grc' dir='ltr'><em>πρὸς</em></span> <span class='ocrx_word' id='word_1_334' title='bbox 591 2517 855 2567; x_wconf 65' lang='grc' dir='ltr'><em>Ἐνδυμίωνα</em></span> <span class='ocrx_word' id='word_1_335' title='bbox 889 2516 1160 2556; x_wconf 63' lang='grc' dir='ltr'><em>καθεύδοντα</em></span> <span class='ocrx_word' id='word_1_336' title='bbox 1194 2513 1323 2553; x_wconf 55' lang='grc' dir='ltr'><em>αὐτὸν</em></span> <span class='ocrx_word' id='word_1_337' title='bbox 1357 2518 1401 2565; x_wconf 83' lang='lat' dir='ltr'>(f.</span> <span class='ocrx_word' id='word_1_338' title='bbox 1437 2514 1588 2569; x_wconf 66' lang='grc' dir='ltr'><em>αὐτοῦ)</em></span> <span class='ocrx_word' id='word_1_339' title='bbox 1623 2516 1666 2553; x_wconf 78' lang='grc' dir='ltr'>ἐν</span> <span class='ocrx_word' id='word_1_340' title='bbox 1697 2515 1754 2567; x_wconf 72' lang='grc' dir='ltr'>τῷ</span> <span class='ocrx_word' id='word_1_341' title='bbox 1780 2512 1881 2552; x_wconf 82' lang='grc' dir='ltr'>Λά-</span> 
     </span>
     <span class='ocr_line' id='line_1_36' title="bbox 240 2583 1880 2646; baseline -0.006 -14"><span class='ocrx_word' id='word_1_342' title='bbox 240 2606 330 2646; x_wconf 80' lang='grc' dir='ltr'>τμῳ</span> <span class='ocrx_word' id='word_1_343' title='bbox 363 2588 421 2644; x_wconf 74' lang='grc' dir='ltr'>τῷ</span> <span class='ocrx_word' id='word_1_344' title='bbox 453 2583 557 2641; x_wconf 73' lang='grc' dir='ltr'>ὄρει.</span> <span class='ocrx_word' id='word_1_345' title='bbox 616 2591 741 2638; x_wconf 88' lang='lat' dir='ltr'>Haec,</span> <span class='ocrx_word' id='word_1_346' title='bbox 774 2590 807 2627; x_wconf 91' lang='lat' dir='ltr'>si</span> <span class='ocrx_word' id='word_1_347' title='bbox 839 2586 952 2639; x_wconf 71' lang='grc' dir='ltr'><em>φασί</em></span> <span class='ocrx_word' id='word_1_348' title='bbox 980 2589 1024 2627; x_wconf 89' lang='lat' dir='ltr'>ad</span> <span class='ocrx_word' id='word_1_349' title='bbox 1059 2587 1214 2638; x_wconf 88' lang='lat' dir='ltr'>Sappho</span> <span class='ocrx_word' id='word_1_350' title='bbox 1248 2590 1286 2626; x_wconf 89' lang='lat' dir='ltr'>et</span> <span class='ocrx_word' id='word_1_351' title='bbox 1316 2588 1543 2626; x_wconf 89' lang='lat' dir='ltr'>Nicandrum</span> <span class='ocrx_word' id='word_1_352' title='bbox 1576 2587 1756 2637; x_wconf 86' lang='lat' dir='ltr'>pertinet,</span> <span class='ocrx_word' id='word_1_353' title='bbox 1788 2596 1880 2622; x_wconf 85' lang='lat' dir='ltr'>eon-</span> 
     </span>
     <span class='ocr_line' id='line_1_37' title="bbox 241 2652 1880 2708; baseline -0.009 -4"><span class='ocrx_word' id='word_1_354' title='bbox 241 2664 357 2704; x_wconf 88' lang='lat' dir='ltr'>traria</span> <span class='ocrx_word' id='word_1_355' title='bbox 398 2664 506 2700; x_wconf 87' lang='lat' dir='ltr'>erunt</span> <span class='ocrx_word' id='word_1_356' title='bbox 537 2660 750 2699; x_wconf 89' lang='lat' dir='ltr'>sententiae</span> <span class='ocrx_word' id='word_1_357' title='bbox 788 2660 959 2703; x_wconf 87' lang='lat' dir='ltr'>nostrae,</span> <span class='ocrx_word' id='word_1_358' title='bbox 1002 2659 1040 2696; x_wconf 90' lang='lat' dir='ltr'>et</span> <span class='ocrx_word' id='word_1_359' title='bbox 1070 2656 1295 2695; x_wconf 82' lang='lat' dir='ltr'>Nicandrum</span> <span class='ocrx_word' id='word_1_360' title='bbox 1334 2668 1482 2708; x_wconf 89' lang='lat' dir='ltr'>quoque</span> <span class='ocrx_word' id='word_1_361' title='bbox 1521 2655 1558 2693; x_wconf 89' lang='lat' dir='ltr'>in</span> <span class='ocrx_word' id='word_1_362' title='bbox 1594 2654 1721 2693; x_wconf 88' lang='lat' dir='ltr'>Latmo</span> <span class='ocrx_word' id='word_1_363' title='bbox 1759 2652 1880 2691; x_wconf 90' lang='lat' dir='ltr'>collo-</span> 
     </span>
     <span class='ocr_line' id='line_1_38' title="bbox 244 2721 1880 2781; baseline -0.008 -9"><span class='ocrx_word' id='word_1_364' title='bbox 244 2744 354 2772; x_wconf 86' lang='lat' dir='ltr'>casse</span> <span class='ocrx_word' id='word_1_365' title='bbox 385 2730 656 2781; x_wconf 81' lang='lat' dir='ltr'>Endymionem</span> <span class='ocrx_word' id='word_1_366' title='bbox 688 2729 878 2765; x_wconf 86' lang='lat' dir='ltr'>evincent.</span> <span class='ocrx_word' id='word_1_367' title='bbox 924 2726 979 2765; x_wconf 90' lang='lat' dir='ltr'>At</span> <span class='ocrx_word' id='word_1_368' title='bbox 1003 2737 1097 2764; x_wconf 88' lang='lat' dir='ltr'>vero</span> <span class='ocrx_word' id='word_1_369' title='bbox 1123 2724 1270 2763; x_wconf 90' lang='lat' dir='ltr'>scholia</span> <span class='ocrx_word' id='word_1_370' title='bbox 1301 2726 1507 2763; x_wconf 85' lang='lat' dir='ltr'>conferenti</span> <span class='ocrx_word' id='word_1_371' title='bbox 1539 2722 1622 2761; x_wconf 88' lang='lat' dir='ltr'>olim</span> <span class='ocrx_word' id='word_1_372' title='bbox 1654 2722 1753 2760; x_wconf 87' lang='lat' dir='ltr'>edita</span> <span class='ocrx_word' id='word_1_373' title='bbox 1783 2721 1880 2760; x_wconf 90' lang='lat' dir='ltr'>aliud</span> 
     </span>
     <span class='ocr_line' id='line_1_39' title="bbox 244 2786 1879 2853; baseline -0.009 -12"><span class='ocrx_word' id='word_1_374' title='bbox 244 2801 403 2853; x_wconf 78' lang='lat' dir='ltr'>patebit.</span> <span class='ocrx_word' id='word_1_375' title='bbox 463 2799 519 2837; x_wconf 81' lang='lat' dir='ltr'>Ea</span> <span class='ocrx_word' id='word_1_376' title='bbox 549 2799 628 2837; x_wconf 83' lang='lat' dir='ltr'>sic:</span> <span class='ocrx_word' id='word_1_377' title='bbox 673 2793 788 2845; x_wconf 70' lang='grc' dir='ltr'>Περί</span> <span class='ocrx_word' id='word_1_378' title='bbox 818 2793 865 2831; x_wconf 76' lang='grc' dir='ltr'>δὲ</span> <span class='ocrx_word' id='word_1_379' title='bbox 896 2793 973 2830; x_wconf 77' lang='grc' dir='ltr'>τοῦ</span> <span class='ocrx_word' id='word_1_380' title='bbox 1004 2792 1077 2842; x_wconf 80' lang='grc' dir='ltr'>τῆς</span> <span class='ocrx_word' id='word_1_381' title='bbox 1113 2790 1297 2843; x_wconf 71' lang='grc' dir='ltr'>Σελήνης</span> <span class='ocrx_word' id='word_1_382' title='bbox 1328 2792 1486 2840; x_wconf 72' lang='grc' dir='ltr'><em>ἔρωτος</em></span> <span class='ocrx_word' id='word_1_383' title='bbox 1517 2788 1686 2840; x_wconf 73' lang='grc' dir='ltr'><em>ἱστορεῖ</em></span> <span class='ocrx_word' id='word_1_384' title='bbox 1711 2786 1879 2840; x_wconf 71' lang='grc' dir='ltr'><em>Σαπφώ</em></span> 
     </span>
     <span class='ocr_line' id='line_1_40' title="bbox 246 2857 1883 2917; baseline -0.008 -10"><span class='ocrx_word' id='word_1_385' title='bbox 246 2868 319 2907; x_wconf 76' lang='grc' dir='ltr'>καί</span> <span class='ocrx_word' id='word_1_386' title='bbox 351 2866 589 2917; x_wconf 70' lang='grc' dir='ltr'><em>Νίκανδρος</em></span> <span class='ocrx_word' id='word_1_387' title='bbox 621 2864 664 2903; x_wconf 79' lang='grc' dir='ltr'>ἐν</span> <span class='ocrx_word' id='word_1_388' title='bbox 698 2864 881 2916; x_wconf 72' lang='grc' dir='ltr'><em>δευτέρῳ</em></span> <span class='ocrx_word' id='word_1_389' title='bbox 914 2861 1139 2912; x_wconf 67' lang='grc' dir='ltr'>Εὐρώπης.</span> <span class='ocrx_word' id='word_1_390' title='bbox 1171 2860 1361 2910; x_wconf 73' lang='grc' dir='ltr'><em>Λέγεται</em></span> <span class='ocrx_word' id='word_1_391' title='bbox 1405 2861 1450 2899; x_wconf 75' lang='grc' dir='ltr'>δὲ</span> <span class='ocrx_word' id='word_1_392' title='bbox 1491 2859 1785 2908; x_wconf 72' lang='grc' dir='ltr'><em>κατέρχεσθαι</em></span> <span class='ocrx_word' id='word_1_393' title='bbox 1819 2857 1883 2904; x_wconf 83' lang='grc' dir='ltr'>εἰς</span> 
     </span>
     <span class='ocr_line' id='line_1_41' title="bbox 244 2928 1883 2985; baseline -0.004 -10"><span class='ocrx_word' id='word_1_394' title='bbox 244 2938 369 2975; x_wconf 74' lang='grc' dir='ltr'>τοῦτο</span> <span class='ocrx_word' id='word_1_395' title='bbox 402 2934 447 2975; x_wconf 78' lang='grc' dir='ltr'>τὸ</span> <span class='ocrx_word' id='word_1_396' title='bbox 482 2930 634 2984; x_wconf 70' lang='grc' dir='ltr'><em>ἄντρον</em></span> <span class='ocrx_word' id='word_1_397' title='bbox 664 2933 739 2985; x_wconf 64' lang='grc' dir='ltr'>τήν</span> <span class='ocrx_word' id='word_1_398' title='bbox 772 2931 963 2984; x_wconf 72' lang='grc' dir='ltr'>Σελήνην</span> <span class='ocrx_word' id='word_1_399' title='bbox 993 2929 1096 2981; x_wconf 72' lang='grc' dir='ltr'>πρὸς</span> <span class='ocrx_word' id='word_1_400' title='bbox 1124 2929 1400 2980; x_wconf 65' lang='grc' dir='ltr'><strong>Ένὸυμιὶοιά.</strong></span> <span class='ocrx_word' id='word_1_401' title='bbox 1446 2931 1545 2969; x_wconf 77' lang='lat' dir='ltr'>Iden}</span> <span class='ocrx_word' id='word_1_402' title='bbox 1577 2931 1635 2968; x_wconf 82' lang='lat' dir='ltr'>est</span> <span class='ocrx_word' id='word_1_403' title='bbox 1660 2929 1758 2979; x_wconf 84' lang='lat' dir='ltr'>apud</span> <span class='ocrx_word' id='word_1_404' title='bbox 1785 2928 1883 2968; x_wconf 86' lang='lat' dir='ltr'>hunc</span> 
     </span>
     <span class='ocr_line' id='line_1_42' title="bbox 246 2997 1881 3060; baseline -0.007 -13"><span class='ocrx_word' id='word_1_405' title='bbox 246 3008 433 3059; x_wconf 75' lang='grc' dir='ltr'>λέγεται,</span> <span class='ocrx_word' id='word_1_406' title='bbox 459 3007 555 3060; x_wconf 85' lang='lat' dir='ltr'>apud</span> <span class='ocrx_word' id='word_1_407' title='bbox 589 3005 686 3046; x_wconf 90' lang='lat' dir='ltr'>illum</span> <span class='ocrx_word' id='word_1_408' title='bbox 720 3003 842 3056; x_wconf 80' lang='grc' dir='ltr'><strong>φασί.</strong></span> <span class='ocrx_word' id='word_1_409' title='bbox 901 3003 1024 3044; x_wconf 86' lang='lat' dir='ltr'>Primo</span> <span class='ocrx_word' id='word_1_410' title='bbox 1057 3003 1178 3042; x_wconf 84' lang='lat' dir='ltr'>testes</span> <span class='ocrx_word' id='word_1_411' title='bbox 1210 3000 1279 3041; x_wconf 86' lang='lat' dir='ltr'>hac</span> <span class='ocrx_word' id='word_1_412' title='bbox 1310 3001 1357 3040; x_wconf 89' lang='lat' dir='ltr'>de</span> <span class='ocrx_word' id='word_1_413' title='bbox 1387 2998 1511 3038; x_wconf 83' lang='lat' dir='ltr'>fabula</span> <span class='ocrx_word' id='word_1_414' title='bbox 1542 2997 1614 3036; x_wconf 89' lang='lat' dir='ltr'>duo</span> <span class='ocrx_word' id='word_1_415' title='bbox 1645 2998 1881 3048; x_wconf 85' lang='lat' dir='ltr'>gravissimi,</span> 
     </span>
    </p>
   </div>
  </div>
 </body>
</html>
