2006 3365
289 146 389 192 164
837 139 914 178 AN
917 136 979 178 [M
984 136 1361 178 ADVERSIONES

290 258 512 305 vicenum,
544 254 709 306 reliquae
733 256 821 293 ante
839 252 1021 302 Aldinas,
1053 254 1091 291 et
1115 251 1251 291 multae
1273 254 1361 303 post
1382 250 1562 304 Aldinae,
1594 253 1633 292 ut
1656 251 1778 300 Lugd.
1801 254 1920 290 1529.

289 327 407 367 Basil.
442 327 562 364 1543.
610 323 736 372 bugd.
776 326 813 361 et
844 322 966 361 Antv.
1002 324 1122 360 1556.
1170 320 1261 359 Bas.
1293 320 1344 359 H.
1375 321 1418 360 P.
1454 325 1573 361 1561.
1627 319 1921 369 Scaligeranae,

289 394 490 441 Pithoeus,
523 391 571 430 ai.
690 391 759 430 Est
788 395 909 429 autem
949 402 1164 430 excurrens
1202 389 1297 428 haud
1340 390 1452 429 dubie
1491 403 1513 429 a
1544 392 1759 429 correctore
1790 389 1922 440 profe-

291 467 409 513 ctum,
449 462 510 514 qui
549 463 665 499 metro
707 460 913 509 metuebat,
953 472 1060 512 quum
1091 458 1252 497 Phoebe
1291 471 1378 497 esse
1417 472 1438 498 a
1468 461 1695 499 nominativo
1734 457 1922 497 Phoebus

289 532 516 582 opinaretur.
577 529 667 568 Alia
698 529 903 576 correctio,
936 528 1063 566 eadem
1091 528 1137 566 de
1163 540 1297 565 caussa
1317 529 1438 577 saeta,
1467 528 1618 581 phebus
1644 529 1723 576 est,
1750 530 1790 565 ut
1820 525 1924 575 iegi-

290 605 349 639 tur
378 600 415 638 in
446 599 596 638 Monac.
628 598 657 637 l.
692 598 738 636 ΙΙ.
773 597 931 637 Vratisl.
964 596 994 635 Ι.
1087 597 1235 650 phoebe
1265 596 1406 635 caeteri
1439 608 1589 647 omnes,
1622 596 1722 634 nulla
1753 594 1825 632 nisi
1857 606 1925 632 01·-

289 668 540 720 thographiae
572 668 775 713 varivtate.
816 672 854 706 ut
882 666 1038 719 phaebe
1074 667 1110 704 in
1142 666 1249 705 Rom.
1282 665 1310 703 l.
1369 664 1494 717 phebe
1523 665 1557 702 iu
1589 665 1698 704 Rom.
1732 665 1785 702 ll.
1826 662 1924 701 Ven.

290 737 431 777 Achat.
550 736 696 775 Deinde
728 736 846 775 Luna
877 739 934 775 tui
963 742 1088 774 tecum
1118 741 1180 774 est
1211 734 1342 784 scripti
1374 733 1470 784 apud
1498 733 1714 781 Heinsium‚
1748 733 1808 784 qui
1840 733 1928 771 sunt

290 807 522 846 Petavianus
553 811 591 844 et
620 805 846 851 Timaui-us,
887 803 1006 842 Voss
1040 803 1069 842 l.
1103 805 1135 841 si
1167 805 1192 841 f.
1225 817 1257 841 s.
1300 806 1338 841 ut
1369 805 1429 841 est
1461 802 1554 840 fides
1584 801 1679 840 haud
1713 802 1845 847 dubie,
1889 802 1928 838 et

291 875 419 925 Leid.,
449 876 593 926 mquue
624 879 695 913 tam
728 874 860 924 scripti
894 886 998 926 quam
1031 873 1238 924 antiquitus
1271 872 1359 910 editi
1392 884 1541 916 omnes,
1573 871 1645 909 nisi
1678 870 1773 922 quod
1800 869 1848 908 L.
1870 872 1928 908 tui

290 958 433 984 mecum
462 958 495 983 e.
535 944 570 981 in
603 942 760 981 Vratisl.
783 943 829 981 ΙΙ.
891 949 963 981 tua
994 948 1057 981 esc
1097 949 1220 980 tecum
1252 942 1442 979 inventum
1473 940 1646 990 suspicor
1677 951 1765 977 esse
1797 937 1927 976 Badii:

291 1014 431 1063 legitur
461 1013 497 1050 in
528 1012 800 1057 Ascensianis‚
842 1012 937 1062 apud
972 1009 1224 1059 Cronflitium,
1264 1010 1300 1047 in
1334 1009 1498 1048 Florent.
1532 1009 1627 1048 lunt.
1671 1009 1770 1048 Ven.
1808 1009 1928 1045 1555.

293 1083 415 1121 Antv.
449 1084 570 1119 1556.
611 1082 649 1119 et
679 1081 713 1118 in
753 1081 920 1128 margine
959 1079 1234 1128 nonnullarum,
1276 1081 1315 1117 ut
1345 1078 1612 1127 Lugdunensis
1649 1081 1767 1116 1529.
1812 1075 1929 1114 Basil.

296 1150 401 1201 Bryi.
437 1152 559 1188 1543.
590 1149 686 1187 unde
717 1148 855 1187 illatum
888 1151 971 1197 est,
1004 1147 1105 1185 nullo
1138 1160 1206 1185 suo
1239 1147 1388 1194 merito,
1420 1147 1456 1184 in
1489 1146 1782 1197 Scaligeranas‚
1824 1144 1931 1183 alias.

296 1223 354 1259 tui
382 1224 446 1259 est
474 1224 597 1258 tecum
628 1217 750 1266 Lugd.
789 1221 907 1255 1529.
948 1221 986 1255 et
1024 1228 1153 1264 margo
1192 1215 1308 1254 Basii.
1351 1215 1459 1266 Bryl.
1497 1218 1615 1254 1543.
1732 1215 1840 1254 Haec
1871 1214 1932 1266 qui

297 1289 458 1338 legerit,
495 1288 659 1326 sortasse
698 1286 877 1325 iudicabit
907 1297 1045 1324 mecum
1076 1284 1197 1323 libera
1226 1284 1273 1322 ab
1306 1284 1401 1322 omni
1443 1285 1662 1334 suspicione
1693 1296 1782 1322 esse
1814 1282 1935 1321 verba

300 1357 456 1396 Phoebe
485 1369 663 1395 currens.
710 1354 819 1393 Unde
850 1355 1038 1406 sequitur,
1071 1365 1236 1403 pergere
1266 1355 1414 1404 poetam
1445 1353 1481 1390 in
1512 1352 1768 1402 descriptione
1791 1352 1933 1398 noctis,

300 1439 371 1466 non
402 1425 498 1464 hanc
528 1425 748 1464 sententiam
781 1435 988 1468 exornare,
1021 1434 1115 1474 quae
1145 1433 1213 1473 per
1244 1434 1287 1460 se
1313 1422 1456 1460 minime
1483 1422 1611 1472 inepta
1636 1422 1754 1469 soret,
1787 1424 1825 1459 et
1853 1420 1936 1471 ipsa

302 1507 448 1548 quoque
478 1496 679 1541 amantem,
724 1496 762 1530 ut
792 1491 1022 1530 Laodamiam
1057 1491 1183 1529 Ovidii
1216 1490 1340 1541 Epist.
1372 1490 1482 1530 Xlll.
1518 1493 1610 1529 103.
1642 1502 1698 1542 sq.
1732 1489 1862 1538 decet,
1894 1501 1937 1527 se

304 1568 415 1603 noctu
444 1566 556 1615 atque
587 1561 746 1601 interdiu
779 1561 951 1610 cogitare
983 1563 1021 1599 et
1052 1559 1268 1598 desiderare
1298 1559 1467 1609 Lydiam.
1557 1557 1707 1598 Certum
1734 1560 1793 1597 est
1824 1569 1936 1609 porro

306 1636 377 1674 tum
410 1645 459 1672 ex
490 1631 761 1683 sequentihus:
794 1643 864 1668 em·
894 1642 968 1667 non
999 1635 1061 1668 es!
1092 1635 1129 1668 et
1154 1641 1238 1667 mea
1261 1641 1426 1676 meeum,
1461 1629 1499 1666 et
1523 1626 1664 1675 Luna,
1692 1627 1805 1666 dolor
1830 1628 1939 1665 nosti

307 1706 380 1743 ete.
413 1703 485 1741 tum
517 1713 566 1739 ex
596 1701 674 1739 tota
706 1697 863 1737 Catonis
895 1697 1170 1748 disputatione,
1203 1696 1249 1735 de
1281 1697 1468 1734 amoribus
1499 1696 1564 1744 agi
1596 1695 1735 1734 Lunae.
1797 1694 1835 1734 A
1866 1707 1937 1746 pe-

308 1784 394 1811 core
425 1771 470 1810 ad
501 1770 594 1808 deos
624 1768 777 1818 pergit:
810 1768 917 1805 etiam
950 1767 999 1804 dii
1031 1777 1074 1804 ae
1105 1766 1199 1804 deae
1229 1766 1416 1803 amoribus
1440 1764 1554 1803 dediti
1581 1766 1704 1814 fuere,
1736 1764 1799 1803 vel
1831 1765 1940 1803 etiam

309 1852 404 1880 nunc
434 1851 558 1878 seeum
588 1836 729 1876 habeut
759 1850 870 1885 suas,
901 1848 946 1874 ac
977 1848 1088 1886 suos3
1120 1847 1196 1883 ego
1228 1846 1299 1872 non
1331 1833 1466 1872 habeo.
1520 1832 1789 1873 Commemorat
1819 1836 1941 1871 autem

307 1910 423 1961 primo
454 1907 537 1946 loco
568 1906 724 1946 Luuam:
766 1906 980 1955 aptissime,
1022 1917 1129 1956 quum
1159 1903 1206 1941 de
1238 1902 1439 1941 solitudine
1469 1916 1537 1941 sua
1567 1907 1747 1941 nocturna
1778 1902 1940 1951 cogitet.

310 1978 404 2017 Tum
436 1975 698 2015 recordatione
729 1973 856 2013 Lunae
895 1974 939 2012 ad
980 1974 1129 2012 fratrem
1161 1972 1307 2018 Lunae,
1346 1971 1559 2019 Phoebum,
1603 1972 1759 2023 eiusque
1796 1982 1942 2009 amores

310 2046 459 2086 transit.
519 2044 593 2083 lam
626 2055 718 2082 vero
750 2055 854 2094 quum
887 2044 1105 2094 quaeratur,
1138 2053 1232 2093 quos
1264 2038 1359 2079 Cato
1391 2052 1536 2079 amores
1563 2039 1690 2078 Lunae
1720 2040 1841 2090 dieat,
1872 2039 1942 2077 mi-

312 2129 372 2154 ror
402 2114 619 2162 exstitisse,
658 2112 719 2164 qui
750 2112 795 2150 de
825 2114 947 2149 mutuo
980 2110 1151 2159 Phoebi,
1185 2109 1220 2147 h.
1253 2122 1286 2148 e.
1330 2108 1456 2159 Solis,
1497 2112 1534 2148 et
1565 2109 1690 2148 Lunae
1721 2120 1845 2147 amore
1876 2120 1940 2147 oo-

312 2186 490 2234 gitarent.
551 2183 609 2221 lta
651 2193 701 2220 ex
730 2180 925 2219 veteribus
957 2179 1119 2228 Badius,
1152 2182 1189 2218 et
1221 2179 1256 2216 in
1288 2178 1461 2217 Venetae
1499 2178 1597 2216 lens.
1629 2177 1802 2228 exemplo
1835 2177 1941 2228 Lips.

312 2252 447 2302 glossa
484 2252 544 2290 est
573 2249 618 2288 ad
660 2249 777 2287 verba
809 2262 878 2287 eur
909 2261 983 2287 non
1013 2254 1075 2287 est
1105 2255 1142 2287 et
1171 2260 1256 2286 mea
1286 2260 1428 2285 mecum
1458 2245 1575 2285 haec:
1609 2250 1715 2285 sieut
1746 2247 1842 2286 luna
1870 2260 1943 2299 per

313 2323 423 2360 vices
455 2319 534 2359 soli
564 2319 826 2369 coniungitur.
870 2317 1040 2367 Sapienti
1058 2320 1169 2355 vetus
1199 2315 1436 2367 mythologia
1468 2315 1624 2354 consilio
1657 2317 1792 2354 fratres
1817 2315 1942 2353 Solem

314 2393 350 2428 et
372 2389 530 2437 Lunam,
562 2398 635 2424 non
666 2388 853 2433 amantes,
884 2385 1000 2424 fecit:
1032 2389 1070 2424 at
1097 2383 1193 2424 Cato
1225 2385 1305 2422 veri
1336 2385 1470 2422 amoris
1501 2396 1639 2427 sensus
1662 2389 1773 2436 atque
1802 2383 1943 2433 gaudia

315 2459 454 2508 spirat,
498 2456 664 2506 appetit3
705 2454 903 2493 fraternum
942 2466 1120 2500 amorem,
1164 2455 1227 2491 aut
1257 2453 1472 2502 amicitiam,
1505 2466 1630 2504 parum
1663 2455 1777 2492 curat.
1821 2452 1944 2503 Igitur

316 2538 423 2578 quum
452 2524 571 2563 verba
601 2525 757 2573 poetae,
789 2534 883 2574 quae
910 2534 1005 2560 nune
1036 2522 1358 2570 circumferuntur,
1387 2521 1519 2559 nullum
1544 2522 1696 2571 dignum
1714 2522 1816 2561 Luna
1839 2533 1942 2558 ama-

316 2595 407 2633 sium
424 2591 653 2644 praebeant,
678 2590 934 2629 emendatione
958 2589 1202 2629 inveniendus
1220 2595 1292 2629 est.
1323 2591 1412 2628 Eam
1437 2591 1509 2629 feei
1535 2593 1621 2629 aute
1642 2589 1778 2639 viginti
1804 2602 1941 2637 annos,

316 2663 532 2714 meminique
563 2663 637 2700 tum
668 2660 818 2712 probari
850 2661 1076 2698 Hermanno-
1136 2659 1183 2697 Et
1214 2661 1287 2697 tum
1319 2659 1464 2711 quidem
1495 2659 1532 2698 in
1563 2671 1677 2698 versu
1711 2662 1775 2697 40.
1808 2658 1943 2698 molie-

317 2733 385 2771 bar
425 2730 517 2780 alia,
560 2741 654 2782 quae
696 2740 792 2767 nunc
830 2730 960 2778 taceo,
1005 2730 1185 2779 tamquam
1227 2739 1511 2778 supervacanea
1546 2739 1591 2766 ae
1620 2726 1728 2766 falsa.
1788 2726 1829 2766 In
1871 2740 1943 2781 quo

319 2801 508 2848 consisto,
537 2798 610 2836 hoe
639 2799 723 2836 est:

486 2867 632 2908 Sidera
661 2880 733 2919 per
762 2865 927 2905 viridem
958 2865 1122 2904 redeunt
1153 2879 1265 2919 quum
1293 2866 1456 2919 pallida
1484 2864 1685 2914 mundum,

488 2938 613 2990 Inque
641 2937 764 2974 vicem
792 2933 951 2975 Phoebe
981 2947 1166 2982 currens,
1200 2940 1321 2988 atque
1351 2948 1496 2974 aureus
1527 2933 1659 2982 orbis,

491 3005 609 3045 Luna
640 3007 724 3045 tuus
754 3010 876 3043 tecum
906 3010 993 3043 est:
1025 3016 1095 3043 cur
1124 3017 1199 3043 non
1229 3011 1292 3044 est
1321 3011 1359 3044 ec
1388 3016 1473 3043 mea
1501 2998 1673 3043 mecum?
