2006 3365
224 81 327 126 408
813 76 1183 117 DISSERTATIO
1214 76 1285 117 lv.

223 196 297 233 etc.
330 194 401 232 nisi
432 193 529 245 quod
564 193 600 231 in
632 192 724 231 Bas.
757 191 863 231 uidit
894 194 933 230 et
964 190 1001 229 in
1035 190 1123 229 Vic.
1157 191 1426 246 seropaclasq3
1459 191 1557 244 qnod
1589 204 1785 243 operarum
1818 192 1878 231 vi-

223 262 311 301 tium
344 264 424 307 est,
468 264 506 299 ut
546 259 658 298 multa
700 262 788 298 sunt
828 260 864 297 in
910 258 1135 309 Vieentina,
1176 259 1244 297 sed
1287 263 1537 310 propagatum
1569 260 1655 299 inde
1686 273 1756 311 per
1786 259 1881 299 alias

223 330 412 368 editiones
444 341 506 378 ap.
541 327 749 366 Schrader.
783 327 982 366 Emendat.
1023 341 1062 378 p.
1096 332 1162 367 δῖ.
1235 329 1487 379 Pomponius,
1532 332 1570 368 ut
1611 329 1882 368 animadvertit

222 397 417 448 lleynius,
461 395 560 434 aliud
595 395 775 444 legebat,
816 408 976 446 prorsus
1007 396 1232 435 diversum:
1272 398 1564 452 florentesque
1594 411 1632 437 v.
1666 400 1691 436 ἰ.
1725 397 1879 450 Cycla·

223 466 332 504 clas:
369 466 461 504 hinc·
499 464 634 503 Veners
668 465 757 512 illi,
807 465 915 503 Hine
947 467 1062 503 sinus
1096 469 1170 503 etc.
1232 465 1306 504 lam
1339 465 1434 504 hacc
1476 468 1635 518 quisque
1669 467 1880 514 examinet,

223 536 261 572 et
292 534 395 584 ipse,
430 533 516 585 quid
551 546 598 571 ex
632 532 728 571 libro
762 533 916 584 petitum
949 534 1094 584 scripto
1129 535 1321 583 videatur,
1343 534 1426 587 quid
1462 536 1702 573 coniecturae
1736 534 1880 572 debea-

222 603 300 651 tur,
334 600 486 640 iudicet.
548 600 589 639 ln
635 600 824 639 nonnullis
858 602 1064 640 convenire
1097 602 1306 652 Pomponio
1338 615 1417 641 cum
1445 603 1607 654 antiquis
1640 602 1748 641 libris
1780 602 1879 639 scri-

219 669 298 720 ptis
330 669 414 720 ipse
444 670 591 720 monui3
624 669 722 718 alia,
755 682 852 722 quae
882 670 1012 719 attuli,
1041 672 1206 709 fortasse
1238 670 1300 709 alii
1335 671 1530 708 invenient
1560 670 1646 709 aliis
1679 671 1714 708 in
1748 670 1879 708 libris:

221 741 327 776 certe
358 749 466 775 unmn
498 741 578 780 est,
613 737 864 790 alterumque,
905 739 1108 789 eiusmodi,
1150 740 1215 777 vix
1250 743 1288 778 ut
1319 739 1480 777 inveniri
1515 740 1686 789 potuisse
1718 740 1800 777 sine
1832 738 1880 776 li-

219 805 290 844 bro
324 806 470 856 scripto
502 805 689 845 videatur.
767 806 994 859 Quamquam
1033 819 1081 845 ex
1125 819 1170 845 eo
1213 820 1284 846 non
1317 807 1510 858 sequitur,
1544 808 1784 857 Pomponium
1818 805 1882 844 illa

221 874 341 925 ipsum
381 874 416 911 in
459 874 570 912 libris
611 875 825 912 invenisse.
900 875 1026 913 Nobis
1067 874 1138 913 hoc
1177 877 1347 926 inprimis
1388 875 1663 915 observatione
1702 875 1880 924 dignum,

220 942 318 994 quod
352 943 559 993 Pomponio
591 942 791 994 aliquoties
824 944 1005 982 convenit
1038 955 1117 982 eum
1150 943 1354 982 Vicentina
1385 946 1423 982 et
1455 944 1651 983 Vossiano
1681 942 1731 981 ΙΙ.
1765 944 1812 981 iis
1845 943 1881 981 in

220 1010 337 1059 locis,
371 1011 432 1049 ubi
466 1010 502 1049 hi
535 1011 620 1049 libri
652 1024 674 1049 a
706 1012 1009 1061 vetustioribus,
1038 1012 1250 1050 Basileensi
1283 1015 1321 1050 et
1346 1012 1493 1051 Veneta
1516 1012 1662 1061 Ruhei,
1686 1011 1880 1050 recedunt.

220 1078 272 1118 Ut
302 1081 470 1118 fortasse
501 1079 731 1128 Pomponius
764 1080 977 1129 profecisse
1020 1092 1070 1117 ex
1112 1080 1336 1129 vicentina,
1378 1079 1506 1119 aliave
1550 1080 1739 1128 editione,
1785 1093 1881 1132 quae

219 1148 456 1187 Vicentinam
488 1147 769 1197 praecesserit,
803 1147 990 1197 putandus
1022 1148 1088 1187 sit.
1151 1149 1252 1198 Aut,
1286 1150 1474 1188 contraria
1506 1149 1676 1197 ratione,
1709 1161 1730 1186 e
1762 1147 1880 1186 scho-

218 1215 268 1254 lis
301 1216 497 1266 Pomponii
530 1215 707 1254 nonnulla
741 1215 866 1255 delata
898 1220 986 1255 sunt
1019 1217 1054 1255 in
1089 1216 1339 1255 vicentinam.
1413 1216 1560 1255 Neutra
1591 1218 1718 1267 inepta
1750 1216 1880 1267 opinio

220 1288 293 1323 est.
354 1284 452 1323 Fieri
486 1284 558 1323 hoc
589 1286 698 1323 ctiam
732 1284 845 1324 hodie
879 1286 1074 1337 videmus,
1109 1290 1147 1324 ut
1178 1298 1200 1324 e
1231 1285 1375 1324 scholis
1404 1286 1567 1323 virorum
1590 1285 1782 1323 doctorum
1806 1284 1880 1323 ali-

219 1353 307 1405 quid
341 1354 502 1392 dimanet
533 1355 568 1391 in
601 1353 811 1405 publicum,
844 1356 1124 1406 perveniatmne
1154 1354 1199 1392 ad
1232 1354 1330 1392 alios
1358 1355 1461 1392 viros
1482 1354 1642 1401 doctos3
1676 1356 1714 1392 et
1745 1355 1881 1392 lactum

219 1423 254 1461 id
287 1425 443 1474 saepius
475 1426 535 1462 est
567 1423 629 1461 illa
659 1425 806 1471 aetate,
848 1436 957 1474 quum
1000 1437 1072 1475 quo
1104 1425 1247 1462 minore
1279 1436 1429 1461 numero
1462 1422 1547 1461 libri
1590 1422 1877 1468 scribebantur,

220 1503 266 1529 eo
297 1490 525 1540 diligentius
569 1493 640 1529 viri
680 1492 782 1530 docti
823 1504 867 1530 se
905 1491 1119 1530 ohservare
1157 1493 1316 1530 invicem
1350 1504 1371 1530 e
1403 1490 1633 1542 longinquo,
1673 1492 1880 1543 sarnamque

220 1561 458 1610 percontari,
492 1561 578 1612 quid
612 1560 672 1600 hic
707 1561 767 1599 vel
801 1561 864 1599 ille
896 1562 1057 1600 sentiret
1090 1562 1136 1599 de
1168 1560 1238 1598 hac
1274 1559 1334 1598 vel
1369 1559 1431 1598 illa
1465 1572 1528 1608 re,
1561 1559 1752 1597 solebant.
1796 1559 1881 1598 Hac

220 1629 283 1666 via
314 1628 461 1667 Ioviani
494 1629 653 1667 I‘ontani
687 1634 725 1668 et
756 1630 1022 1668 Prot'essorum
1054 1630 1305 1668 Romanorum
1338 1628 1451 1666 lectio
1484 1626 1677 1667 inCatull.
1711 1639 1820 1666 carm.
1853 1643 1880 1668 1.

220 1702 320 1736 extr.
354 1698 514 1736 innotuit
545 1697 716 1736 Palladio
752 1698 897 1747 Fuse03
930 1699 979 1736 ef.
1012 1698 1107 1735 idem
1143 1696 1334 1735 Palladius
1362 1697 1507 1735 Fuscus
1539 1696 1583 1734 ad
1607 1694 1745 1735 Catull.
1765 1712 1881 1734 exui.

220 1765 283 1804 vel
317 1781 428 1804 cxiv.
464 1771 502 1804 3.
536 1766 582 1804 de
615 1767 832 1804 coniectura
865 1766 1018 1804 loannis
1051 1764 1283 1816 Phosphori.
1357 1765 1403 1804 Et
1436 1765 1634 1815 Pomponii
1667 1765 1814 1816 quidem
1846 1766 1881 1803 in

220 1834 423 1883 Virgilium
456 1836 696 1873 coniecturas
728 1838 842 1887 atque
875 1835 1060 1873 lectiones
1086 1834 1196 1871 etimn
1224 1834 1389 1883 scriptas
1422 1833 1607 1870 volitasse
1639 1845 1708 1883 per
1738 1832 1882 1871 Italiam

219 1902 422 1954 probabile
456 1905 527 1942 est.
592 1903 699 1941 {laud
741 1904 857 1942 dubie
894 1905 989 1941 enim
1029 1902 1118 1940 illud
1163 1901 1396 1952 exemplum,
1436 1914 1456 1939 e
1489 1914 1561 1953 qno
1594 1901 1735 1940 dictata
1766 1901 1880 1940 Pom-

218 1971 323 2022 ponii
356 1971 568 2022 publicavit
600 1971 738 2010 Daniel
779 1971 986 2021 Gaitanus,
1027 1983 1099 2009 non
1135 1971 1278 2008 unicum
1312 1970 1402 2018 suit,
1450 1969 1516 2007 sed
1551 1982 1599 2008 ex
1633 1972 1738 2008 tanto
1769 1970 1882 2008 audi-

219 2042 338 2079 torum
372 2052 521 2078 numero
553 2040 656 2079 multi
689 2054 781 2079 suos
814 2041 848 2079 in
883 2054 973 2078 {rsus
1003 2039 1116 2077 multa
1159 2051 1179 2076 e
1211 2037 1358 2077 scholis
1396 2038 1614 2089 Pomponii,
1648 2042 1686 2077 et
1717 2041 1882 2078 sortasse

219 2107 397 2146 nonnulla
421 2109 656 2158 diligentius,
689 2123 794 2162 quum
828 2111 861 2147 in
881 2108 953 2147 hoc
978 2106 1150 2146 Danielis
1178 2106 1328 2146 Gaitani
1361 2106 1558 2157 exemplo,
1588 2109 1880 2146 annotaverant.

218 2176 281 2215 De
313 2178 430 2228 prima
463 2178 659 2228 Pomponii
693 2179 881 2227 editione,
915 2178 1120 2220 Brixiana,
1156 2176 1318 2214 disserui
1352 2175 1427 2213 illis
1460 2174 1555 2213 loeis
1589 2179 1676 2225 post
1695 2175 1879 2214 Fossium.

219 2244 362 2284 Ibidem
396 2257 443 2282 ex
477 2245 632 2295 lleynio
665 2246 951 2284 commemoravi
986 2246 1141 2294 Virgilii
1176 2246 1364 2283 editiones
1397 2245 1569 2283 Venetas
1601 2244 1643 2282 L.
1671 2244 1722 2283 A.
1750 2244 1881 2283 luntac

220 2325 309 2362 eas,
352 2326 448 2365 quae
489 2314 650 2352 additum
682 2313 825 2352 habent
865 2314 1123 2365 Pomponium.
1192 2313 1343 2364 Optima
1386 2312 1582 2363 Pomponii
1623 2313 1739 2351 editio
1779 2315 1881 2352 reete

220 2381 444 2433 perhibetur
485 2382 722 2421 Basileensis
770 2395 839 2432 per
885 2382 1060 2420 loannem
1105 2382 1332 2432 Oporinum,
1376 2394 1494 2430 anno,
1539 2385 1577 2420 ut
1623 2394 1672 2420 ex
1714 2380 1881 2432 epistola

221 2449 381 2501 Oporini
414 2451 687 2502 nuncupatoria
721 2452 994 2499 cognoscitur,
1042 2454 1159 2489 1544.
1202 2450 1376 2499 vulgata.
1438 2451 1498 2489 Ex
1532 2463 1576 2488 ea
1607 2449 1644 2487 hi
1677 2448 1878 2490 Commen-

221 2519 304 2558 tarii
345 2522 605 2570 pervenerunt
646 2520 681 2556 in
725 2519 922 2558 nonnullas
969 2520 1125 2568 Virgilii
1170 2520 1379 2563 editiones,
1435 2520 1570 2571 quibus
1615 2522 1736 2558 tamen
1770 2521 1880 2557 caute

222 2588 417 2637 utendum,
451 2591 489 2628 et
520 2587 582 2626 hic
614 2587 689 2626 illic
720 2588 763 2625 ad
799 2587 1004 2638 Oporinum
1036 2588 1297 2627 recurrendum
1331 2589 1405 2625 est.
1468 2587 1517 2627 Ut
1548 2588 1583 2626 in
1617 2585 1693 2626 Ciri
1727 2599 1764 2625 v.
1786 2590 1879 2625 471.

222 2669 317 2708 quae
349 2658 539 2696 sententia
570 2657 766 2707 Pomponii
796 2656 938 2705 suerit,
966 2659 1004 2695 et
1036 2670 1141 2708 quam
1173 2660 1260 2695 ante
1293 2656 1425 2695 oculos
1458 2656 1655 2695 lectionem
1686 2654 1876 2704 habuerit,

222 2738 271 2763 ex
314 2726 603 2764 llasileensibus
651 2726 768 2763 Ilenr.
811 2726 855 2763 P.
902 2729 1019 2763 1561.
1069 2727 1186 2764 1575.
1234 2725 1380 2776 percipi
1428 2726 1571 2777 nequit.
1646 2723 1788 2764 Contra
1818 2725 1878 2761 est

223 2796 356 2842 etiam,
399 2795 461 2833 ubi
493 2794 564 2833 hae
596 2794 845 2833 Basileenses
876 2795 996 2833 verba
1028 2795 1222 2846 Pomponii
1253 2794 1386 2833 melius
1433 2797 1620 2845 concepta
1666 2790 1876 2838 exhibent,

224 2876 330 2915 quam
365 2863 585 2914 Oporinus:
618 2861 698 2903 Cir.
732 2865 799 2901 25.
