2006 3365
243 153 310 197 46
800 147 938 186 ΛΝΙΜ
949 146 1328 187 ADVERSIONES

243 267 365 315 tinus,
396 264 550 314 graecis
582 261 765 312 exemplis
797 273 954 311 prorsus
986 260 1180 312 aequalia,
1223 264 1261 300 ut
1291 269 1414 301 artem
1445 264 1602 303 inertem
1633 264 1775 314 Ennio,
1818 262 1881 303 vel

242 334 369 384 potius
401 331 584 378 Varroni,
622 343 683 380 ap.
716 329 873 368 Nonium
905 343 942 380 p.
980 333 1071 369 182.
1111 317 1209 368 extr.
1251 338 1397 370 mentes
1439 333 1634 372 clementes
1667 333 1787 371 Ennio
1818 345 1881 383 ap.

244 403 325 441 Cic.
359 399 443 440 Cat.
475 400 557 436 mai.
575 397 644 437 Vl.
677 401 907 453 iniustaque
939 403 1049 438 iusta
1078 401 1232 452 pereyit
1264 399 1405 439 Ovidio
1438 399 1591 439 Metam.
1614 401 1664 440 11.
1691 404 1784 440 627.
1818 401 1881 440 ubi

242 470 401 509 Heinsio
433 468 601 506 laudatur
632 469 818 507 inias-mm
849 472 912 507 ins
945 480 993 506 ex
1025 467 1190 516 Ovidio,
1222 467 1328 517 aliis,
1362 471 1422 518 et,
1455 481 1548 521 quae
1579 481 1672 508 vera
1695 470 1883 520 scriptura

242 550 314 576 non
344 536 489 575 videtur
515 549 625 584 esse,
649 536 715 574 sed
740 540 874 587 posset
894 541 1014 574 tamen
1039 548 1128 574 vera
1148 548 1257 583 esse,
1284 550 1430 575 secura
1456 550 1572 585 cura,
1593 538 1708 576 ovid.
1726 538 1882 577 Metam.

242 606 351 645 XlV.
385 607 480 644 490.
570 606 637 645 Sic
671 609 866 644 innumero
898 618 1051 644 numero
1083 605 1178 656 apud
1213 605 1420 644 Lucretium
1446 605 1494 644 11.
1530 609 1651 645 1053.
1685 606 1751 645 ΙΙΙ.
1787 608 1882 645 780.

241 687 310 725 pro
343 686 414 726 quo
445 674 533 712 alibi
565 674 657 712 idem
691 687 844 713 numero
876 674 1109 713 innamerali
1140 673 1189 712 ll.
1226 676 1345 712 1085.
1388 677 1426 712 et
1463 673 1781 714 innumerabilem
1811 688 1882 714 nu·

243 757 384 782 merum
402 742 469 781 Vl.
492 745 586 781 434.
609 743 717 781 dixit.
760 742 808 781 Et
838 742 910 780 alio
943 754 1080 791 sensu,
1112 743 1144 780 si
1177 754 1248 780 non
1276 741 1449 787 Plautus,
1481 745 1602 781 tamen
1625 746 1739 793 poeta
1761 743 1885 782 bonus

242 825 288 851 ac
320 812 433 851 valde
466 813 659 864 antiquus,
691 812 726 849 in
758 811 951 862 epitaphio
984 810 1107 850 Plauti
1137 810 1234 861 apud
1267 809 1423 849 Gellium
1442 810 1471 848 1.
1495 825 1610 850 xxw.
1657 812 1712 851 Ee
1743 811 1884 850 numeri

241 882 419 920 innumeri
453 881 570 920 simul
601 894 730 919 omnes
763 880 1112 919 eollacrumarunt.
1173 875 1338 926 ῥυθμοί
1368 872 1603 927 ἄρ’ῥυθλιιοι.
1649 879 1885 918 felicissime.

242 950 305 989 Ad
338 962 416 988 eam
449 961 630 994 normam,
665 949 760 1000 quod
794 948 928 988 Graeci
962 948 1105 993 dicunt,
1138 944 1267 995 χάρις
1300 940 1477 996 ἄχαρις,
1511 947 1625 988 latine
1656 951 1793 1000 qratia
1825 952 1885 988 in-

241 1026 386 1070 9rata3
428 1015 612 1065 πόλεμος
644 1014 877 1064 ἀπόλεμος,
917 1016 1032 1056 latine
1066 1016 1205 1055 bellum
1236 1017 1410 1066 imbelle3
1453 1018 1549 1070 quod
1581 1029 1726 1067 graece
1757 1017 1885 1066 dicas,

242 1084 366 1137 ψυχή
401 1080 597 1134 ἄψυχος,
632 1086 694 1126 vel
728 1081 870 1132 θυμὸς
894 1078 1084 1131 ἄθυμος,
1119 1085 1233 1124 latine
1254 1088 1387 1124 anima
1410 1088 1605 1136 Inanima,
1638 1086 1700 1125 vel
1728 1089 1884 1125 animus

241 1160 461 1204 inanimus,
503 1158 734 1205 exanimus,
775 1156 807 1193 si
840 1167 912 1192 non
951 1155 1085 1193 dictum
1127 1158 1207 1197 est.
1249 1154 1320 1192 dici
1361 1159 1481 1193 tamen
1522 1155 1666 1206 potuit3
1712 1159 1750 1194 et
1781 1167 1886 1208 quem

242 1225 378 1266 Graeci
420 1221 514 1272 βίον
545 1221 751 1274 α’βίωτον,
795 1224 946 1271 Attius,
987 1224 1019 1261 si
1052 1223 1216 1261 Martino
1248 1222 1274 1260 l.
1307 1222 1331 1260 1.
1365 1223 1523 1270 eredas,
1560 1236 1676 1262 ausus
1708 1226 1768 1262 est
1798 1224 1887 1263 red-

243 1295 332 1333 dere
362 1297 486 1334 vitam
517 1295 703 1341 invitam,
736 1304 872 1341 niagno
906 1292 1117 1340 conamine,
1151 1291 1208 1329 cui
1239 1290 1377 1342 aliquid
1410 1293 1671 1331 excusationis
1694 1293 1886 1343 speeiem-

242 1376 315 1416 que
344 1364 427 1402 veri
459 1376 479 1401 a
510 1362 618 1400 simili
650 1361 772 1400 Plauti
806 1359 896 1400 Cas.
919 1359 988 1398 ΙΙΙ.
1021 1374 1075 1408 vi,
1111 1362 1177 1398 21.
1211 1360 1292 1398 lusu
1326 1360 1361 1397 iu
1394 1359 1512 1398 verbo
1545 1362 1719 1400 invitare
1748 1373 1887 1412 pares,

243 1433 275 1471 si
308 1433 354 1471 de
386 1445 431 1471 eo
464 1431 545 1470 lusu
579 1435 682 1469 certa
713 1442 776 1468 res
807 1431 870 1469 sit.
922 1429 999 1468 Sed
1033 1428 1129 1467 aliud
1164 1430 1198 1467 in
1232 1429 1363 1467 verbis
1397 1428 1494 1467 Attii
1526 1428 1612 1468 libri
1643 1430 1775 1468 iubent
1804 1430 1887 1469 No-

245 1502 293 1540 nii
326 1515 364 1553 p.
399 1505 503 1548 362,
538 1505 574 1538 6.
692 1499 915 1551 Plerumque
947 1499 1128 1543 Romani,
1172 1511 1278 1550 quum
1319 1497 1481 1536 deficere
1519 1511 1722 1537 sermonem
1761 1512 1886 1547 suum,

245 1571 437 1622 minusque
469 1568 672 1607 flexibilem
705 1581 747 1607 se
779 1570 965 1619 praebere
996 1567 1364 1616 animadvertebant,
1397 1566 1469 1604 alio
1501 1566 1658 1618 quodam
1685 1567 1793 1606 modo
1819 1579 1887 1606 ac-

245 1640 381 1678 cedere
412 1639 455 1677 ad
488 1640 596 1676 istam
629 1637 854 1677 Graecorum
887 1636 1113 1686 elegantiam
1147 1636 1361 1674 voluerunt.
1402 1634 1533 1686 Itaque
1561 1638 1624 1674 aut
1647 1636 1719 1674 alia
1744 1635 1885 1685 figura,

244 1721 350 1760 quam
382 1708 488 1746 etiam
521 1708 638 1758 ipsam
671 1705 806 1745 Graeci
841 1708 996 1754 norunt,
1040 1709 1221 1753 cognata,
1267 1704 1333 1741 sed
1366 1704 1542 1751 fortiore,
1575 1707 1747 1743 utuntur:
1789 1704 1886 1757 quod

244 1778 295 1816 ibi
327 1775 500 1817 Catullus
532 1777 645 1822 facit,
676 1777 846 1827 funera,
878 1788 949 1814 nec
977 1776 1137 1826 faemera.
1198 1773 1278 1812 Aut
1309 1773 1498 1811 adiectiva
1529 1774 1565 1811 in
1596 1773 1649 1812 lz‘s
1681 1776 1889 1824 posuerunt

245 1858 324 1885 cum
357 1845 588 1895 negatione,
621 1849 660 1883 ut
693 1847 814 1885 vitam
845 1857 919 1883 non
959 1844 1122 1883 vitalem
1154 1855 1202 1881 ex
1240 1843 1359 1881 Ennio
1396 1842 1584 1880 Martinus
1622 1841 1769 1881 laudat:
1815 1843 1888 1881 etsi

245 1928 293 1954 ex
326 1912 523 1953 Ciceronis
555 1913 639 1952 loco
672 1915 706 1951 in
737 1914 865 1953 Laelio
899 1925 982 1963 cap.
1016 1912 1084 1952 Vl.
1117 1924 1189 1950 non
1221 1914 1399 1962 apparet,
1440 1923 1486 1949 an
1517 1910 1645 1949 addita
1676 1911 1771 1962 apud
1807 1910 1886 1949 En-

245 1985 338 2022 nium
371 1984 528 2033 negatio
561 1983 692 2022 fuerit.
755 1982 836 2035 Qua
875 1984 909 2021 in
943 1995 982 2020 re
1014 1980 1290 2019 observandum
1331 1983 1413 2029 est,
1453 1979 1576 2018 multis
1615 1980 1818 2019 adiectivis
1850 1981 1888 2018 in

245 2054 299 2092 lis
330 2053 543 2091 liberiorem
574 2052 657 2090 olim
690 2052 1004 2101 significationem
1035 2051 1173 2095 fuisse,
1215 2049 1261 2087 ab
1295 2061 1362 2097 ea,
1402 2061 1496 2101 quae
1529 2047 1646 2098 vulgo
1679 2048 1737 2087 his
1769 2050 1888 2087 nomi-

246 2122 356 2160 nibus
388 2122 587 2169 statuitur,
619 2120 900 2159 deflectentem:
934 2119 1043 2172 quale
1075 2121 1156 2166 est,
1189 2118 1285 2170 quod
1312 2117 1436 2169 paullo
1460 2120 1546 2156 ante
1570 2118 1787 2166 attigimus,
1813 2132 1888 2157 ex-

247 2190 467 2239 secrabile,
509 2189 799 2241 ineoqicabilem
837 2189 958 2228 Plaut.
998 2188 1080 2228 Mil.
1113 2187 1161 2226 ll.
1195 2203 1255 2236 w,
1290 2191 1355 2224 63.
1398 2187 1576 2236 salvom,
1618 2194 1690 2225 aut
1726 2187 1888 2226 vitalem

247 2257 388 2298 Bacch.
420 2258 490 2297 IV.
525 2273 580 2307 ιχ,
616 2259 679 2296 ἶ5.
711 2258 970 2297 exanimalem
1000 2257 1088 2295 ibid.
1111 2256 1180 2295 lv.
1200 2272 1293 2299 vm.
1316 2257 1352 2294 ἶ.
1385 2267 1599 2307 quamquam
1632 2255 1702 2294 boc
1733 2267 1886 2294 comoe-

247 2328 341 2366 diam
383 2327 495 2377 sapit.
538 2328 586 2366 cs.
625 2327 723 2367 Rud.
757 2326 786 2365 1.
830 2342 881 2371 ιν,
922 2331 958 2365 2.
998 2325 1281 2377 voluptabilem
1323 2326 1503 2363 nunciam
1540 2324 1650 2375 Epid.
1683 2324 1713 2363 1.
1753 2339 1785 2371 ι,
1821 2327 1885 2363 19.

248 2395 528 2448 impetrabilem
560 2396 658 2434 diem
689 2395 740 2434 ib.
772 2395 839 2434 111.
874 2410 914 2444 11,
949 2399 985 2433 6.
1018 2394 1257 2434 exitiabilem
1288 2394 1386 2433 diem
1417 2393 1469 2431 ib.
1503 2393 1571 2432 IV.
1606 2409 1647 2441 11,
1679 2396 1745 2432 36.
1806 2392 1887 2431 Aut

248 2466 408 2517 denique
440 2476 518 2502 eam
549 2465 584 2502 in
616 2477 691 2503 rem
722 2465 966 2503 adsciverunt
996 2464 1169 2502 derivata
1199 2475 1220 2501 a
1250 2463 1451 2513 participio
1483 2463 1665 2513 temporis
1691 2461 1886 2512 praeteriti

247 2534 457 2573 adiectiva:
500 2533 622 2586 qualia
653 2536 740 2571 sunt
771 2533 974 2584 insepulta
1005 2531 1218 2582 sepultura,
1250 2535 1440 2585 innuptae
1469 2532 1644 2582 nuptiae,
1687 2542 1781 2582 quae
1811 2542 1885 2581 pe-

248 2604 352 2642 nuria
384 2602 482 2641 hunc
513 2603 548 2640 in
588 2615 692 2640 usum
732 2602 924 2651 adhibuit,
968 2601 1035 2639 sed
1073 2603 1193 2639 tamen
1231 2601 1324 2638 satis
1364 2599 1543 2649 feliciter,
1582 2599 1689 2638 modo
1726 2602 1883 2644 teneas,

248 2671 344 2710 haec
381 2683 528 2723 quoque
569 2669 750 2708 liberiore
790 2681 878 2708 esse
916 2668 1196 2718 significatione
1233 2668 1474 2718 accipienda,
1515 2670 1554 2707 et
1590 2668 1662 2715 ita,
1701 2669 1741 2706 ut
1771 2678 1818 2705 ne
1848 2666 1883 2705 in

248 2742 441 2791 potestate
472 2739 650 2789 temporis
680 2738 874 2788 praeteriti
905 2737 1058 2788 propria
1088 2736 1253 2775 eruenda
1283 2736 1477 2775 elabores.
1521 2735 1695 2775 Eiusdem
1727 2737 1884 2785 generis

249 2814 355 2849 sunt:
388 2812 514 2848 animo
546 2808 761 2859 ineoqitato
794 2805 915 2845 Plaut.
948 2804 1088 2844 Bacch.
1120 2804 1190 2844 lv.
1224 2821 1282 2855 ιιι,
1318 2808 1352 2844 1.
1394 2811 1517 2845 mente
1545 2816 1722 2844 exsensa
1752 2803 1884 2842 Laevii

249 2890 310 2928 ap.
342 2877 501 2917 Gellium
530 2876 639 2916 XIX.
670 2890 741 2913 vn.
772 2886 834 2925 ap.
865 2873 1024 2912 Nonium
1054 2886 1091 2924 p.
1126 2877 1227 2923 361,
1264 2874 1325 2912 17.

335 2947 486 2997 Operae
515 2946 672 2997 pretium
704 2946 782 2987 est.
823 2955 918 2996 quae
948 2943 1023 2981 sint
1055 2943 1201 2982 devota
1229 2945 1409 2996 periuria
1441 2939 1578 2981 Catull.
1609 2939 1738 2991 Epith.
1771 2940 1814 2979 Ρ.
1845 2943 1884 2980 et

251 3014 325 3053 Th.
349 3019 438 3054 135.
469 3025 674 3068 quaerere,
705 3012 752 3052 de
783 3023 855 3064 quo
885 3021 958 3050 non
989 3011 1083 3050 satis
1113 3011 1253 3051 faciunt
1283 3011 1336 3050 A.
1356 3009 1568 3060 Parthenii,
1596 3008 1771 3060 Guarini,
1796 3009 1884 3049 Mu-
