2006 3365
225 163 294 208 86
779 155 1307 198 ANIMADVERSIONES

228 275 288 315 De
317 274 492 315 Parisino
522 272 591 313 111.
626 273 665 312 et
693 271 817 322 Angl.
855 271 1007 322 dubito,
1048 274 1166 311 utrum
1200 277 1351 325 pascus
1381 269 1567 321 habeant,
1607 282 1653 310 an
1691 277 1862 325 pastos,

226 356 273 383 an
300 350 460 396 pastor.

311 411 442 462 Itaque
472 420 543 447 nos
567 408 652 448 sine
677 407 751 447 ulla
781 409 984 448 mutatione
1013 408 1237 447 sententiam
1261 409 1495 458 praestamus
1525 421 1626 457 eam,
1658 419 1763 460 quam
1793 406 1865 446 de-

225 481 318 520 bere
358 490 446 517 esse
482 477 579 517 vidit
616 489 684 516 suo
717 477 883 516 acumine
915 476 1109 525 Scaliger.
1172 474 1287 529 Quam
1323 475 1398 515 late
1426 475 1618 524 Vulcanus
1651 487 1770 525 agros
1800 487 1865 514 ar-

229 550 290 588 cet
320 549 359 586 et
390 547 579 592 continet,
621 548 754 597 pastus
785 545 892 585 Iovis
923 545 1099 595 ignibus,
1138 543 1176 582 h.
1207 543 1507 590 e.·l‘ulminibus‚
1539 527 1571 583 is
1603 543 1709 582 locus
1739 546 1865 594 totus,

226 616 316 655 mari
345 616 490 664 infuso,
522 617 560 654 et
590 615 741 654 inducta
771 626 903 661 arena,
936 615 1072 667 Syrtis
1104 613 1261 652 dicatur.
1324 620 1457 662 arcet,
1488 613 1676 660 continet,
1713 612 1866 663 antiquo

227 697 319 734 usu,
356 684 405 723 de
442 696 515 737 quo
552 685 601 723 cf.
632 683 784 722 Festus.
845 681 894 722 Ut
926 681 1062 722 Cicero
1100 694 1172 721 non
1214 695 1286 721 uno
1325 682 1424 721 loco.
1498 681 1626 721 Somn.
1669 680 1776 732 Scip.
1812 695 1865 719 ιν.

226 752 371 806 globus
411 774 465 781 —-
504 766 675 793 summus
714 754 803 806 ipse
834 752 957 802 deus,
1000 763 1135 790 arcens
1172 755 1211 791 et
1247 751 1445 790 continens
1482 757 1677 789 caeteros.
1743 762 1866 802 aqi-os

226 822 319 862 dicit
348 834 452 861 suum
482 833 633 871 agrum,
665 823 705 860 ut
734 821 834 860 solet
865 818 984 860 Cato:
1027 821 1076 859 cf.
1108 820 1202 858 infra
1231 819 1414 858 monenda
1444 818 1489 857 ad
1523 832 1561 857 v.
1593 821 1660 857 82.
1713 824 1867 871 pastus

228 894 348 930 autem
379 891 414 930 Ι.
446 893 472 930 ἰ.
513 891 740 940 Vulcanus,
772 890 942 941 proprie,
975 888 1010 927 h.
1045 900 1079 927 e.
1113 900 1321 934 accensus,
1354 891 1391 926 ut
1423 888 1477 927 ait
1500 887 1690 936 Scaliger,
1725 890 1764 926 et
1795 899 1866 924 nu-

228 959 355 999 tritus.
414 959 464 998 Et
494 959 658 1008 egregie
698 965 832 1006 arcet,
872 968 916 996 ac
947 958 980 996 si
1020 969 1203 1008 praesens
1244 956 1314 995 sit:
1359 956 1469 1005 fingit
1507 957 1600 995 enim
1643 958 1755 1007 poeta
1797 956 1867 993 iam

228 1030 311 1067 rata
340 1027 419 1066 fieri
450 1029 563 1075 vota,
594 1027 738 1080 iamque
768 1026 903 1065 ardere
932 1038 1078 1075 agrum.
1139 1025 1276 1064 Eadem
1309 1025 1432 1074 figura
1467 1026 1501 1063 in
1534 1024 1682 1073 Ecloga
1714 1022 1764 1061 V.
1800 1026 1865 1063 18.

229 1095 291 1134 ubi
323 1094 454 1134 videre
485 1094 559 1132 sibi
591 1095 741 1133 videtur
772 1094 903 1142 rivos,
935 1098 974 1133 et
1002 1093 1204 1146 alloquitur
1235 1096 1415 1146 tamquam
1439 1096 1679 1145 praesentes.
1723 1091 1772 1132 Ut
1797 1105 1870 1132 nos

228 1175 308 1203 eum
339 1162 459 1202 locum
490 1161 651 1212 legimus
681 1168 794 1214 atque
825 1161 1072 1212 explicamus.

312 1231 450 1271 Altera
490 1234 551 1270 est
580 1230 809 1279 Eichstadii,
849 1231 1059 1281 approbata
1089 1229 1294 1274 Putschio‚
1339 1229 1566 1281 explicatio:
1616 1228 1689 1268 Ubi
1721 1229 1868 1269 Vulca-

228 1312 323 1351 nus,
362 1299 470 1339 lovis
502 1300 656 1349 ignibus
686 1300 870 1348 satiatus,
911 1311 1029 1348 agros
1060 1302 1164 1337 arcet
1194 1301 1233 1336 et
1262 1298 1430 1337 abstinet
1459 1311 1481 1337 a
1515 1299 1686 1343 flammis,
1727 1302 1766 1337 ut
1795 1310 1869 1337 non

227 1368 341 1408 latius
371 1372 552 1420 serpant,
583 1368 634 1407 ibi
665 1372 821 1419 propter
841 1379 999 1415 arenas,
1031 1366 1204 1406 fiuctibus
1236 1367 1427 1410 invectas,
1462 1368 1627 1406 exsistat
1648 1367 1782 1417 Syrtis
1813 1367 1869 1405 si-

229 1437 326 1476 milis
357 1438 411 1488 ei,
443 1449 539 1490 quae
570 1441 630 1476 est
661 1438 695 1474 in
728 1436 864 1487 Libya.
926 1435 1173 1474 Proluserunt
1212 1436 1245 1474 ei
1278 1435 1524 1485 explicationi
1563 1448 1611 1473 ex
1642 1435 1870 1487 antiquiori-

229 1506 303 1546 bus
332 1506 475 1546 Badius
505 1509 543 1546 et
573 1505 701 1545 Gloss.
735 1505 783 1543 V.
810 1505 838 1546 Ι.
873 1516 969 1557 quae
1000 1504 1050 1543 ita
1081 1504 1197 1543 habet
1227 1504 1271 1542 ad
1304 1502 1403 1543 hunc
1434 1502 1575 1542 locum:
1608 1511 1719 1544 arcet
1754 1506 1870 1555 iynes

231 1575 281 1615 ab
312 1577 450 1627 ayrisg
487 1578 623 1625 postea
661 1573 902 1612 Boxhornius
943 1575 981 1612 et
1013 1573 1321 1621 Wernsdorfius,
1361 1572 1427 1612 sed
1461 1571 1701 1611 Boxhornius
1738 1573 1869 1612 admo-

231 1645 313 1682 dum
346 1645 503 1683 confuse
532 1646 645 1695 atque
677 1643 804 1694 inepte
836 1644 906 1687 ita,
940 1645 979 1681 ut
1011 1640 1203 1690 vulgatum
1223 1649 1370 1695 pastor
1395 1642 1587 1681 defendat.
1646 1641 1746 1681 Mihi
1776 1654 1871 1681 sen-

231 1712 350 1752 tentia
388 1712 452 1751 illa
488 1724 610 1764 neque
652 1723 717 1762 per
757 1724 801 1750 se
840 1712 923 1762 ipsa
971 1710 1204 1761 probabilis:
1259 1723 1331 1749 non
1373 1710 1598 1759 intelligitur
1641 1712 1759 1760 enim,
1806 1723 1871 1750 cur

231 1781 392 1820 inhiberi
412 1780 617 1819 Vulcanum
643 1782 756 1830 poeta
782 1782 946 1829 statuat,
977 1791 1084 1831 quum
1105 1778 1230 1829 paullo
1251 1784 1337 1818 ante
1361 1779 1582 1829 scripserit,
1615 1781 1718 1819 cinis
1742 1781 1872 1819 omnia

231 1850 354 1903 fiant:
387 1861 507 1901 neque
538 1849 657 1888 verba
687 1848 846 1889 Catonis
877 1851 966 1900 apta
996 1849 1042 1887 ad
1074 1861 1152 1887 eam
1184 1849 1407 1886 sententiam
1446 1848 1642 1896 videntur,
1685 1848 1757 1886 nisi
1788 1849 1872 1900 quis

232 1931 346 1970 supra
376 1918 519 1957 modum
550 1918 745 1967 ambigue,
779 1917 839 1956 vel
867 1917 991 1967 magis
1017 1929 1220 1968 perverse,
1253 1916 1441 1969 loquutum
1465 1928 1553 1955 esse
1577 1915 1758 1956 Catonem
1785 1917 1871 1967 opi-

231 1990 353 2027 netur,
414 1987 463 2027 Et
492 1998 586 2025 sane
616 1985 872 2025 Eichstadium
903 1986 951 2025 de.
982 1985 1127 2026 Catone
1157 1998 1284 2037 parum
1323 1986 1465 2024 sentire
1502 1983 1732 2034 honorifice,
1769 1984 1872 2023 indi-

233 2056 302 2095 ciis
332 2055 519 2094 nonnullis
551 2054 714 2105 collige,
755 2067 800 2094 ac
830 2054 962 2103 doleo,
1000 2055 1033 2092 si
1064 2055 1117 2093 ita
1147 2067 1209 2093 res
1239 2066 1282 2092 se
1313 2053 1474 2101 habeat,
1514 2055 1671 2104 propter
1700 2065 1872 2103 magnam

234 2125 306 2163 viri
339 2124 571 2164 celeberrimi
603 2125 872 2162 auctoritatem.
937 2122 1210 2171 Boxhornium,
1249 2123 1323 2160 nisi
1354 2122 1484 2169 fallor,
1524 2123 1649 2171 tangit
1679 2121 1873 2161 Gerardus

233 2194 402 2234 Vossius
433 2193 478 2231 ad
511 2191 641 2231 Valer.
675 2192 728 2230 Fl.
762 2192 831 2231 VI.
859 2195 952 2231 526.
987 2192 1070 2243 ipse
1102 2192 1154 2230 ita
1184 2192 1380 2243 legendum
1416 2204 1505 2230 esse
1535 2192 1606 2229 ait:
1641 2192 1732 2249 Qua
1771 2191 1872 2231 Vul-

233 2275 360 2302 canus
392 2274 514 2313 ayros
544 2269 694 2313 pastus
725 2260 760 2300 Ι.
792 2263 818 2299 ι’.
850 2260 981 2300 ardet.
1041 2259 1171 2312 ltaque
1211 2260 1272 2298 hic
1312 2260 1494 2309 iungebat
1531 2268 1683 2313 pastus
1724 2273 1871 2312 ayros,

232 2342 389 2380 memor,
421 2333 461 2369 ut
490 2333 599 2381 puto,
640 2329 845 2379 VIrgiliani
876 2329 985 2368 mala
1014 2331 1196 2381 gramina
1223 2334 1388 2380 pastus.
1449 2328 1652 2367 Heinsius:
1696 2329 1787 2387 Qua
1827 2330 1870 2370 V.

233 2412 357 2452 ayros
385 2406 533 2451 pastos
565 2399 598 2438 Ι.
630 2403 657 2439 i.
689 2406 788 2438 uret.
849 2398 966 2438 ardet
1004 2397 1210 2448 adscripsit
1249 2395 1358 2435 etiam
1391 2396 1442 2435 ls.
1476 2396 1641 2436 Vossius
1677 2397 1712 2435 in
1749 2409 1869 2446 marg.

232 2468 294 2508 ed.
326 2466 431 2508 Scal.
465 2470 586 2507 1595.
627 2467 723 2506 unde
762 2468 897 2506 factum
937 2468 1124 2517 tortasse,
1162 2465 1260 2518 quod
1291 2465 1523 2504 Burmannus
1561 2466 1716 2516 scribit,
1755 2466 1872 2506 ardet

233 2549 321 2577 esse
351 2537 388 2575 in
414 2534 623 2574 Vossiano.

327 2605 550 2649 Volcanus,
584 2607 622 2643 ut
653 2604 788 2644 scribit
819 2603 999 2652 Scaliger
1028 2604 1063 2642 in
1096 2601 1428 2652 Castigationibus
1458 2603 1503 2642 ad
1534 2603 1573 2642 h.
1604 2602 1630 2641 l.
1689 2602 1731 2641 Iu
1762 2602 1870 2642 libris

234 2674 404 2714 omnibus
445 2673 648 2714 Vulcanus
680 2675 759 2721 est,
792 2676 943 2722 praeter
973 2673 1123 2711 Monac.
1156 2671 1207 2710 ΙΙ.
1240 2672 1275 2709 in
1314 2684 1385 2723 quo
1417 2672 1600 2722 singulari
1630 2671 1871 2710 aberratione

232 2743 437 2796 fulqantis
468 2742 622 2791 legitur.
685 2740 828 2793 Quodsi
861 2742 912 2779 ita
943 2742 978 2779 in
1010 2741 1082 2779 alio
1114 2740 1246 2778 codice
1276 2739 1492 2790 legeretur,
1523 2752 1595 2779 non
1626 2739 1698 2778 hoc
1727 2739 1868 2778 Mona-

235 2812 361 2862 censi,
402 2823 479 2862 ego
509 2822 560 2849 ex
594 2810 745 2861 antiqua
784 2810 968 2859 scriptura
1006 2809 1235 2861 Vulqanus,
1276 2810 1339 2848 vel
1379 2811 1605 2862 Volyanus,
1644 2812 1765 2847 natum
1798 2807 1870 2847 hoc

234 2883 434 2920 monstrum
465 2879 666 2919 crederem.
728 2877 927 2929 Volqania
957 2877 1043 2917 libri
1073 2877 1239 2918 nonnulli
1271 2878 1453 2918 Varronis
1482 2892 1520 2930 p.
1552 2880 1647 2917 295.
1680 2880 1775 2917 695.
1807 2877 1868 2917 ed.

238 2948 424 3000 Spengel.
