2006 3365
213 135 315 179 218
468 129 994 173 ANIMADVERSIONES
1027 131 1081 171 IN
1113 131 1234 172 VAL.
1267 131 1391 172 GAT.
1431 133 1615 174 ECLOG.

211 247 348 286 sactum
391 259 502 296 esse,
548 248 588 285 ut
634 248 795 298 nequeat
840 249 1021 299 agnosci.
1100 246 1192 287 Cum
1235 247 1377 286 Ovidio
1421 246 1670 288 Callimachus
1719 249 1851 301 Epigr.

210 314 378 355 XXXII.
405 318 443 353 2.
471 307 520 349 οὕ
552 314 589 350 σ’
619 310 765 363 ἔγνων.
799 311 993 362 σχέτλιε,
1028 313 1089 359 τίς
1119 312 1317 365 γέγοιιαςς
1380 320 1418 355 et
1446 316 1651 358 Terentius
1684 318 1852 359 Eunuch.

212 383 261 422 II.
303 398 327 421 1.
374 386 436 421 19.
479 382 608 422 adeon
648 383 821 423 homines
863 386 1097 423 inmutarier
1134 384 1203 423 Ex
1240 398 1394 433 amore,
1439 392 1479 425 ut
1515 401 1590 426 non
1628 400 1852 439 coynoscas

211 452 371 491 eundem
403 464 498 490 esse
518 448 537 490 ἓ
597 451 735 490 Verum
751 452 952 491 Terentius
985 453 1032 492 de
1063 453 1226 492 moribus
1257 455 1450 492 amantium
1484 455 1669 507 loquitur,
1703 468 1774 494 non
1807 456 1854 494 de

211 531 384 570 corpore.
502 519 706 569 Singulare
738 524 820 569 est,
865 522 960 573 quod
991 521 1152 561 Aldinae
1183 522 1367 561 exhibent
1399 535 1477 561 cum
1502 524 1699 572 Medieeo,
1729 525 1851 563 Paris.

212 589 282 627 lv.
315 590 353 626 et
384 587 628 637 Anglicano‚
662 590 766 643 quod
798 592 867 629 uix
897 591 1024 630 oeulis
1063 604 1097 629 c.
1127 594 1294 644 possim.
1335 591 1400 629 sed
1434 591 1559 635 sutile,
1605 604 1676 630 non
1717 592 1852 632 defen-

211 656 368 695 dendum
400 656 516 704 locis,
550 658 610 711 qui
641 659 764 710 magis
797 659 970 698 videntur
1000 660 1141 699 similes
1173 673 1287 709 esse,
1320 672 1425 711 quam
1457 664 1567 709 sunt,
1600 660 1763 700 Lucretii
1783 661 1850 700 vl.

214 728 334 763 1212.
378 739 504 780 neque
542 741 587 767 se
622 733 791 780 possent
831 741 1072 779 coquo-scere
1109 736 1151 768 uc
1188 731 1284 782 ipsi.
1328 734 1391 768 aut
1424 730 1609 780 Propertii
1649 729 1679 768 Ι.
1712 746 1750 768 v.
1788 734 1850 771 18.

211 794 302 833 ZVec
327 797 506 847 poteris,
540 799 608 850 qui
637 798 727 845 sis,
762 803 833 835 ant
863 797 952 845 nbi,
987 811 1108 837 nosse
1137 801 1269 838 miser.
1350 798 1521 837 Mirabar
1543 797 1726 850 Pamphili
1759 810 1851 837 ver-

210 876 310 907 sum,
354 876 459 915 quem
491 865 639 916 repperi
673 866 708 904 in
739 865 891 905 Alberti
923 867 969 905 de
1002 866 1087 917 Eyb
1119 867 1330 916 Margarita
1361 867 1520 906 Poetica
1558 867 1622 906 fol.
1657 870 1751 906 102.
1790 866 1850 906 ed.

210 931 319 970 Rom.
352 932 450 972 Han.
484 936 605 973 1475.
665 935 760 974 Non
797 949 882 974 sum
923 939 989 989 qui
1017 937 1174 986 fueram
1214 938 1286 975 vix
1315 950 1371 976 me
1403 949 1641 988 cognoscere
1669 949 1848 989 possum.

208 1001 302 1040 Nam
334 1000 399 1039 illa
422 1001 596 1041 Goldasti
624 1003 777 1042 Erotica
808 1005 894 1042 sive
926 1003 1122 1043 Catalecta
1155 1005 1306 1052 Ovidii,
1339 1005 1474 1057 quibus
1492 1004 1723 1056 Pamphilum
1756 1016 1849 1043 con-

209 1070 320 1109 tineri
353 1070 551 1120 Leyserus
583 1070 683 1110 Hist.
716 1072 866 1111 Poetar.
917 1072 1012 1110 med.
1046 1074 1130 1111 aevi
1169 1086 1206 1123 p.
1240 1075 1365 1113 2071.
1398 1077 1436 1112 et
1467 1074 1659 1112 Fabricius
1691 1086 1746 1112 me
1777 1073 1848 1112 do-

209 1143 387 1189 cuerunt,
428 1140 569 1178 frustra
608 1142 793 1192 quaesivi.
854 1140 1027 1179 Mirabar
1066 1144 1209 1191 autem,
1252 1143 1422 1193 quoniam
1455 1154 1525 1180 non
1558 1142 1758 1181 videbatur
1788 1143 1848 1180 in-

209 1207 414 1257 credibile,
453 1207 648 1260 Pamphilo
685 1210 748 1248 isti
791 1208 908 1248 locum
948 1210 1191 1248 obversatum
1224 1207 1381 1249 Catonis
1419 1223 1527 1259 esso,
1566 1211 1601 1248 in
1633 1212 1849 1261 posteriore

210 1288 348 1315 versus
378 1281 499 1328 parte.
560 1278 669 1316 Prius
700 1277 968 1317 hemistichium
1008 1291 1029 1317 a
1062 1279 1261 1330 Propertio
1299 1279 1329 1317 1.
1371 1294 1443 1318 xu.
1480 1283 1541 1318 ll.
1573 1279 1635 1317 vel
1667 1279 1714 1318 ab
1747 1279 1847 1319 Ovi-

209 1345 269 1383 dio
300 1345 420 1385 Trist.
453 1345 523 1386 111.
556 1362 613 1386 xi.
647 1350 712 1387 25.
738 1346 800 1386 vel
832 1348 959 1398 potius
989 1348 1037 1386 ab
1069 1360 1138 1387 suo
1170 1360 1344 1399 compare
1376 1349 1557 1399 sumpsit,
1589 1348 1845 1398 Maximiano,

209 1414 321 1465 Eleg.
353 1414 384 1453 Ι.
418 1418 456 1455 5.

295 1483 370 1522 Pro
413 1485 517 1539 quod
556 1485 591 1523 in
626 1484 722 1524 Ven.
755 1484 892 1524 Achai.
935 1487 973 1524 et
1012 1485 1110 1525 Mut.
1142 1492 1184 1525 nt
1215 1485 1371 1536 legitur.
1411 1489 1448 1526 et
1479 1486 1560 1536 sic,
1598 1497 1672 1525 non
1702 1493 1762 1536 et,
1806 1486 1847 1525 ut

210 1552 441 1592 Burmannus
472 1553 583 1604 dicit,
615 1554 651 1593 iu
681 1554 801 1595 Voss.
834 1553 863 1595 1.
895 1554 964 1594 fuit
995 1567 1016 1593 a
1047 1568 1092 1593 m.
1125 1567 1181 1607 pr.
