2006 3365
275 182 341 226 66
837 178 1362 219 ANJMADVERSIONES

277 294 338 333 Cf.
370 292 466 333 Cato
497 306 581 343 sup.
620 298 680 330 10.
711 293 856 343 felicia
887 306 1003 332 rura.
1036 296 1184 333 veteris
1218 294 1383 344 domini,
1416 298 1453 335 ut
1483 297 1579 347 apud
1602 297 1802 348 Virgilium
1834 298 1915 338 Ecl.

275 362 346 401 XI.
366 365 403 399 4.
435 369 589 401 veteres
619 363 788 413 miyrate
818 362 959 401 coloni.
1019 361 1158 401 Differt
1188 366 1310 402 autem
1343 362 1438 403 Cato
1469 366 1633 404 nonnihil
1667 380 1689 405 a
1716 366 1916 417 Lucretio,

274 431 405 480 partim
437 442 504 477 co,
541 429 639 481 quod
672 429 769 480 apud
802 430 983 470 Catonem
1015 431 1294 485 Neqm'cquam
1336 432 1380 470 ad
1414 437 1554 484 partem
1587 439 1728 474 tantum
1759 439 1917 474 senten-

274 500 367 547 tiae,
408 509 505 549 quae
544 498 761 548 praecedit,
799 499 947 539 scilicet
978 500 1023 538 ad
1060 500 1227 552 felicia,
1268 503 1452 551 resertnr3
1493 504 1590 554 apud
1628 504 1839 543 Lucretium
1870 503 1915 542 ad

272 566 483 604 universam
514 567 736 605 sententiam
767 569 1072 618 praecedentem,
1105 573 1144 609 ut
1175 569 1244 608 1V.
1281 573 1401 608 1102.
1435 574 1473 608 3.

669 638 873 689 inspirant
900 646 1142 689 pressantes
1175 638 1359 679 dentibus
1392 652 1464 677 ora
1474 668 1487 689 ‚

441 703 749 759 Nequicquam:
783 709 966 759 quoniam
996 708 1095 746 utlaii
1125 708 1218 748 inde
1247 707 1446 748 abradere
1473 716 1658 760 possunt.

271 770 320 809 V.
354 775 448 812 843.
482 776 519 810 4.

440 841 615 881 Caetera
647 843 696 882 de
725 857 866 895 qenere
895 845 969 883 hoc
997 852 1174 884 monstra
1206 859 1256 885 ac
1283 853 1469 899 portenta
1501 845 1685 885 creabat:

440 910 750 965 Nequicquam:
786 916 967 967 quoniam
998 915 1164 954 Natura
1194 915 1416 955 absterruit
1447 922 1628 954 auctum.

269 977 405 1016 Partim
438 991 505 1028 eo,
546 980 641 1032 quod
682 980 804 1019 nullus
844 983 940 1020 inter
972 983 1276 1037 Nequiequam,
1319 987 1356 1022 et
1388 984 1509 1022 verba
1552 995 1646 1034 qnae
1684 986 1914 1035 sequuntur,

268 1049 418 1086 nostris
448 1052 581 1100 potius
614 1050 653 1088 cl.
686 1049 834 1089 libellis
855 1054 927 1089 ete.
962 1063 1082 1090 nexus
1114 1051 1299 1090 eaussaiis
1329 1056 1401 1090 est.
1444 1052 1556 1102 Apud
1583 1052 1790 1090 Lucretium
1819 1064 1914 1103 quae

268 1115 355 1153 voci
386 1116 663 1171 Nequiequam
694 1119 891 1157 subiicitur
921 1121 1129 1169 sententia,
1161 1132 1310 1170 semper
1339 1132 1509 1158 caussam
1537 1119 1680 1168 reddit,
1713 1132 1781 1170 per
1809 1132 1914 1171 quam

267 1182 377 1231 iliud,
411 1186 507 1235 quod
541 1198 630 1224 esse
661 1191 724 1225 aut
755 1187 834 1225 fieri
866 1187 1036 1237 dixerat,
1069 1192 1349 1242 nequicquam,
1382 1191 1542 1237 frustra,
1575 1189 1638 1228 sit.
1693 1188 1800 1227 Unde
1831 1191 1914 1238 est,

266 1252 363 1303 quod
393 1254 491 1303 apud
523 1253 735 1293 Lucretium
769 1268 898 1294 vocem
930 1260 1190 1311 nequicquam
1223 1258 1359 1310 ubique
1390 1258 1534 1309 excipit
1566 1261 1769 1312 quoniam,
1813 1258 1914 1308 apud

265 1321 360 1359 alios
390 1335 480 1361 nam
511 1323 710 1374 particula.
771 1324 854 1363 Non
888 1325 984 1376 quod
1018 1338 1114 1376 opus
1146 1327 1197 1364 sit
1226 1326 1409 1376 particula
1442 1326 1626 1365 caussali:
1659 1327 1787 1365 docuit
1818 1328 1914 1365 enim

265 1388 482 1430 Gronovius
513 1391 538 1430 Ι.
571 1392 595 1430 l.
628 1405 700 1431 non
733 1407 829 1444 opus
861 1407 974 1443 esse,
1008 1397 1046 1434 et
1076 1395 1194 1434 omitti
1227 1408 1305 1434 eam
1337 1408 1358 1433 a
1380 1394 1536 1433 Valerio
1563 1394 1697 1433 Flacco
1718 1394 1786 1433 VI.
1816 1398 1912 1438 250,

265 1462 302 1497 et
332 1471 354 1497 a
386 1460 522 1498 Livio:
566 1465 604 1501 at
636 1464 824 1501 sententia
856 1463 997 1515 ubique
1038 1464 1222 1502 canssalis
1253 1466 1326 1502 est.
1388 1463 1502 1514 Apud
1535 1466 1702 1502 nostrum
1734 1476 1806 1502 non
1840 1467 1912 1503 est.

264 1529 357 1567 Nam
390 1530 440 1568 ita
472 1531 679 1580 procedunt
710 1533 943 1571 sententiae:
978 1531 1237 1583 Spoliaberis,
1271 1545 1293 1570 o
1317 1531 1438 1580 silva,
1470 1544 1578 1583 quum
1609 1533 1710 1570 ferro
1734 1532 1914 1572 succedet

265 1597 400 1637 dextra
430 1598 557 1638 militis
589 1600 722 1650 impia,
754 1613 938 1652 qmmique
977 1602 1094 1652 primo
1128 1601 1281 1639 frondes
1313 1601 1472 1648 eadent,
1502 1600 1639 1638 deinde
1671 1601 1755 1651 ipsa
1780 1604 1816 1639 tu
1846 1613 1912 1639 ca-

264 1665 354 1715 deS‚
387 1668 528 1706 frustra
559 1668 741 1720 quondam
774 1668 880 1706 felix.
941 1669 1035 1708 Tum
1067 1672 1225 1721 repente
1255 1670 1474 1708 abominans
1506 1673 1577 1708 tam
1612 1670 1756 1708 foedam
1787 1669 1911 1709 silvae

264 1736 541 1775 succumbentis
573 1738 672 1775 ferro
704 1736 836 1776 militis
870 1739 1088 1788 imaginem,
1121 1740 1241 1778 addit:
1275 1742 1470 1790 antequam
1503 1737 1575 1776 hoc
1607 1738 1692 1786 iiat,
1725 1737 1761 1776 h.
1783 1750 1817 1776 e.
1840 1751 1911 1777 an-

263 1807 409 1856 tequam
441 1806 541 1843 ferro
573 1805 699 1844 militis
731 1807 948 1845 succumbat
979 1808 1096 1855 siiva,
1130 1809 1223 1846 meis
1254 1808 1392 1846 devota
1424 1806 1649 1845 carminibus
1679 1807 1838 1858 peribit,
1866 1819 1912 1846 ac

262 1873 401 1922 peribit
432 1874 585 1922 ignibus
616 1876 720 1925 eius,
753 1877 813 1927 qni
844 1875 934 1914 aiuit
965 1877 1105 1927 ipsam,
1137 1876 1259 1915 lovis.

349 1940 457 1994 Quod
491 1941 670 1992 Scaliger
701 1944 812 1994 odio,
845 1949 883 1984 ut
914 1950 1026 1995 puto,
1059 1946 1269 1996 scripturae
1300 1944 1464 1983 Aldinae
1495 1947 1643 1984 veteris
1676 1944 1844 1993 damnat,
1874 1944 1910 1983 id

262 2014 413 2060 praeter
444 2010 630 2060 Aldinas,
663 2015 701 2051 et
732 2025 827 2065 quae
859 2013 926 2051 has
958 2017 1182 2065 sequuntur,
1217 2017 1254 2052 et
1286 2016 1434 2064 praeter
1466 2012 1555 2051 MS.
1587 2014 1647 2065 qui
1680 2014 1813 2052 dicitnr
1840 2014 1907 2052 Pi-

262 2078 353 2127 erii,
390 2078 532 2119 habent
562 2080 647 2119 libri
679 2094 750 2120 non
782 2084 1066 2121 contemnendi:
1107 2084 1229 2122 Paris.
1262 2082 1330 2121 111.
1370 2081 1491 2131 Angi.
1526 2082 1632 2121 Vrat.
1666 2082 1694 2121 1.
1727 2083 1828 2122 Mat.
1870 2083 1910 2122 A

262 2159 333 2198 quo
365 2160 438 2186 non
470 2148 618 2187 multum
649 2150 772 2191 differt
803 2155 938 2197 iteris,
981 2153 1077 2204 quod
1118 2154 1152 2191 in
1187 2153 1321 2191 Petav.
1359 2155 1396 2191 et
1427 2151 1632 2201 Thuaneo,
1676 2151 1836 2190 Heinsio
1869 2155 1909 2191 et

260 2213 405 2254 Vossio
436 2216 681 2271 Lassenoque
719 2221 969 2263 testantibus,
1011 2225 1049 2260 et
1087 2222 1121 2259 in
1162 2222 1284 2260 Paris.
1317 2221 1367 2260 ΙΙ.
1408 2221 1579 2270 August.
1612 2221 1764 2259 Monac.
1798 2219 1825 2258 l.
1858 2220 1907 2259 ΙΙ.

260 2287 369 2324 ueris
401 2284 530 2323 Paris.
564 2286 632 2325 IV.
665 2288 697 2325 si
732 2292 837 2327 reete
879 2289 970 2338 lego
1015 2291 1284 2340 compendium.
1346 2290 1405 2328 Ex
1436 2293 1549 2330 iteris
1580 2292 1715 2329 sactum
1748 2292 1907 2340 iterum,

260 2352 359 2405 quod
390 2353 428 2391 in
459 2354 571 2393 editis
603 2355 689 2394 inde
720 2369 741 2394 a
774 2357 939 2397 Romana
971 2358 1019 2396 ΙΙ.
1052 2361 1214 2409 excepta
1245 2359 1475 2408 Mutinensi,
1514 2362 1552 2398 et
1582 2359 1618 2397 in
1650 2359 1803 2410 scriptis
1834 2361 1906 2398 tri-

260 2421 332 2460 bus
364 2421 461 2471 iilis,
504 2424 565 2475 qui
604 2426 825 2475 scripturam
865 2431 1151 2478 repraesentant
1190 2426 1405 2476 vulgatam,
1446 2427 1598 2477 legitur.
1661 2427 1702 2466 ln
1735 2432 1905 2466 extremo

260 2502 375 2529 versu
408 2491 536 2543 liquat
567 2492 687 2531 Paris.
712 2494 760 2533 ΙΙ.
792 2509 915 2546 reqna
946 2498 1117 2545 August.
1140 2500 1177 2534 et
1196 2496 1301 2535 Vrat.
1324 2496 1355 2534 l.
1387 2504 1534 2545 gratum
1562 2497 1744 2545 Heinsio,
1777 2496 1809 2534 si
1843 2497 1905 2534 vi-

260 2563 394 2610 veret,
427 2557 630 2607 ἕρμαιοιη
663 2575 743 2600 nam
776 2562 847 2602 hoe
878 2565 996 2614 ipsum
1028 2578 1152 2616 regyna
1183 2564 1248 2603 iile
1280 2566 1493 2604 coniectura
1528 2564 1798 2605 restituendum
1829 2577 1905 2615 pu-

261 2627 378 2667 tabat.
427 2629 508 2682 Qua
539 2630 576 2667 in
609 2643 649 2668 re
681 2631 958 2670 observandum
991 2635 1070 2681 est,
1102 2646 1210 2685 qumn
1243 2633 1314 2672 boe
1343 2634 1570 2679 coniiceret,
1603 2646 1674 2672 non
1706 2633 1753 2671 de
1784 2634 1904 2673 arho-

261 2696 365 2735 ribus
397 2699 594 2747 cogitasse
624 2699 839 2750 Ileinsiumg
880 2701 947 2739 sed
987 2701 1033 2739 de
1073 2700 1171 2740 colle
1210 2703 1297 2751 agi,
1338 2702 1399 2740 vel
1432 2702 1479 2741 de
1516 2702 1627 2751 villa,
1667 2702 1903 2752 opinabatur.

262 2764 486 2818 Quamquam
519 2767 627 2806 etiam
660 2768 716 2805 sie·
746 2767 940 2817 dubitare,
982 2781 1027 2807 an
1066 2781 1139 2808 non
1181 2770 1351 2810 debuerit
1388 2772 1441 2810 ita
1480 2771 1637 2819 eoniiei,
1677 2772 1818 2821 poterit
1848 2772 1903 2821 is,

262 2835 323 2885 qui
353 2834 493 2887 aliquid
526 2837 694 2886 tempora
724 2840 836 2888 atque
867 2838 1019 2886 ingenia
1049 2839 1146 2877 inter
1178 2851 1221 2878 se
1246 2840 1414 2885 differre,
1450 2842 1487 2879 et
1510 2851 1581 2878 non
1607 2839 1748 2877 debere
1766 2838 1902 2878 Catoni

263 2914 391 2941 omnes
423 2907 649 2942 venustates
681 2904 916 2953 Virgilianas
947 2906 1097 2945 obtrudi
1129 2910 1332 2948 censuerit.
1392 2909 1478 2948 Non
1509 2920 1611 2957 nego
1650 2910 1769 2947 tamen
1812 2920 1903 2959 per-

264 2972 450 3010 vetustum
482 2984 570 3011 esse
603 2972 702 3010 illum
736 2974 843 3012 vocis
874 2988 998 3026 reyna
1039 2988 1142 3015 usum
1174 2977 1423 3029 improprium.
1482 2976 1651 3029 Namque
1681 2977 1733 3016 ita
1764 2975 1902 3017 Cicero

262 3037 308 3074 ad
341 3038 423 3078 Att.
455 3041 564 3079 XIV.
603 3057 683 3078 xvi.
717 3044 755 3082 ut
786 3045 927 3082 taceam
959 3044 1005 3083 de
1036 3044 1143 3085 Orat.
1176 3045 1204 3084 Ι.
1240 3061 1288 3095 x,
1323 3049 1387 3084 41.
1415 3047 1453 3085 et
1483 3046 1563 3084 sim.
1654 3044 1703 3086 Ut
1732 3058 1803 3086 nos
1833 3059 1901 3086 ac-
