2006 3365
601 166 865 209 RECENSIO
897 164 1186 208 LIBRORUM.
1611 168 1712 213 369

77 297 125 324 ne
156 284 252 323 baec
291 282 436 336 quidem
475 283 674 323 satisfacit.
732 283 932 332 Desungar
962 294 1033 321 uno
1064 281 1251 333 exemplo.
1312 279 1373 320 Ad
1406 278 1483 321 Cir.
1517 282 1583 319 66.
1616 279 1711 320 baec

77 356 138 393 est
168 354 214 391 de
246 353 375 391 codice
408 351 524 390 Basil.
564 352 785 391 observatio
830 352 999 401 Heynii:
1048 354 1086 390 in
1123 365 1194 390 ms.
1236 350 1374 390 Basil.
1407 350 1462 389 ml
1491 349 1613 389 verba
1643 349 1710 388 sed

78 421 160 459 siue
192 419 396 459 Erechthei
427 426 490 459 est
521 423 838 474 superscriptum
868 420 958 470 Ipse
991 442 1040 446 —
1074 423 1236 458 matrem.
1297 419 1353 458 lta
1385 419 1572 469 Heynius.
1614 417 1711 471 Quid

79 485 230 528 codex?
261 488 345 527 Non
377 489 565 537 cogitavit
596 489 716 527 bonus
748 488 923 527 librarius
955 487 1002 526 de
1033 487 1351 538 superscribendo
1377 500 1386 525 ε
1433 488 1588 538 scripsit
1618 500 1710 526 ver-

78 570 156 596 sum
189 556 331 609 qualem
364 557 579 607 reperiebat
611 558 645 595 in
678 557 845 595 Romana
875 568 973 594 sua:

449 625 544 679 Ipse
574 653 584 663 .
617 653 627 663 .
659 652 669 663 .
719 631 878 664 matrem
907 624 983 679 fed
1010 624 1101 678 fine
1130 624 1318 663 erichthei

80 693 218 731 Verum
250 691 336 730 huic
367 693 482 730 errori
514 705 639 731 ansam
672 691 767 730 baud
799 692 911 730 dubie
942 691 1046 730 dedit
1085 691 1191 741 ipse,
1232 691 1293 742 qui
1332 691 1487 730 contulit
1524 692 1710 736 codicem,

81 762 332 799 Wetstenius.
396 761 508 799 Aliud
543 762 693 810 insigne
725 759 933 810 exemplum
972 771 1086 810 supra
1116 758 1222 797 Diss.
1256 758 1304 797 ΙΙ.
1339 760 1519 806 vidimus,
1553 772 1601 798 ex
1633 758 1713 800 Ciri

80 843 118 867 v.
152 833 247 868 303.
291 830 350 869 (Ὗ.
389 842 482 881 quae
522 829 661 880 passim
701 841 721 867 e
762 828 845 866 cod.
887 827 1002 866 Basil.
1043 829 1188 875 resero,
1232 839 1346 877 supra
1383 827 1419 864 in
1459 827 1714 878 descriptione

80 897 260 937 Vossiani
294 897 323 936 l.
357 901 394 936 et
428 899 531 936 Diss.
560 897 628 935 ΠΙ.
690 895 879 935 Accurate
920 895 1012 934 baec
1044 895 1230 946 exposui,
1270 898 1308 934 ut
1340 895 1445 934 fidem
1478 894 1714 934 conciliarem

80 966 127 1004 iis
160 979 253 1018 quae
286 967 331 1004 de
363 967 582 1004 confusione
612 964 723 1003 simili
755 964 946 1014 disputavi
984 964 1017 1002 in
1057 963 1260 1013 'l‘buaneQ
1308 967 1346 1003 et
1384 965 1418 1002 in
1461 964 1651 1003 Vossiano
1683 962 1713 1001 Ι.

81 1034 140 1074 Cf.
174 1047 268 1087 quae
291 1034 450 1072 eannlem
483 1035 516 1072 in
549 1046 623 1072 rem
655 1034 777 1072 statim
808 1035 920 1084 atque
952 1036 1055 1071 certa
1087 1033 1253 1071 dicturus
1284 1045 1362 1071 sum
1381 1033 1427 1072 de
1454 1032 1645 1072 Vossiano
1664 1030 1713 1071 ll.

81 1108 119 1142 et
149 1115 242 1156 quae
275 1102 398 1154 paullo
429 1106 518 1153 post
549 1102 594 1141 de
626 1101 830 1154 exemplari
863 1101 1133 1153 Oudendorpii.

592 1297 1078 1353 Vossianus
1130 1297 1218 1352 ΙΙ.

165 1441 213 1480 N.
249 1441 314 1479 78.
347 1438 468 1479 Catal.
502 1439 762 1479 Bibliothecae
795 1439 903 1479 Publ.
936 1438 1206 1478 Universitatis
1239 1438 1361 1488 Lugd.
1396 1438 1479 1477 Bat.
1513 1451 1602 1489 pag.
1621 1440 1717 1478 374.

82 1510 246 1560 scriptus
286 1509 321 1546 in
360 1521 531 1559 papyro,
575 1508 638 1546 l'ol.
680 1508 747 1546 scd
788 1509 937 1559 primum
982 1508 1106 1546 solium
1144 1519 1408 1558 pergamenum
1440 1509 1512 1546 est.
1574 1507 1614 1545 lu
1647 1506 1719 1545 boc

82 1578 180 1617 libro
213 1590 283 1629 quo
316 1577 399 1629 plus
432 1577 610 1627 temporis
648 1579 758 1629 atque
798 1589 936 1627 operae
967 1576 1205 1626 consumpsi,
1247 1588 1291 1615 eo
1323 1587 1419 1615 nunc
1451 1588 1515 1614 ero
1547 1576 1717 1614 brevior.

84 1647 246 1685 Prorsus
278 1647 448 1696 persuasi
481 1645 565 1683 mibi
605 1658 692 1683 esse
726 1645 821 1683 bunc
852 1658 997 1697 quoque
1029 1645 1158 1683 librum
1191 1658 1239 1682 ex
1272 1644 1435 1683 editione
1468 1647 1619 1684 vetusta
1649 1644 1720 1683 de-

83 1715 283 1765 scriptum:
317 1718 388 1754 tam
420 1715 551 1753 similis
583 1717 642 1753 est
673 1714 901 1752 editionibus
936 1715 1118 1763 vetustis,
1160 1716 1197 1752 et
1228 1713 1373 1765 quidem
1405 1713 1476 1762 iis,
1516 1713 1551 1751 in
1584 1713 1720 1765 quihus

82 1784 150 1822 iam
183 1783 292 1834 plena
323 1788 383 1822 est
406 1782 678 1833 Opusculorum
710 1783 980 1834 carminumque
1011 1783 1187 1821 minorum
1221 1781 1418 1825 collectio,
1454 1781 1616 1821 Venetis
1636 1781 1719 1821 Ru-

81 1852 164 1901 bei,
197 1851 372 1900 Iensoni,
415 1852 651 1890 Vicentinae.
713 1850 815 1890 Ordo
854 1854 991 1890 tantum
1024 1851 1199 1890 diversus
1231 1853 1304 1889 est.
1365 1849 1458 1888 Nam
1490 1850 1621 1901 incipit
1652 1863 1720 1889 co-

83 1921 180 1968 dex,
213 1923 250 1958 ut
284 1919 432 1959 Veneta
464 1920 646 1958 lcnsoni:
688 1919 768 1957 Pub
803 1919 902 1968 Virg
933 1921 997 1959 Ma
1029 1920 1133 1959 Vita.
1167 1917 1361 1968 (Donati)
1396 1917 1537 1956 Alcinii
1569 1931 1720 1957 versus.

84 1988 249 2028 Cornelii
283 1988 378 2027 Galli
411 2001 559 2026 versus.
621 1987 702 2026 Pub
743 1988 856 2037 Vin-gi
897 1989 962 2027 Ma
1004 1987 1197 2027 llortulus.
1259 1986 1316 2025 De
1347 1986 1448 2026 Vino
1481 1988 1519 2025 et
1550 1987 1718 2027 Venere.

82 2057 142 2096 De
174 2057 301 2095 liuore.
363 2056 421 2094 De
454 2056 574 2095 Cantu
608 2056 835 2095 Sirenaruin.
897 2057 1064 2095 Eiusdem
1115 2055 1279 2104 (Clarus
1324 2055 1612 2105 inoffenso——)
1659 2055 1720 2094 De

83 2128 245 2165 fortuna.
307 2125 363 2163 De
395 2123 564 2175 Orpheo.
597 2124 655 2162 De
687 2137 729 2162 se
761 2125 846 2175 ipso
880 2123 1125 2173 (Mellifluum
1156 2125 1323 2177 quisquis
1352 2146 1400 2151 -—-
1426 2124 1593 2173 singula.
1626 2125 1722 2164 trina

83 2195 214 2245 mibi.)
250 2197 287 2233 et
318 2193 384 2231 rel.
418 2194 577 2232 carmina
617 2194 780 2243 minora;
826 2193 1019 2244 opuscula
1052 2207 1143 2233 vero
1176 2206 1270 2246 quae
1301 2193 1478 2242 dicimus,
1518 2192 1643 2232 haec:
1677 2193 1722 2232 dc

85 2264 321 2302 institutione
352 2262 438 2300 boni
478 2262 569 2310 viri,
610 2262 654 2300 de
700 2262 842 2311 Rosis,
883 2263 1086 2309 moretum,
1120 2263 1192 2303 Est
1222 2266 1260 2301 et
1290 2261 1398 2308 Non,
1432 2259 1560 2313 Copa‚
1594 2260 1719 2311 Ciris,

85 2330 337 2379 Catalecton,
372 2331 431 2370 Ad
466 2331 664 2381 Priapum,
700 2329 914 2379 (Carminis
945 2332 1120 2383 incompti
1152 2331 1255 2370 lusus
1288 2335 1325 2370 et
1357 2330 1501 2383 reliqua
1531 2331 1719 2382 Priapeia,

84 2402 192 2440 etiam
225 2399 313 2439 illud
355 2400 552 2439 Rusticus
584 2402 704 2439 cerari
735 2401 932 2455 quondam
963 2414 1065 2440 nunc
1096 2400 1243 2440 uilicus
1275 2402 1377 2448 orti,
1419 2403 1456 2438 et
1502 2399 1573 2439 boc
1614 2400 1722 2458 Quid

83 2471 157 2509 hoe
188 2474 279 2508 noni
309 2476 371 2508 est
390 2491 439 2496 —
458 2471 608 2521 ruperit
639 2468 781 2517 latus)
814 2468 960 2517 Culex,
994 2469 1130 2521 Dirae,
1163 2470 1308 2519 Aetna,
1331 2468 1467 2518 Elegia
1498 2469 1534 2507 in
1561 2469 1720 2507 Μυσοῦ-

84 2540 183 2577 natis
216 2538 348 2586 obitu,
381 2541 418 2576 et
449 2537 492 2575 de
525 2537 659 2587 Signis
693 2536 935 2576 Caelestibus
977 2539 1151 2589 (Primus
1183 2538 1291 2576 adest
1322 2538 1434 2575 aries.
1462 2559 1512 2564 —
1534 2540 1571 2576 et
1601 2537 1721 2587 piscis

87 2606 238 2645 vltimus
270 2606 433 2655 ordog),
480 2607 576 2644 inter
607 2606 797 2655 Georgica
828 2610 865 2646 et
898 2607 1101 2646 Aeneidem
1134 2607 1274 2645 inserta
1307 2608 1405 2644 sunt.
1466 2606 1527 2644 Ac
1558 2607 1643 2643 sunt
1675 2617 1720 2644 eo

85 2675 193 2725 loco,
235 2680 320 2713 ante
362 2675 593 2722 Aeneidem,
637 2674 763 2725 plures
804 2677 967 2726 paginae
1014 2687 1156 2713 vacuae
1195 2674 1374 2722 relictae,
1415 2675 1578 2712 sortasse
1623 2674 1720 2726 quod

85 2744 191 2796 plura
224 2744 382 2782 carmina
415 2743 608 2781 additurus
641 2746 721 2782 erat
752 2743 949 2793 librarius,
990 2744 1021 2783 si
1055 2743 1282 2782 invenisset.
1345 2742 1449 2795 Quae
1479 2741 1604 2780 ultimo
1637 2741 1721 2780 loco

88 2813 394 2860 commemoravi,
443 2810 665 2850 liexasticba
716 2812 763 2850 de
804 2813 938 2862 Signis
982 2812 1246 2861 Caelestibus,
1280 2813 1313 2850 in
1347 2810 1534 2860 Catalogo
1568 2810 1591 2848 l.
1625 2810 1649 2849 Ι.
1682 2824 1721 2861 p.

88 2882 183 2919 334.
214 2893 340 2931 parum
371 2882 545 2918 accurate
590 2880 892 2932 Epiyrammam
924 2882 1106 2921 dicuntur.
1168 2880 1265 2920 Sunt
1295 2892 1392 2918 sane
1424 2880 1457 2917 iu
1490 2879 1561 2917 boc
1592 2879 1722 2918 codice

88 2949 354 2999 epigrammata
388 2948 583 2997 nonnulla,
626 2961 720 3000 quae
753 2950 892 2988 frustra
925 2963 1083 3003 quaeras
1115 2950 1149 2987 in
1192 2949 1351 2987 Venetis
1384 2947 1479 2996 illis,
1512 2950 1548 2986 et
1579 2948 1613 2986 in
1646 2948 1720 2987 Vi-

89 3019 264 3056 centina:
298 3031 425 3057 verum
457 3030 501 3057 ea
531 3018 578 3056 ab
612 3018 740 3058 eodem
769 3019 915 3071 quidem
936 3018 1118 3068 librario,
1150 3017 1239 3068 sed,
1260 3019 1298 3056 ut
1322 3016 1509 3065 scriptura
1534 3018 1720 3056 atramen-

158 3096 312 3128 Valerius
332 3095 426 3128 Cato.
1386 3085 1451 3130 24
