2006 3365
267 93 370 138 410
866 91 1233 131 DISSERTA'HO
1265 91 1336 133 lv.

265 205 406 244 tinensi
442 208 563 244 1502.
597 205 799 254 reperitur.
861 204 978 243 Mitto
999 204 1094 254 alia,
1122 217 1218 256 quae
1240 206 1354 244 facile
1376 207 1502 259 quivis
1523 208 1799 259 investigabit,
1818 221 1928 261 quum

265 273 495 324 exemplaria
527 271 638 310 huius
668 274 827 321 generis
860 284 932 310 non
968 272 1047 311 sint
1079 284 1180 311 rara.

360 407 544 447 Veneta
579 409 753 446 1499.1’.
822 408 949 447 Prima
981 420 1029 445 ex
1063 408 1179 456 meis,
1213 421 1308 461 quae
1341 409 1506 459 titulum,
1539 424 1646 463 quem
1678 424 1777 452 nunc
1808 412 1929 462 vulgo

264 475 443 523 dicimus,
487 475 613 514 habet.
691 477 889 528 Virsliliezs
932 490 1017 515 cum
1056 475 1322 517 ccsmentctrit's
1366 482 1502 532 (μιίιιᾳς
1544 481 1733 519 ηἰιΙείὶοΨί
1791 481 1930 520 Seruii

264 544 448 582 Lamlim'
478 545 599 583 Anto.
637 545 887 585 Maneinelli
946 547 1106 584 Donati
1153 546 1322 584 Domitii
1361 548 1497 586 Seruii
1527 550 1615 587 ilem
1647 562 1806 588 errores·
1839 551 1928 589 suis

262 613 365 651 loeis
398 615 597 651 annotari.
661 614 700 652 ln
735 614 808 652 line
847 614 961 652 libri:
1019 614 1195 653 Venetiis
1228 628 1253 652 a
1290 615 1479 667 Philippo
1509 618 1649 666 pincio
1682 617 1928 656 Mantuano.

262 694 367 719 anno
400 681 560 719 domini.
594 682 650 720 Μ.
667 697 884 721 ccccxmx.
916 683 981 722 (lie
1014 685 1150 736 quinto
1183 683 1413 722 Februarii.
1476 686 1572 724 Cum
1601 687 1851 738 priuileyio:
1883 699 1932 725 ne

265 753 358 802 quis
392 750 547 788 audeat
571 753 792 803 imprimere
812 762 904 805 usq3
937 751 993 789 ml
1025 765 1153 790 (tanos
1182 752 1314 790 decem
1341 752 1415 791 sub
1439 767 1546 805 pena
1578 756 1617 791 in
1649 767 1694 792 eo
1726 760 1929 793 contenta.

265 817 376 855 Haec
407 830 560 869 quoque
593 820 687 858 vitia
720 818 836 858 habet
867 820 962 857 satis
993 819 1106 857 multa
1150 832 1322 869 numero,
1369 825 1407 860 et
1448 834 1498 859 ex
1536 825 1647 872 parte
1685 822 1928 872 foedissima,

263 885 339 924 alia
371 898 453 925 eum
485 886 570 926 aliis
602 889 830 936 eommunia,
873 890 912 926 ut
952 900 1031 926 eum
1064 888 1381 937 Norinlbergensi
1416 902 1522 927 unum
1554 890 1810 941 alterumque,
1857 889 1930 929 alia

261 954 309 992 de
341 968 437 998 sno,
474 954 535 994 vel
568 968 617 993 ex
649 957 842 1006 prioribus
875 957 1096 994 Pincianis:
1145 969 1225 994 nam
1272 957 1402 1007 plures
1434 958 1624 997 editiones
1657 971 1706 997 ex
1738 957 1810 997 hae
1841 958 1930 997 osli-

264 1023 349 1061 cina
380 1024 559 1073 prodisse
580 1023 755 1073 Heynius
786 1027 932 1070 monet,
967 1037 1061 1076 quas
1093 1038 1224 1064 omnes
1256 1038 1363 1064 unam
1388 1028 1584 1077 repetitam
1618 1039 1707 1066 esse
1739 1040 1787 1066 ex
1809 1027 1931 1067 altera

267 1091 470 1141 probabile
503 1094 577 1130 est.

353 1227 547 1267 Veneta
589 1231 710 1267 1500.
751 1229 776 1266 f.
861 1228 1058 1281 Virqz'lins
1106 1243 1191 1269 eum
1234 1228 1504 1271 effmentarz’is
1553 1235 1692 1285 quinq3
1740 1233 1930 1272 uidelicet

260 1296 398 1336 Serm'z'
447 1296 631 1335 Lmztlz'm‘
680 1298 801 1335 Anto.
825 1297 1075 1337 ssffaneinelli
1105 1299 1265 1337 Donati
1310 1301 1480 1339 Domitii
1510 1302 1807 1341 Annocationes
1841 1303 1931 1341 ilem

260 1368 300 1404 in
331 1363 488 1405 Seram*
520 1368 611 1405 suis
654 1367 756 1405 loeis
788 1370 964 1419 positae.
1008 1370 1046 1406 et
1077 1368 1112 1405 in
1147 1368 1246 1406 sine:
1303 1368 1480 1408 Veneriis
1514 1383 1539 1408 a
1574 1370 1823 1408 Luc-antonio
1853 1370 1930 1422 flo-

260 1438 427 1473 rente‘no.
460 1436 577 1474 Anno
610 1436 767 1474 domini.
798 1436 1001 1474 Mfficeee.
1035 1436 1111 1475 die.
1148 1451 1282 1475 xxvii.
1310 1440 1502 1489 Aaqusti.
1572 1438 1771 1488 Heynius:
1805 1439 1929 1477 Totus

261 1503 381 1551 liber,
426 1504 569 1555 inquit,
613 1505 658 1543 ad
703 1506 885 1553 verbum,
934 1508 972 1544 et
1011 1517 1090 1543 cum
1132 1506 1216 1556 ipso
1257 1505 1387 1553 titulo,
1421 1519 1633 1556 expressus
1665 1519 1714 1545 ex
1749 1508 1929 1546 pinciana

264 1574 387 1611 1495.
451 1572 609 1611 Gemina
640 1575 749 1612 etiam
782 1578 842 1612 est
874 1574 1081 1612 Pincianae
1114 1577 1234 1614 1499.
1269 1576 1303 1612 in
1338 1576 1432 1625 ipsis
1466 1576 1586 1613 vitiis,
1650 1576 1728 1615 Sed
1761 1577 1929 1616 accessit

259 1652 381 1689 seges
413 1653 596 1679 novorum
630 1643 831 1680 vitiorum:
868 1655 906 1680 v.
942 1645 1031 1681 138.
1059 1648 1145 1681 tua.
1210 1647 1302 1682 139.
1324 1658 1467 1683 mores.
1533 1646 1795 1698 141.patier.
1830 1648 1925 1684 1⁴5.

260 1710 301 1748 si
331 1721 401 1759 pro
435 1711 503 1748 sit.
566 1709 675 1748 Hanc
708 1713 847 1749 tantum
879 1710 924 1748 ad
958 1712 1209 1760 posteriorem
1242 1714 1386 1762 partem
1420 1711 1604 1753 Catonis,
1637 1713 1724 1752 inde
1755 1725 1777 1751 a
1810 1726 1926 1753 versu

264 1779 358 1815 122.
391 1777 547 1816 contuli.

346 1913 772 1954 Mediolanensis
808 1919 927 1954 1501.
954 1917 981 1954 f.
1044 1915 1311 1967 Subscriptum
1334 1917 1369 1954 in
1394 1917 1491 1955 line:
1522 1916 1739 1970 Impresszl
1757 1918 1927 1959 Medio-

259 1979 331 2021 Idi
374 1997 403 2035 p
434 1983 494 2022 Io.
527 1982 699 2035 Anyelzc‘
729 1984 994 2039 seinz-edelar
1025 1986 1104 2024 die.
1140 2001 1225 2023 vill.
1257 1984 1391 2024 mesia
1424 1985 1636 2025 Dece‘hris
1669 1989 1785 2026 Anno
1817 1987 1924 2027 Drii.

258 2050 302 2090 M
316 2066 468 2090 ccccm.
533 2051 692 2091 Gemina
734 2054 939 2092 Brixianae
977 2057 1095 2093 1485.
1130 2059 1168 2093 et
1201 2054 1374 2092 Venetae
1412 2058 1531 2094 1488.
1566 2058 1605 2094 ut
1636 2067 1687 2093 ex
1721 2057 1823 2094 vitiis
1855 2068 1926 2095 co-

259 2121 483 2169 gnoseitur,
524 2133 618 2172 qnae
652 2122 856 2159 comnmnia
889 2123 922 2160 ei
955 2126 1043 2162 sunt
1075 2135 1154 2161 cum
1195 2123 1284 2162 illis.
1355 2125 1425 2163 Est
1466 2125 1575 2162 eliam
1613 2125 1719 2176 furti
1757 2138 1794 2162 v.
1831 2127 1925 2163 166.

258 2187 369 2226 Hane
402 2200 473 2226 non
507 2191 812 2228 connnemoravit
845 2191 1044 2239 Heynius,
1078 2194 1117 2229 at
1150 2195 1410 2231 commemorat
1441 2192 1537 2231 alias
1570 2205 1619 2232 ex
1652 2193 1802 2231 officina
1833 2193 1926 2232 Me-

259 2255 471 2295 diolanensi
500 2256 810 2306 Scfflzenzeleri,
843 2271 995 2310 quarum
1023 2258 1118 2298 haee
1145 2259 1242 2297 haud
1268 2260 1380 2298 dubie
1411 2262 1587 2311 repetitio
1614 2264 1698 2310 est,
1734 2274 1769 2299 a.
1803 2263 1925 2301 1478.

264 2327 386 2364 1481.
426 2327 545 2365 1487.
579 2329 698 2365 1490.
760 2327 888 2373 Hine,
922 2328 995 2365 nisi
1027 2327 1158 2376 fallor,
1193 2328 1445 2379 intelligitur,
1478 2330 1663 2381 quomodo
1697 2331 1924 2382 exquisitum

260 2392 352 2431 illud
385 2394 492 2445 furti
524 2395 559 2431 in
595 2394 814 2432 Brixianum
849 2395 988 2434 illatmn
1021 2397 1084 2434 sit.
1159 2397 1306 2447 Nempe
1346 2410 1395 2435 ex
1434 2397 1716 2437 Mediolanensi
1758 2398 1925 2450 Philippi

262 2460 310 2500 de
344 2461 548 2512 Lavagnia
581 2464 620 2501 et
651 2462 689 2500 in
720 2463 940 2501 Brixianam
979 2464 1110 2514 venit,
1151 2468 1189 2505 et
1221 2466 1255 2504 in
1287 2466 1383 2504 alias
1415 2466 1741 2506 Mediolanenses.

349 2599 428 2638 Sed
462 2598 535 2638 boc
566 2602 735 2650 tempore
766 2601 834 2637 iam
866 2602 1072 2641 exstiterat
1099 2601 1376 2641 Aseensianum
1408 2616 1556 2653 genus,
1590 2616 1641 2642 ex
1672 2617 1744 2656 quo
1778 2603 1921 2642 editio-

261 2680 331 2706 nes
365 2667 505 2706 contuli
540 2671 637 2712 tres,
672 2681 707 2706 a.
732 2671 852 2706 1500.
888 2668 948 2706 vel
986 2673 1105 2708 1501.
1138 2684 1172 2709 a.
1212 2676 1329 2712 1501.
1364 2686 1396 2711 a.
1426 2676 1546 2711 1512.
1580 2685 1673 2725 quas
1707 2673 1923 2711 Ascensia-

261 2747 342 2774 nam
374 2737 548 2787 primam,
579 2738 804 2787 secundam,
838 2739 1007 2788 tertiam,
1042 2752 1232 2791 nuncupo.

347 2874 676 2914 Aseensiana
700 2876 736 2915 I.
771 2878 797 2915 f.
860 2874 1041 2915 Continet
1064 2875 1184 2916 haee:
1219 2879 1336 2928 primo
1359 2878 1471 2927 loeo,
1498 2882 1538 2918 ut
1558 2878 1740 2917 Tabulam
1768 2877 1922 2928 Alpha-

261 2941 423 2982 beticam
456 2946 769 2996 praetermittam,
802 2944 1033 2995 Aeglogas‚
1067 2945 1286 2998 Georgica,
1319 2946 1378 2986 οιῐ
1401 2949 1528 2988 εει-υἱέ
1555 2946 1772 2987 &subinde
1790 2947 1922 2987 Man-
