2006 3365
220 121 322 164 388
815 114 1182 155 DISSERTATIO
1214 114 1285 153 lv.

223 232 451 271 Vcnetarum
482 231 633 278 Rubei,
667 229 843 279 Iensoni,
876 231 915 268 et
946 232 1201 277 caeterarum,
1235 240 1331 280 quac
1358 229 1545 268 Venetam
1576 230 1703 270 Rubei
1734 242 1876 282 sequu-

223 304 284 340 tae
316 302 427 348 sunt,
460 298 617 335 omnium
649 296 778 335 haberi
812 298 951 347 possit.
1012 297 1061 335 Et
1092 298 1126 334 in
1150 296 1320 335 Romana
1350 296 1496 348 quidem
1520 310 1615 350 quae
1635 299 1763 337 insunt
1790 309 1878 336 car-

222 370 340 416 mina,
374 367 445 404 hoc
474 365 560 404 loco
594 377 645 403 ex
676 365 839 403 Panzeri
871 364 1012 403 Annal.
1044 365 1225 414 Typogr.
1268 364 1356 402 Vol.
1390 364 1440 402 II.
1481 378 1518 415 p.
1552 369 1657 416 440,
1695 369 1787 404 122.
1819 367 1878 404 in-

223 436 372 474 dicabo.
435 434 575 472 Eadem
608 434 686 471 sere
719 433 754 470 in
788 433 939 472 Veneta
972 433 1251 471 ssartliolomaei
1285 434 1415 471 inesse
1455 435 1635 482 coniicio,
1677 446 1722 473 ac
1762 446 1878 485 prae-

223 507 326 542 terea
359 503 458 540 inest
491 501 586 539 liber
623 500 732 540 XIII.
774 501 1003 544 Aeneidos,
1054 502 1114 552 qui
1160 502 1302 539 abesse
1343 502 1494 539 videtur
1532 514 1553 540 a
1592 502 1776 541 Romana.
1837 500 1879 539 In

222 570 408 621 principio
440 570 597 619 operis:
631 570 776 607 Poetae
809 571 901 608 vita.
964 569 1115 608 Alcinoi
1148 572 1186 608 ct
1218 568 1315 607 Galli
1351 581 1488 607 versus
1521 570 1565 608 de
1600 569 1782 618 Virgilio.
1833 570 1879 608 P.

221 638 381 686 Virgilii
403 637 461 676 M.
480 637 689 685 Hortalus,
723 637 768 674 de
801 637 900 676 Vino
933 641 970 676 et
1003 637 1156 675 Venere
1189 640 1319 675 contra
1352 637 1572 676 ebrietatem
1605 642 1643 677 et
1674 637 1880 687 luxuriam,

222 706 267 743 de
299 706 460 754 Livore,
494 705 539 743 de
572 705 695 745 Cantu
728 704 968 751 Sircnarmn,
1003 705 1063 743 die
1097 704 1207 754 (sic)
1250 705 1323 743 Die.
1355 705 1491 753 natali,
1524 706 1571 743 de
1602 706 1788 754 Fortuna,
1834 705 1882 744 de

222 774 366 823 Orfeo,
399 775 445 812 de
477 774 643 824 Scipso,
676 774 720 812 de
754 774 960 813 Aetatibus
991 773 1224 822 animalium,
1258 773 1303 811 dc
1324 773 1457 821 Ludo,
1490 773 1538 811 de
1557 773 1758 812 Aerumnis
1778 773 1881 812 Her-

223 843 348 893 culis3
382 844 619 891 Argumenta
649 841 740 881 XII.
786 842 964 880 librorum
1000 841 1225 891 Aeneidos,
1268 842 1310 880 P.
1346 841 1394 880 V.
1427 841 1484 880 Μ.
1517 841 1564 880 dc
1595 842 1789 880 Musarum
1820 843 1882 879 in-

222 912 376 959 ventis3
410 911 548 959 Elegia.
579 911 614 948 in
647 910 887 948 Moecenatis
919 909 1054 957 obitu,
1088 922 1182 960 quae
1214 910 1353 948 dicitur
1378 909 1556 957 Virgilii,
1591 921 1670 947 cum
1703 921 1774 947 non
1807 910 1882 960 sit3

222 979 429 1029 Epitaphia
461 980 629 1016 virorum
659 978 854 1016 illustrium
889 978 924 1014 in
952 976 1173 1026 Virgilium,
1207 978 1250 1017 P.
1286 977 1334 1016 V.
1367 978 1424 1016 Μ.
1458 978 1504 1016 (le
1537 977 1727 1028 Speculo,
1776 977 1883 1016 Ver-

222 1060 290 1085 sus
322 1048 367 1085 de
399 1046 578 1085 Herculis
610 1046 828 1091 laboribus,
863 1045 909 1082 de
942 1045 1071 1084 Litcra
1100 1058 1151 1095 y,
1194 1046 1241 1084 de
1275 1046 1524 1086 Coelestibus
1555 1045 1709 1094 signis,
1743 1045 1883 1084 Versi-

223 1115 296 1153 culi
330 1115 510 1163 Virgilii,
545 1115 695 1153 Versus
728 1115 762 1151 in
798 1113 978 1151 Balistam
1012 1113 1213 1164 latronem3
1246 1115 1397 1153 Versus
1432 1114 1590 1164 Ovidii,
1624 1114 1772 1153 Summa
1791 1114 1885 1153 Vir-

222 1183 391 1233 gilianae
425 1183 655 1221 narrationis
686 1183 722 1220 in
757 1181 994 1230 Buecolieis,
1028 1180 1234 1230 Georgicis
1268 1187 1306 1221 et
1338 1183 1533 1233 Aeneide3
1566 1182 1610 1220 P.
1645 1181 1692 1220 V.
1725 1181 1780 1219 M.
1815 1194 1884 1219 su-

222 1264 291 1303 per
321 1251 430 1289 libris
461 1251 550 1290 XII.
583 1250 798 1289 Aeneidos.
876 1249 1039 1288 Aeneidi
1074 1251 1386 1299 subiunguntin·:
1420 1252 1464 1289 P.
1499 1251 1549 1290 V.
1583 1250 1637 1289 M.
1671 1251 1881 1296 Moretum,

222 1320 420 1370 Priapeia,
465 1320 596 1370 Copa,
640 1319 711 1357 Est
752 1322 790 1357 et
831 1330 926 1365 non,
976 1317 1045 1356 Vir
1090 1318 1239 1365 honus,
1290 1320 1334 1357 de
1366 1319 1507 1368 Rosis,
1555 1319 1705 1369 Culex,
1739 1319 1882 1367 Dirae,

223 1388 376 1436 Aetna,
412 1388 536 1435 Ciris,
571 1385 809 1426 Cataleeton.
883 1386 979 1424 Dedi
1012 1385 1107 1424 haec
1140 1390 1178 1424 ut
1210 1386 1388 1436 leguntur
1419 1388 1515 1438 apud
1549 1387 1781 1436 Panzerun„
1814 1386 1884 1425 de-

223 1457 365 1506 scripta
398 1468 447 1494 ex
478 1455 606 1493 Indice
638 1456 724 1493 sive
754 1454 903 1493 Tabula
935 1455 1117 1493 editionis
1149 1454 1367 1504 Romanacg
1400 1458 1610 1494 accuratam
1643 1455 1781 1507 ubique
1812 1455 1884 1493 de-

223 1525 470 1574 scriptionem
503 1536 592 1562 esse
626 1536 697 1561 non
730 1526 900 1574 praesto.

309 1591 489 1643 Sequitur
521 1590 823 1629 mediolanensis
848 1593 969 1629 1474.
1004 1602 1101 1643 quae
1133 1589 1231 1629 hanc
1262 1591 1298 1629 in
1327 1592 1399 1630 fine
1431 1592 1714 1643 inscriptionem
1744 1590 1882 1630 habet:

224 1660 458 1700 Mediolani
485 1660 729 1711 Impressum
748 1672 823 1711 per
850 1660 1097 1709 stlaqistrnm
1116 1659 1348 1711 Philippum
1367 1660 1415 1698 ‹Ie
1434 1659 1668 1711 Lauaynia.
1702 1659 1756 1699 M.
1771 1674 1882 1697 cccc.

224 1742 388 1765 Lxx1111.
423 1728 487 1765 die
529 1742 614 1764 mv.
648 1727 768 1765 Iunii.
844 1727 969 1765 Valde
1009 1727 1262 1765 memorabilis
1305 1728 1440 1773 editio,
1490 1741 1596 1780 quam
1637 1732 1829 1778 acceptam
1862 1740 1882 1766 a

225 1794 505 1836 Sunderlandio
539 1793 685 1833 Comite
726 1796 933 1840 tractavit,
975 1795 1204 1844 descripsit,
1254 1796 1524 1847 variantesque
1563 1795 1769 1838 lectiones,
1814 1796 1882 1834 sed

224 1867 362 1903 tantum
396 1863 430 1900 in
463 1863 603 1900 maiora
641 1862 797 1911 Virgilii
832 1875 974 1913 opera,
1009 1864 1225 1912 excerpsit,
1269 1867 1382 1914 atque
1414 1875 1506 1901 suae
1539 1864 1693 1902 editioni
1728 1863 1883 1913 Virgilii

223 1932 344 1970 Lond.
391 1934 511 1968 1715.
560 1930 719 1969 inseruit
766 1930 823 1969 M.
864 1931 1120 1979 Maittairius,
1171 1932 1268 1969 unde
1308 1931 1484 1969 nonnulla
1527 1932 1562 1969 in
1596 1945 1664 1970 sua
1696 1934 1885 1971 varietate

223 1999 398 2038 lectionis
430 1998 476 2036 ad
519 1997 724 2047 Virgilium
764 2000 893 2048 posuit
935 2000 1181 2037 Burmannus.
1253 1999 1336 2037 Nos
1377 2004 1520 2048 autem,
1561 2001 1608 2039 de
1647 2013 1720 2053 quo
1760 2001 1885 2039 statim

223 2067 457 2117 monebitur,
489 2067 678 2115 geminam
710 2065 798 2105 huic
831 2066 1109 2106 Mediolanensi
1140 2068 1340 2107 editionem
1372 2067 1585 2108 habuimus.

561 2260 1122 2315 IIIulinense‘s
1189 2271 1403 2320 1475.
1456 2263 1557 2336 fol.

310 2413 484 2463 Insignis
517 2415 592 2451 tum
624 2413 802 2462 raritate,
850 2416 924 2452 tum
956 2413 1258 2463 pulchritudine,
1305 2417 1558 2465 typornmque
1599 2414 1793 2464 elegantia
1824 2416 1885 2454 at-

226 2493 297 2534 que
328 2480 578 2532 aequalitate,
611 2492 683 2531 qua
716 2481 864 2519 multum
897 2485 984 2520 ante
1016 2482 1141 2531 alias,
1177 2486 1215 2521 ut
1247 2483 1433 2521 Venetam
1459 2481 1647 2529 Achatis‚
1683 2485 1721 2521 et
1752 2483 1886 2521 Vene-

225 2554 298 2589 tam
338 2550 487 2596 Rubei,
531 2549 712 2597 excellit,
756 2552 829 2587 tum
862 2550 1022 2587 internis
1056 2550 1208 2588 dotibus
1241 2549 1358 2598 liber,
1407 2550 1512 2588 cuius
1544 2562 1615 2589 nos
1648 2549 1883 2600 exemplum,

225 2618 323 2670 quod
357 2620 417 2656 est
447 2618 482 2655 in
517 2616 757 2655 Bibliotheca
797 2617 923 2666 Regia
968 2617 1190 2665 Dresdana,
1230 2617 1379 2667 plenum
1411 2622 1523 2670 atque
1556 2619 1781 2666 integrum,
1813 2629 1885 2655 uno

224 2685 309 2724 loco
342 2684 487 2724 Culicis
511 2698 547 2722 v.
585 2687 679 2723 298.
715 2689 810 2724 299.
844 2688 940 2724 300.
974 2689 1069 2724 301.
1103 2688 1199 2723 302.
1243 2689 1431 2736 excepto,
1472 2686 1533 2737 qui
1575 2697 1715 2724 versus
1758 2697 1886 2723 omnes

227 2754 354 2803 priore
386 2755 494 2802 parte
526 2765 594 2790 sua
626 2755 863 2791 evanuerunt
895 2766 984 2791 casu
1018 2753 1164 2805 aliquo,
1199 2753 1265 2791 sed
1299 2754 1543 2792 deformatum
1576 2753 1700 2792 multis
1725 2754 1759 2791 in
1785 2764 1885 2789 mar-

226 2821 381 2869 ginibus
414 2823 452 2858 ct
493 2822 590 2859 inter
628 2833 766 2859 versus
807 2821 965 2859 scholiis
1008 2821 1254 2872 glossisquc,
1297 2834 1366 2872 per
1411 2822 1685 2871 benignitatem
1717 2819 1884 2869 Beigelii

226 2888 357 2925 iterum
405 2889 611 2940 iterumque
652 2889 919 2938 tractavimus,
960 2901 1005 2927 ac
1046 2891 1378 2939 pertractavimus.
1454 2889 1514 2928 De
1554 2890 1671 2928 forma
1709 2887 1815 2938 libri,
1848 2891 1886 2927 et

225 2966 321 3005 quae
362 2956 406 2994 ad
448 2955 744 3007 bibliographos
785 2957 967 3007 attinent,
1017 2957 1089 2996 iam
1130 2958 1266 2996 dictum
1307 2959 1369 2998 est
1399 2960 1575 2997 accurate
1606 2956 1654 2995 ab
1685 2955 1787 2994 alio:
1835 2956 1885 2994 cf.
