2006 3365
512 155 567 195 IN
599 154 820 197 VALERII
852 155 1090 197 CATONIS
1120 155 1300 197 DIRAS.
1631 158 1731 202 135

93 270 347 311 existimabat.
407 270 503 309 Nam
534 270 592 310 sic
622 270 881 320 retingendum
912 272 1038 322 putat:
1079 271 1160 312 Seu
1187 272 1349 324 fueris,
1382 284 1453 311 seu
1484 283 1560 309 non
1588 283 1732 309 meeum

90 341 295 389 morieris,
333 342 539 393 utrimque.
601 341 697 392 quod
737 339 834 378 hunc
874 339 910 378 in
949 352 1099 378 sensum
1136 341 1427 391 interpretatur:
1469 340 1553 377 sive
1590 342 1732 376 mortua

92 409 167 447 eris
197 420 364 456 mecum,
397 409 482 446 sive
514 421 608 452 non,
642 407 750 447 salve
782 411 938 460 utroque
968 407 1091 445 modo.
1150 407 1250 446 Idem
1282 409 1496 447 coniecerat
1526 407 1625 447 Sive
1647 409 1730 446 eris

90 478 177 525 hic,
211 490 282 516 seu
314 490 402 516 non.
439 477 520 522 vel,
553 477 626 515 alio
658 480 842 527 tempore,
885 489 1027 515 mecum
1055 476 1264 516 maerebis.
1324 477 1423 516 Sive
1452 479 1561 525 eris,
1593 482 1663 514 aa!
1694 478 1735 514 si

92 558 190 594 non,
222 544 382 594 legebat
413 545 606 584 Francius.
667 544 826 583 Rectius
853 544 1135 582 Wernsdorfius
1166 545 1202 582 in
1233 545 1540 594 interpretatione
1571 545 1732 595 positam

92 626 182 653 esse
214 613 323 652 liuius
355 613 429 652 loci
459 613 616 653 salutem
648 613 762 652 vidit:
805 613 878 651 etsi
909 611 970 650 hic
1007 623 1154 663 quoque
1192 615 1377 666 utrinque
1413 612 1613 661 legendum
1644 625 1735 651 esse

91 687 244 729 censet,
276 683 358 720 sine
391 695 527 721 caussa
559 683 706 720 idonea.
768 680 1041 730 Interpretatur
1070 684 1191 718 autem
1223 682 1295 719 ita:
1331 680 1431 719 Sive
1460 683 1541 719 eris
1573 693 1733 730 mecum,

90 758 128 791 et
149 753 188 790 si
210 765 284 790 non
312 751 389 789 eris
403 780 416 800 ,
439 752 462 788 i.
490 763 523 789 e.
549 752 659 788 vives
679 761 817 788 mecum
829 777 841 797 ,
859 752 1043 801 utrinque
1059 762 1203 788 meeum
1221 752 1422 797 morieris,
1444 747 1481 786 l1.
1502 762 1535 788 e.
1555 753 1733 788 utrocun-

92 832 164 871 que
196 820 303 858 modo
335 819 370 857 id
405 820 604 868 evenerit,
636 829 708 856 non
741 817 813 855 nisi
846 829 982 855 mecum
1014 818 1210 856 morieris:
1242 830 1315 857 non
1347 818 1442 856 enim
1473 819 1648 856 memoria
1673 821 1735 856 tua

89 888 187 938 apud
221 900 298 936 me,
331 889 402 926 nisi
433 900 488 925 me
519 888 602 938 ipso
634 886 838 935 moriente,
871 886 1083 925 intercidet.
1129 886 1215 925 Non
1246 887 1394 937 inepte,
1427 889 1465 926 et
1495 886 1623 925 eadem
1654 887 1735 924 sere

92 957 304 1005 sententia,
337 968 441 1008 quam
474 968 542 994 nos
574 956 766 1007 assequuti
799 967 925 993 sumus
956 957 1087 994 nostra
1116 955 1385 1005 explicatione.
1434 954 1511 995 Sed
1544 954 1629 993 illud
1661 955 1735 993 oh-

91 1026 169 1064 stat
200 1023 487 1073 Wernsdorfio,
527 1024 625 1076 quod
657 1025 777 1062 omnia
814 1024 971 1073 docent,
1012 1022 1193 1063 Catonem
1230 1023 1376 1075 Lydiae
1414 1023 1501 1063 vale
1541 1024 1669 1062 dicere
1701 1024 1736 1061 in

91 1097 323 1144 perpetuum.
384 1092 519 1145 Itaque
551 1105 658 1144 quum
689 1091 801 1143 plane
842 1103 913 1130 non
952 1097 1103 1142 speret,
1145 1095 1227 1132 sore
1270 1106 1458 1145 umquam,
1503 1096 1542 1131 ut
1573 1094 1655 1143 ipse
1686 1093 1736 1131 sit

91 1173 172 1200 curn
204 1161 349 1211 Lydia,
380 1174 452 1200 non
482 1163 613 1212 potest
643 1160 730 1199 illud
763 1160 860 1213 quod
894 1160 976 1200 vult
998 1162 1303 1213 Wernsdorfius,
1334 1163 1434 1202 Sive
1465 1165 1546 1202 eris
1577 1176 1735 1211 meeum,

89 1230 232 1269 dicere.

174 1332 224 1372 V.
259 1335 325 1373 97.
391 1337 662 1371 EXTREMUM
688 1335 885 1371 CARMEN
910 1336 1195 1372 REVOCEMUS
1222 1339 1260 1371 Β.
1287 1336 1462 1374 AVENA.
1495 1335 1735 1382 E.rtrenmm‚

89 1403 187 1454 quod
214 1405 384 1440 extremo
412 1401 494 1439 loco
517 1401 617 1447 dixi,
644 1413 867 1439 revocemus
892 1401 1099 1451 repetendo
1127 1402 1394 1440 confirmennis.
1427 1402 1734 1436 WERNSDORF.

90 1470 319 1509 Verissnnc.
354 1484 511 1509 carmen
544 1477 755 1509 extremum
786 1471 846 1507 est
875 1481 1012 1507 versus
1044 1470 1105 1521 qui
1134 1470 1306 1520 proxime
1337 1469 1548 1520 praecedit,
1572 1472 1637 1507 96.
1666 1481 1734 1506 cn·-

90 1540 149 1578 ius
181 1541 402 1579 sententiam
437 1553 475 1578 v.
511 1543 576 1578 98.
610 1550 717 1590 seqq.
757 1537 918 1588 repetit,
959 1537 1179 1588 amplificat,
1226 1540 1396 1576 exornat.
1458 1538 1562 1587 Ergo
1595 1536 1736 1575 inutilis

91 1608 310 1647 coniectura
349 1611 408 1647 est
447 1607 618 1646 Heinsii:
660 1607 855 1646 Extrema
886 1626 937 1632 -
970 1619 1116 1646 avena.
1207 1607 1372 1647 haetare
1412 1606 1509 1645 Mut.
1579 1607 1736 1645 fennena

92 1675 188 1715 Ven.
222 1675 360 1715 Achat.

176 1780 225 1819 V·
259 1783 326 1818 98-
374 1787 547 1821 DULCIA
574 1786 743 1820 AMARA
770 1787 909 1821 PRlUS
936 1786 1095 1828 FlENT,
1122 1787 1180 1821 ΕΤ
1204 1788 1387 1821 MOLLIA
1413 1788 1552 1821 DURA.
1605 1778 1734 1826 llunc,

91 1851 129 1887 et
160 1849 220 1900 qui
253 1850 459 1899 sequuntur
489 1850 590 1896 tres,
621 1846 747 1886 laudat
778 1846 1014 1886 Octavianus
1045 1846 1258 1886 Mirandula
1288 1848 1324 1885 in
1356 1847 1558 1886 lllustrium
1584 1847 1734 1886 Poetar.

90 1916 264 1955 Floribus
296 1930 333 1967 p.
368 1919 434 1954 29.
467 1928 500 1953 a.
535 1915 593 1953 ed.
629 1915 749 1954 Antv.
790 1918 907 1954 1549.
941 1917 1205 1968 componitque
1237 1922 1311 1956 tum
1344 1928 1422 1955 cum
1455 1916 1611 1965 Virgilii
1645 1929 1735 1955 veru

91 1985 202 2024 sibus
233 1984 314 2023 Ecl.
348 1986 379 2024 1.
415 1989 480 2023 60.
514 1997 598 2036 sqq.
632 1986 705 2022 tum
737 1996 814 2022 cum
846 1983 905 2022 his
938 1984 1092 2028 Ovidii,
1127 1985 1250 2036 Epist.
1278 1998 1328 2024 ex
1359 1985 1476 2023 P.11.
1504 1988 1540 2032 4,
1565 1988 1631 2023 25.
1650 1998 1733 2037 sqq.

98 2058 160 2099 ll,
193 2057 230 2091 5.
264 2066 349 2105 sqq.
411 2054 568 2093 OmnIno
601 2052 661 2091 hic
691 2056 898 2103 perpetuus
929 2066 974 2092 ac
1004 2053 1132 2105 poetis
1163 2053 1293 2092 latinis
1334 2054 1536 2093 communis
1567 2055 1736 2092 omnihus

92 2123 126 2160 in
160 2122 398 2161 testificanda
429 2122 585 2170 amoris,
617 2120 832 2166 fidelitatis,
875 2123 1073 2161 memoriae
1105 2123 1316 2162 constantia
1346 2123 1476 2161 {nodus
1507 2126 1589 2162 est:
1632 2123 1736 2172 prius

92 2190 164 2229 hoc
195 2190 280 2239 liet,
312 2191 375 2229 vel
407 2190 518 2239 illud,
552 2188 785 2239 ἀδύνατον,
817 2202 922 2243 (piam
953 2203 1029 2240 ego
1062 2192 1113 2230 tui
1139 2190 1362 2231 obliviscar.
1395 2190 1455 2231 Cs.
1476 2190 1593 2231 Ovid.
1613 2191 1735 2230 Trist.

92 2259 123 2298 Ι.
157 2263 195 2298 5.
231 2263 293 2298 ll.
326 2273 410 2312 sqq.
442 2260 509 2298 sed
543 2259 596 2298 ibi
630 2259 762 2298 nullum
796 2256 1022 2298 ἀδύνατον.
1073 2260 1175 2312 fiant
1196 2261 1331 2300 Petav.
1353 2259 1495 2299 Medic.
1518 2260 1615 2311 apud
1639 2261 1734 2298 Bur-

93 2341 279 2377 mannnm,
312 2329 516 2367 Thuaneus
547 2329 688 2368 diserte
726 2331 892 2367 testante
924 2328 1112 2378 Lasseno,
1151 2329 1275 2368 Paris.
1301 2329 1352 2368 ΙΙ.
1379 2329 1448 2368 ΙΙΙ.
1476 2329 1546 2368 1V.
1578 2328 1735 2379 Anglic.

92 2397 263 2445 August.
295 2397 447 2436 Monac.
479 2397 509 2435 l.
542 2397 591 2436 11.
623 2396 783 2437 Vratisl.
817 2396 846 2435 1.
879 2398 1049 2437 Romana
1079 2397 1110 2436 Ι.
1143 2398 1295 2437 Veneta
1334 2397 1473 2437 Achat.
1506 2398 1736 2437 Mutinensis

94 2478 173 2505 cum
205 2466 288 2503 cod.
324 2465 440 2503 ssasn.
485 2466 578 2517 fient
610 2466 777 2505 Romana
808 2465 858 2504 Il.
890 2466 1065 2505 Venetae
1096 2466 1197 2505 Ruh.
1231 2469 1269 2505 et
1302 2466 1478 2518 Iensoni,
1511 2467 1733 2510 vicentina,

95 2546 174 2572 eum
205 2535 322 2573 Voss.
358 2534 406 2572 ll.
437 2534 596 2573 Vratisl.
628 2534 677 2573 ΙΙ.
711 2539 748 2573 et
779 2535 949 2574 editores
981 2535 1113 2587 reliqui
1147 2548 1264 2587 usque
1290 2535 1335 2574 ad
1361 2537 1620 2575 recentissima
1641 2539 1735 2575 tem-

96 2615 200 2653 pora.
260 2603 390 2654 Atque
421 2603 534 2654 fient,
568 2606 605 2641 et
636 2615 749 2641 versu
780 2617 863 2656 seq.
896 2611 1079 2652 cernent,
1115 2604 1158 2642 P.
1191 2604 1355 2643 Bemhus
1386 2604 1470 2643 Lib.
1503 2605 1550 2643 de
1581 2604 1734 2654 Culiee,

97 2672 159 2710 ubi
191 2671 288 2709 hunc
323 2683 470 2709 versum
501 2671 648 2720 laudat,
681 2676 719 2711 et
749 2674 809 2724 qui
841 2676 1047 2724 sequuntur
1072 2674 1256 2725 quinque:
1291 2674 1385 2712 unde
1411 2679 1530 2712 tamen
1558 2686 1628 2711 non
1653 2672 1734 2711 col-

97 2740 274 2789 legerim,
305 2741 400 2792 fient
430 2740 570 2788 fuisse,
610 2743 648 2779 et
677 2748 859 2789 cernent,
903 2743 936 2779 in
978 2743 1108 2781 codice.
1150 2743 1294 2781 Bembi.
1356 2743 1535 2782 Profecto
1573 2755 1634 2780 res
1674 2743 1735 2780 est

97 2809 262 2857 ambigui
296 2809 443 2847 iudicii:
476 2821 554 2845 nam
587 2809 681 2859 qnod
715 2823 827 2860 supra
861 2824 897 2847 v.
931 2813 968 2848 4.
1003 2815 1040 2848 5.
1075 2816 1112 2849 G.
1167 2810 1262 2850 Cato
1294 2813 1428 2851 futuris
1460 2824 1550 2850 usus
1581 2813 1662 2858 est,
1695 2810 1736 2849 et

97 2878 192 2928 quod
228 2877 297 2916 lioc
328 2877 411 2915 loeo
446 2879 622 2925 futurum,
661 2879 907 2929 miqrabunt,
949 2881 1103 2919 subiicit
1134 2894 1171 2917 v.
1210 2885 1299 2919 100.
1336 2893 1407 2919 non
1441 2881 1631 2931 sequitur,
1673 2879 1734 2918 liic

99 2957 244 2997 quoqne
276 2948 398 2984 i'uturo
430 2959 525 2996 opus
557 2958 658 2983 esse.
699 2946 862 2986 Praetuli
894 2951 1014 2987 tamen
1046 2950 1202 2988 futurum
1229 2951 1410 3002 tamquam
1432 2948 1580 2987 l'ortIus.
1650 2962 1731 2988 mo-

100 3013 159 3053 lia
189 3013 313 3053 Paris.
345 3013 394 3054 11.
426 3014 496 3053 scd
527 3026 640 3065 supra
670 3014 796 3055 addito
827 3016 854 3055 l.
915 3018 1037 3057 durat
1068 3018 1190 3057 Paris.
1222 3017 1291 3057 lv.
