2006 3365
445 115 498 153 lN
533 114 751 155 VALERH
783 114 1024 155 CATONlS
1059 113 1332 155 ECLOGAM.
1619 115 1719 159 185

63 218 99 255 in
133 216 420 265 Scaligeranis,
450 216 626 264 Pithoei,
652 217 780 265 Lugd.
813 220 933 256 1592.
968 223 1006 257 et
1029 217 1318 257 recentioribus·
1381 215 1428 254 Et
1460 215 1495 253 in
1514 214 1718 253 Basileen-

61 297 140 322 sem
173 284 318 335 quidem
353 283 461 321 istam
495 296 566 322 non
601 286 672 323 nisi
706 297 854 330 errore,
894 286 960 323 sed
994 285 1116 333 felici,
1159 284 1246 323 illud
1292 284 1448 322 venisse
1480 283 1717 333 suspiceris,

61 353 146 403 quia
179 352 228 389 ibi
262 350 405 401 legitur
436 353 519 390 sine
558 352 805 391 distinctione
846 353 900 390 H.
944 367 979 407 q.
1022 359 1233 406 praetereo
1275 358 1406 392 notum
1438 351 1502 390 M.
1536 364 1576 389 a.
1639 350 1718 389 Sed

61 419 123 457 illa
155 420 234 457 fere
266 421 393 457 aetate
425 420 616 458 inventum
650 421 772 458 tuisse
805 433 824 457 a
860 421 941 458 xiro
975 421 1087 459 docto
1116 426 1348 472 praetereo,
1391 432 1440 458 ex
1473 431 1518 458 eo
1551 418 1718 468 colligo,

61 487 157 538 quod
194 487 365 534 Pierius,
410 487 469 525 vel
504 488 676 539 quisquis
709 487 772 525 ille
804 489 895 537 fuit,
940 489 1152 526 Burmanno
1185 491 1306 537 teste,
1345 495 1558 539 praetereo
1589 493 1720 526 notum

61 555 273 594 Minoidos
306 555 580 605 adscripscrat.
639 561 856 608 praeterea
901 555 962 594 vel
1003 561 1213 608 preterea,
1256 555 1496 604 Puteaneus,
1535 555 1655 594 Voss.
1688 554 1718 593 1.

59 624 91 661 si
125 625 149 661 t'.
184 637 217 661 s.
259 623 365 662 Leid.
404 623 552 662 Thuan.
598 625 769 672 August.
812 626 850 661 et
897 624 1038 662 caeteri
1077 623 1171 666 mci,
1221 624 1385 674 itemque
1424 623 1515 662 editi
1564 626 1719 662 veteres

59 703 201 729 ornnes,
276 691 316 729 In
353 693 518 730 Ascens.
553 692 580 729 1.
617 692 664 730 ll.
700 692 768 730 ΙΙΙ.
813 690 954 731 Cronfl.
998 691 1128 740 Lugd.
1168 693 1286 729 1529.
1332 690 1429 728 Ven.
1476 694 1596 729 1555.
1639 703 1719 729 cum

58 758 128 798 hac
161 760 434 798 distinctione:
484 760 721 799 mortalibus
764 761 850 799 illis
892 760 1010 798 Haec
1048 772 1230 813 quoque:
1261 765 1479 812 praeterea
1509 772 1546 797 n.
1582 760 1644 798 M.
1678 773 1718 798 α.

59 839 213 878 eamque
246 827 527 867 distinctionem
563 829 704 866 vetusti
738 828 881 866 codicis
914 828 1142 866 auctoritate
1174 827 1365 878 probabat
1401 827 1624 866 Scriverius
1656 840 1716 877 ap.

58 897 183 934 Burm.
245 904 385 935 molam
418 897 554 934 Petav.
587 896 737 935 Thuan.
763 896 906 934 Medic.
931 896 1054 934 Paris.
1076 895 1125 934 ΙΙ.
1153 895 1221 935 tv.
1254 896 1426 945 August.
1458 900 1562 934 motu
1596 895 1718 945 Angl.

57 965 256 1003 minoidns
297 964 447 1003 Thuan.
488 964 629 1002 Medic.
673 964 781 1002 Leid.
825 964 946 1002 PariS.
980 963 1030 1002 Il.
1064 964 1133 1004 ΙΙΙ.
1167 963 1236 1005 IV.
1272 964 1445 1013 August.
1506 965 1718 1017 minoydus

59 1032 179 1081 Angl.
256 1033 451 1072 mz‘noidos
487 1032 623 1070 Petav.
657 1033 762 1070 Mon.
796 1032 826 1070 Ι.
862 1032 910 1071 ll.
992 1033 1198 1072 Minoidis
1233 1033 1323 1071 editi
1356 1032 1441 1070 inde
1472 1044 1493 1070 a
1514 1032 1715 1081 Romanis,

57 1113 137 1138 cum
172 1101 260 1139 Bas.
303 1100 461 1139 Vratisl.
494 1100 544 1138 ll.
590 1100 707 1138 Voss.
741 1100 791 1139 ΙΙ.
825 1104 863 1139 et
904 1100 977 1140 hoc
1017 1102 1116 1152 apud
1165 1102 1407 1152 Pomponium
1447 1100 1628 1140 Sabinum
1661 1099 1719 1138 le—

56 1170 188 1217 gitur:
223 1169 290 1207 sed
316 1170 528 1207 restitutum
548 1169 761 1208 stlinoidos
796 1170 830 1207 in
855 1169 1022 1218 Virgilio
1046 1169 1136 1208 Aldi
1153 1199 1161 1218 ‚
1179 1169 1296 1208 Taur.
1326 1169 1504 1219 Aldinis,
1530 1168 1579 1207 al.
1641 1168 1717 1207 Pro

61 1237 176 1276 Haec
208 1252 365 1292 quoque
396 1238 430 1275 in
464 1238 640 1276 Parisino
673 1237 744 1275 lv,
777 1238 867 1277 Nec
901 1251 1013 1291 quom
1045 1238 1199 1287 legitur.
1272 1245 1455 1277 austrum
1486 1237 1596 1276 Vrat.
1630 1237 1659 1277 l.

144 1306 345 1345 Caeterum
388 1305 448 1344 hic
486 1305 592 1343 locus
633 1305 767 1344 similis
808 1307 1076 1356 praecedenti,
1118 1320 1222 1360 (sicae
1274 1307 1408 1346 dicere
1447 1306 1602 1358 lonqum
1640 1312 1717 1346 est.

56 1375 150 1413 Nam
183 1375 310 1413 dicere
342 1377 379 1413 te
411 1373 550 1425 aliquid
586 1374 795 1423 praeterire
828 1377 1008 1425 tamquam
1042 1377 1189 1421 notum,
1224 1378 1260 1414 et
1284 1378 1405 1414 tamen
1430 1374 1605 1425 exempla
1623 1387 1718 1425 pro-

56 1455 224 1493 ponere,
259 1444 394 1495 quibus
427 1442 515 1481 illud
550 1446 674 1481 notum
709 1454 798 1480 esse
824 1443 1089 1493 demonstres,
1121 1443 1157 1481 id
1191 1444 1351 1481 ieiunum
1376 1446 1460 1492 est,
1492 1445 1531 1481 et
1561 1443 1717 1481 demon-

55 1512 230 1550 strationi
265 1510 554 1562 philosophicae
588 1510 670 1555 vel,
715 1513 753 1548 ut
787 1510 880 1548 haec
911 1523 992 1549 mea
1024 1514 1106 1560 est,
1140 1511 1420 1561 philologicae,
1455 1511 1578 1560 magis
1609 1523 1716 1563 quam

56 1580 165 1629 poesi
199 1581 447 1618 conveniens.
513 1580 660 1617 Deinde
691 1582 803 1629 poeta
835 1579 1080 1617 eruditionem
1108 1580 1290 1619 affectans
1317 1579 1529 1619 Minoidos
1562 1585 1719 1619 astrum

56 1648 167 1695 dicit,
200 1647 371 1698 prolepsi
405 1660 476 1685 non
511 1649 605 1685 satis
639 1651 740 1698 apta.
803 1647 921 1699 Quum
944 1646 1137 1685 Theseum
1167 1648 1415 1699 sequebatur,
1450 1647 1497 1687 de
1523 1660 1596 1700 quo
1623 1650 1718 1687 tem-

55 1728 150 1766 pore
183 1715 346 1768 loquitur
378 1714 500 1761 Cato,
535 1716 693 1753 nondum
727 1717 808 1754 erat
840 1716 874 1753 in
907 1716 1022 1754 astris
1056 1716 1241 1755 Ariadne.

142 1786 188 1824 C.
230 1798 265 1824 s.
303 1786 442 1836 [iterat
483 1784 720 1823 mortalibus
769 1785 854 1822 illis·
889 1783 987 1821 Huic
1029 1798 1198 1838 quoque.
1234 1790 1448 1837 praetereo
1490 1788 1564 1825 etc.
1617 1786 1715 1824 coni.

56 1853 191 1891 Heins-
263 1853 354 1892 Nec
388 1866 543 1907 quoqne
571 1859 784 1905 praetereo
817 1852 915 1891 coni.
950 1852 1082 1902 Sillig.

143 1990 190 2028 V.
217 1993 283 2027 50.
318 1989 454 2038 (153.)
471 1998 694 2040 QUAEQUE
714 1998 868 2031 VIRUM
888 1998 1034 2032 VIRGO
1055 1998 1195 2033 SICUT
1216 1999 1421 2033 CAPTIVA
1436 1998 1656 2040 SEQUUTA
1677 1998 1715 2031 Ε.

56 2056 180 2095 Docta
213 2057 468 2105 obscuritate,
505 2057 564 2095 vel
592 2058 718 2108 potius
745 2057 961 2095 brevitate:
996 2070 1077 2095 nam
1109 2058 1309 2096 obscurum
1331 2058 1486 2105 nemini,
1519 2057 1580 2109 qui
1604 2057 1715 2107 paul-

56 2125 165 2163 lulum
199 2126 372 2173 cogitare
406 2125 589 2173 voluerit,
625 2126 743 2163 videri
776 2127 929 2175 potest,
964 2138 1069 2177 quam
1102 2124 1261 2175 puellam
1294 2125 1501 2174 intelligat.
1563 2124 1715 2164 Intelli-

55 2195 115 2243 git
147 2193 362 2242 stledeam,
406 2206 477 2245 qua
509 2193 609 2232 nulla
641 2194 768 2244 puella
800 2194 996 2244 cupidius,
1037 2193 1137 2232 nulla
1177 2205 1257 2232 cum
1282 2194 1412 2232 maiori
1443 2193 1622 2239 levitate,
1656 2197 1712 2233 at-

55 2273 127 2312 que
159 2261 310 2310 domus,
344 2263 509 2312 patriae,
536 2265 731 2312 parentum
758 2261 974 2309 oblivione,
999 2263 1117 2300 virum
1137 2262 1402 2312 peregrinum,
1424 2262 1617 2311 ignotum,
1645 2274 1714 2301 se-

55 2333 170 2381 quuta
202 2331 276 2367 est.
340 2329 437 2368 Hinc
470 2331 504 2368 in
538 2330 782 2380 proverbium
815 2329 958 2369 Medea
995 2330 1101 2368 abiit.
1159 2328 1233 2379 τῆς
1265 2326 1552 2379 ξεινοβυῖκχης
1585 2329 1712 2380 Lyco-

54 2397 150 2448 phro
180 2411 217 2435 v.
255 2400 346 2436 175.
391 2394 613 2446 ιὶλήτιὸὀς,
660 2397 721 2436 vel
767 2394 1003 2446 (ὶὶῄιιονος,
1052 2396 1266 2447 Αἰητιίνης
1307 2398 1522 2449 Dionysius
1555 2399 1713 2449 Perieg.

56 2468 152 2505 490.
185 2467 381 2520 sequacis
413 2467 509 2516 apud
545 2466 809 2516 Propertium:
843 2466 912 2505 1V.
947 2480 985 2505 v.
1016 2470 1082 2505 41.
1114 2467 1206 2506 lVec
1235 2472 1275 2506 te
1306 2466 1486 2506 Medeae
1518 2467 1715 2507 delectent

52 2534 206 2586 probra
238 2537 444 2588 sequacis.
506 2535 666 2573 Nonnus
705 2532 962 2584 λιπόπατριν
1001 2535 1170 2586 appellat
1202 2535 1363 2585 puellam
1407 2535 1639 2578 istiusmodi,
1675 2538 1714 2575 ut

57 2603 252 2640 Ariadnen
272 2602 434 2641 XLVII.
461 2604 556 2641 270.
576 2607 671 2641 354.
705 2616 778 2655 quo
810 2603 1000 2642 vocabulo
1034 2605 1143 2642 etiam
1163 2604 1211 2642 de
1233 2603 1384 2654 Europa
1418 2604 1535 2642 utitur
1562 2603 1593 2642 Ι.
1619 2607 1711 2643 131.

54 2674 92 2710 et
112 2671 158 2709 de
182 2671 384 2709 Harmonia
405 2670 474 2709 IV.
500 2673 566 2708 41.
597 2674 692 2709 222.
713 2671 861 2711 XLVI.
888 2675 984 2712 365.
1018 2673 1053 2710 in
1081 2684 1176 2724 quas
1204 2684 1275 2710 non
1301 2673 1401 2710 cadit
1430 2672 1585 2722 proprie
1617 2683 1713 2711 con-

56 2740 204 2779 vicium.
280 2739 489 2778 Praeterea
529 2739 724 2778 Ariadnen
768 2740 865 2779 idem
907 2737 1158 2791 ἆνδρομανῆ
1197 2741 1289 2779 dicit
1318 2739 1480 2780 XLVII.
1527 2742 1621 2779 514.
1663 2751 1713 2778 ex

54 2807 315 2846 emendatione
347 2806 502 2846 Graelii.
544 2803 620 2842 τάν
665 2806 934 2858 λιποπάτορα
974 2805 1213 2857 λιπόγαμόν
1257 2806 1320 2859 θ’,
1362 2808 1542 2847 Helenam
1581 2808 1711 2859 Eurip.

55 2876 186 2913 Orest.
225 2879 344 2915 1305.
418 2875 476 2914 De
505 2875 646 2914 Medea
677 2875 784 2916 locos
817 2890 1029 2928 congerere
1060 2877 1134 2916 huc
1165 2877 1404 2928 pertinentes
1438 2875 1528 2914 nihil
1562 2876 1710 2914 attinet.

57 2943 197 2982 Verbis
229 2941 366 2984 Catoni
399 2943 666 2997 quodammodo
699 2945 831 2984 similis
862 2947 1087 2997 Propertius
1119 2945 1168 2985 ll.
1203 2960 1352 2984 xxxiv.
1384 2949 1424 2983 8.
