2006 3365
599 176 667 215 ΒΕ
700 175 852 215 Pons!
890 174 1222 215 CATONIANA.
1628 179 1728 223 ⁶299

318 290 495 330 Interius
526 295 709 342 yraviter
737 298 896 331 mentem
927 304 1046 342 aeyer
1087 302 1156 330 nec
1185 290 1276 329 tulit
1307 289 1415 329 ultra

317 358 515 399 Sensibus
548 360 724 411 infusum
756 361 910 399 Culicis
943 360 993 398 de
1022 366 1143 398 morte
1173 359 1355 398 dotorem.

93 426 153 465 uhi
184 439 256 465 nec
286 426 378 465 dicit
409 440 497 465 esse
528 440 595 478 pro
627 442 716 467 non.
779 428 874 466 lluic
905 428 1034 466 saltem
1072 428 1236 478 opinioni
1269 427 1437 477 praestat
1467 426 1573 465 Badii
1605 426 1721 466 Inter-

90 496 274 546 pretatio,
308 497 584 534 distinctionem:
617 497 742 535 itidem
775 497 943 535 tollentis
974 499 1062 546 post
1094 509 1133 534 v.
1155 509 1294 546 uegyer,
1329 496 1395 533 sed
1427 509 1499 534 nee
1528 496 1723 546 accipien-

90 565 139 602 tis
171 564 309 602 usitata
341 565 641 613 significatione,
675 569 711 604 ut
743 565 838 603 llaec
868 566 912 603 ad
946 564 1113 614 protasin
1147 565 1359 613 pertineant
1380 565 1511 602 onmia.
1572 564 1619 603 Et
1650 564 1724 603 hoc

88 632 234 684 quidem
267 633 513 670 certissimum
557 634 731 682 videtur,
770 633 953 683 apodosin
996 644 1065 669 non
1106 632 1273 681 incipere
1310 635 1397 669 ante
1437 644 1584 670 versum
1626 637 1720 672 333.

89 700 450 759 Quantumcumque
481 701 561 740 sibi
594 706 666 741 etc.
727 701 942 750 Legendmn
975 713 1053 739 cum
1096 699 1325 748 Scaligero,
1367 699 1433 737 sed
1468 711 1552 738 cum
1595 701 1722 740 Scali-

85 782 181 819 gero
213 771 247 808 in
287 771 387 809 euris
433 771 630 818 secundis,
671 783 762 822 quas
802 767 1104 808 Limlenhruchio
1143 768 1347 806 debemus:
1397 780 1477 806 nam
1529 769 1565 806 in
1598 771 1722 820 priore

85 837 251 877 editione
280 838 377 877 aliud
411 838 602 890 placuerat
642 838 870 887 Scaligcro:

311 908 430 947 Hunc
460 908 527 947 ubi
558 908 772 947 sollicitum
804 907 952 946 (limisit
983 908 1129 945 inertia
1159 907 1298 953 vitae,

312 976 488 1015 Interius
520 979 703 1027 gyraviter
733 980 1007 1025 regementem,
1052 988 1122 1014 nec
1151 976 1243 1014 tulit
1276 974 1384 1014 ultra

309 1045 506 1084 Sensibus
539 1046 716 1097 infusum
749 1045 904 1083 Culicis
937 1045 987 1083 tle
1016 1050 1137 1083 morte
1167 1044 1363 1083 dotorem:

311 1113 674 1171 Quantumcumque
704 1113 782 1153 situ·
812 1115 921 1152 vires
952 1113 1126 1152 tribuere
1156 1112 1306 1153 seniles
1339 1134 1392 1140 —

308 1182 571 1235 Consormare
602 1183 726 1221 locum
758 1186 869 1235 capit
900 1184 1080 1235 impigler.

80 1258 333 1302 reyementem
365 1254 513 1302 praeter
546 1264 612 1290 eos
656 1251 796 1300 libros,
838 1251 901 1303 qui
943 1250 1039 1302 apud
1082 1249 1319 1299 Scaligerum
1357 1252 1395 1289 et
1437 1250 1534 1300 apud
1566 1250 1720 1291 Friese-

80 1331 245 1357 mannum
279 1319 539 1372 Heyniumque
571 1320 800 1367 indicantur,
842 1320 1046 1370 perspicue
1077 1319 1254 1369 scriptum
1288 1317 1426 1357 hahent
1467 1319 1720 1368 Augustanus

81 1390 118 1427 et
150 1387 367 1428 Vossianus
399 1392 465 1427 81.
534 1388 575 1426 In
616 1388 799 1427 Tliuanro
843 1392 880 1428 et
925 1388 1136 1427 Petaviano
1177 1402 1270 1439 regle
1309 1395 1466 1427 mentem
1506 1394 1614 1438 erat,
1657 1391 1720 1428 te-

80 1460 204 1496 stante
236 1456 287 1495 Is.
322 1456 479 1496 Vossio.
541 1457 725 1510 Quaeris,
759 1457 855 1496 unde
887 1460 1006 1496 natum
1038 1458 1089 1494 sit
1118 1463 1276 1496 mentem
1308 1471 1443 1508 aeyer,
1476 1457 1572 1509 quod
1604 1470 1719 1508 prae-

81 1528 191 1565 eunte
222 1526 352 1564 codice
384 1526 597 1565 Basileensi
630 1527 663 1564 in
697 1528 791 1565 omni
835 1526 1001 1565 editione
1033 1526 1206 1577 antiqua,
1248 1526 1398 1565 Veneta
1429 1525 1570 1564 Aehat.
1631 1526 1718 1564 Mu-

80 1595 239 1642 tinensi,
288 1594 437 1633 Veneta
490 1595 591 1634 Rub.
642 1594 843 1633 Vicentina
885 1597 922 1634 et
962 1594 1151 1633 Vossiauo
1184 1593 1233 1632 ll.
1272 1593 1424 1643 legitur.
1485 1594 1578 1633 Mihi
1621 1595 1719 1633 istud

78 1663 282 1714 antiquitus
315 1662 576 1713 interpolatum
609 1675 696 1701 esse
730 1664 909 1703 videtur:
957 1676 976 1702 e
1008 1669 1260 1715 regyementem
1291 1665 1408 1714 primo
1440 1678 1532 1717 effre
1561 1671 1719 1704 mentem

80 1729 142 1769 vel
174 1743 267 1781 eqer
295 1737 480 1780 mentem,
514 1734 610 1780 tum,
643 1732 748 1770 metri
781 1744 940 1781 caussa,
972 1739 1131 1772 mentem
1161 1746 1252 1784 esser
1283 1734 1432 1772 factum.

165 1799 224 1838 Ex
256 1800 462 1838 maioribus
486 1800 639 1849 Virgilii
672 1801 852 1852 operibus
883 1801 1018 1839 nullum
1051 1813 1146 1840 nunc
1177 1801 1385 1852 exemplum
1409 1802 1453 1840 ad
1481 1814 1621 1840 manum
1646 1804 1718 1841 est.

82 1866 197 1921 Quem
228 1867 347 1907 locum
382 1869 477 1907 enim
508 1869 727 1907 Priscianus
758 1869 867 1909 XVI.
907 1872 1024 1908 1034.
1064 1872 1101 1909 et
1137 1874 1225 1920 post
1269 1870 1503 1909 Priscianum
1533 1883 1720 1920 gramma-

81 1937 144 1975 tici
177 1938 409 1976 recentiores
441 1937 620 1984 (Ursinus
652 1938 816 1977 Institut.
852 1939 893 1977 P.
915 1940 944 1977 1.
979 1951 1069 1988 pag.
1092 1941 1213 1977 1043.
1247 1938 1420 1977 Ruddim.
1440 1940 1484 1978 P.
1506 1938 1534 1977 I.
1561 1952 1599 1990 p.
1621 1941 1718 1978 324.

82 2005 140 2043 ed.
173 2005 304 2057 Lips.)
337 2006 524 2055 afferunt,
558 2007 658 2045 Aen.
691 2006 759 2045 lx.
795 2011 889 2045 403.
950 2007 1190 2059 Suspiciens
1237 2007 1360 2046 altam
1399 2007 1551 2047 Lunum
1590 2014 1628 2047 et
1659 2011 1720 2047 sic

80 2086 177 2113 voce
204 2080 417 2127 precatur,
451 2075 648 2113 manifesto
679 2075 787 2113 aliter
818 2076 1058 2126 accipiendus
1091 2078 1171 2123 est,
1204 2077 1343 2129 quippe
1375 2078 1552 2116 iormatus
1583 2077 1627 2115 ad
1660 2077 1720 2115 si-

80 2142 318 2180 militudinem
361 2155 499 2180 versus
546 2143 762 2182 Homerici:
806 2138 862 2186 ιός
907 2144 1102 2194 φαμένη,
1150 2141 1224 2181 καί
1267 2142 1503 2197 κερδοσύνῃ
1545 2141 1720 2195 ἡγήσατ’

76 2207 256 2260 Ἀθήνη.
318 2210 399 2263 Quo
431 2212 537 2250 ctiam
571 2212 802 2251 referendum
835 2225 922 2251 esse
955 2214 1163 2264 putaverim
1195 2213 1332 2263 Eclog.
1368 2228 1405 2253 v.
1432 2217 1498 2252 22.
1522 2218 1559 2253 3.
1594 2214 1719 2272 Quum

81 2281 288 2333 compleoeu
320 2283 386 2318 sui
417 2294 561 2334 corpus
592 2282 820 2321 miserabile
848 2285 963 2334 qnasi
1002 2284 1137 2335 Atque
1168 2282 1264 2322 deos
1298 2291 1419 2337 atque
1449 2290 1567 2322 astra
1597 2290 1719 2323 vocat

81 2350 261 2389 crudelia
292 2357 428 2388 mater.
488 2349 572 2388 Non
604 2350 728 2399 magis
771 2350 840 2390 hue
872 2353 1034 2402 pertinet
1073 2352 1179 2391 locus
1225 2352 1390 2391 Aeneid.
1422 2352 1452 2392 l.
1488 2356 1580 2392 186.
1613 2353 1718 2405 quic-

81 2419 166 2471 quid
200 2418 250 2456 ibi
282 2417 452 2456 Dmiatus
484 2418 583 2458 dicat
603 2449 613 2469 ,
645 2421 705 2473 qui
738 2421 787 2459 ita
810 2420 993 2469 distingui
1021 2420 1153 2460 iubet:
1186 2423 1222 2460 A
1254 2429 1364 2474 teryo
1395 2428 1433 2461 et
1464 2421 1617 2472 tanqum
1644 2435 1719 2474 per

80 2487 207 2528 valtis
250 2491 440 2539 pascitur
480 2501 629 2539 agymen.
699 2488 845 2541 Quanto
887 2488 1116 2540 simplicius,
1162 2490 1257 2542 quod
1306 2502 1402 2529 nunc
1441 2490 1583 2539 legitur
1619 2490 1717 2541 apud

81 2568 236 2594 omnes:
276 2557 348 2595 hos
389 2562 475 2595 tota
514 2564 691 2597 armenta
737 2565 958 2611 sequuntur
1015 2559 1054 2597 A
1092 2564 1233 2610 teryo,
1275 2564 1312 2599 et
1343 2559 1497 2611 lonyum
1529 2562 1602 2598 etc.
1664 2558 1718 2597 At

80 2637 259 2676 ponamus
291 2637 378 2663 csse
411 2637 454 2662 eo
486 2625 592 2664 modo
624 2626 982 2677 interpungendum,
1014 2639 1085 2678 quo
1119 2627 1290 2666 Donatus
1323 2628 1454 2667 iubet:
1494 2641 1565 2666 non
1597 2628 1718 2677 magis

81 2693 125 2731 ad
159 2698 322 2733 nostram
354 2693 642 2743 disputationem
673 2695 778 2734 locus
810 2696 951 2745 saciet⁷
984 2709 1088 2748 quam
1121 2697 1213 2735 facit
1232 2696 1375 2735 Tibulli
1407 2696 1513 2736 loeus
1530 2697 1559 2736 Ι.
1586 2713 1626 2745 11,
1649 2698 1716 2735 37.

80 2762 128 2802 Si
162 2765 252 2817 quis
285 2768 321 2801 et
353 2762 594 2815 imprudens.
655 2767 717 2803 aut
747 2765 937 2815 Propertii
970 2764 1000 2803 I.
1036 2780 1088 2815 ιν,
1113 2768 1175 2803 15.
1211 2766 1296 2824 Quo
1327 2769 1456 2817 maffl's
1488 2772 1526 2805 et
1555 2773 1715 2804 nostros

82 2835 156 2870 etc.
219 2831 315 2870 Sunt
346 2844 477 2881 nempe
520 2831 630 2879 talia,
673 2845 698 2870 a
738 2839 869 2885 tergo,
909 2836 948 2873 .ςί
994 2837 1112 2888 quis,
1153 2847 1227 2889 quo
1266 2837 1419 2885 massis,
1460 2835 1566 2872 unius
1607 2833 1716 2872 vocis

82 2900 223 2948 instar,
259 2903 296 2938 ut
326 2903 389 2937 aut
419 2900 604 2950 praemitti
637 2900 769 2951 copula
800 2906 863 2942 aut
893 2916 937 2942 eo
970 2902 1052 2943 loco
1083 2905 1196 2955 poni,
1242 2917 1314 2956 quo
1348 2907 1407 2943 est
1436 2915 1458 2941 a
1487 2904 1612 2954 poetis
1642 2916 1715 2955 po-

83 2968 179 3017 sita,
213 2968 398 3007 debuerit.

170 3038 272 3089 Apta
303 3037 349 3076 ad
382 3035 562 3077 Catonem
593 3036 687 3077 haee
717 3041 803 3079 sunt
834 3041 1005 3093 exempla
1035 3040 1238 3093 Propertii.
1271 3039 1300 3079 Ι.
1336 3055 1366 3090 ι,
1406 3041 1471 3078 2ἶ.
