2006 3365
779 124 1048 165 CARMINA.

100 227 227 274 Haec
265 244 447 290 quoque
483 235 744 289 praetereo:
782 236 938 275 notum
976 229 1206 275 Minoidos
1243 235 1439 283 astrum,

99 331 324 392 Quaeque
360 332 513 376 virum
550 333 684 392 virgo
722 333 841 377 sicut
878 334 1063 393 captiva
1099 339 1296 394 sequuta
1334 338 1418 378 est.

97 432 327 487 Laedere,
365 433 635 489 caelicolae,
672 436 820 495 potuit
857 450 943 479 vos
981 442 1138 479 nostra
1175 435 1288 496 quid
1325 443 1479 490 aetas,

97 534 310 582 Conditio
348 535 480 580 nobis
517 538 642 582 vitae
681 552 770 598 quo
809 536 964 581 durior
1000 533 1156 582 esset?

96 636 255 683 Ausus
293 654 378 699 ego
414 640 588 700 primus
626 645 776 683 castos
814 638 992 684 violare
1028 638 1251 700 pudores‚

95 739 430 803 Sacratamque
466 757 594 787 meae
631 743 794 787 vittam
832 747 1057 802 temptare
1094 738 1312 802 puellae?

94 843 345 889 Immatura
382 860 510 889 meae
547 860 730 905 quoque
768 859 920 889 noxae
957 844 1141 889 solvere
1178 841 1307 889 fata?

94 946 235 991 Istius
272 954 410 1009 atque
448 948 620 992 utinam
659 947 769 991 facti
806 962 907 991 mea
944 946 1080 1007 culpa
1116 949 1337 1007 magistra

93 1049 250 1094 Prima
286 1050 427 1095 foret:
464 1050 608 1095 letum
645 1050 755 1094 mihi
792 1051 890 1095 vita
927 1049 1107 1095 dulcius
1146 1057 1284 1095 esset.

93 1151 200 1198 Non
238 1168 339 1198 mea
375 1169 466 1197 non
503 1153 599 1198 ullo
638 1160 894 1198 moreretur
930 1160 1136 1215 tempore
1172 1154 1319 1209 fama,

91 1254 259 1300 Dulcia
296 1272 432 1318 quom
470 1256 669 1302 Veneris
707 1257 887 1302 furatus
924 1257 1093 1318 gaudia
1130 1258 1327 1318 primum

91 1357 306 1414 Diceret,
344 1365 482 1420 atque
521 1375 582 1404 ex
619 1375 690 1404 me
729 1359 876 1404 dulcis
914 1360 1033 1405 foret
1071 1366 1170 1405 orta
1206 1360 1439 1421 voluptas.

93 1459 214 1506 Nam
252 1461 361 1505 mihi
399 1477 490 1506 non
526 1469 704 1507 tantum
742 1463 1002 1507 tribuerunt
1041 1464 1179 1524 impia
1216 1469 1350 1519 vota,

91 1562 271 1609 Auctor
308 1571 357 1609 ut
394 1565 562 1609 occulti
599 1572 755 1609 noster
791 1566 910 1611 foret
949 1582 1076 1612 error
1113 1567 1294 1612 amoris.

89 1666 298 1728 Iuppiter
334 1674 440 1713 ante
477 1669 549 1712 sui
585 1683 767 1729 semper
803 1668 1041 1714 mendacia
1077 1669 1189 1714 furti

90 1769 207 1817 Cum
244 1771 443 1825 Iunone,
480 1773 608 1833 prius
646 1788 782 1834 quam
821 1774 1025 1817 coniunx
1062 1773 1212 1818 dictus
1250 1780 1447 1836 uterque
1486 1780 1580 1829 est,

90 1874 268 1921 Gaudia
306 1875 470 1921 libavit
508 1875 689 1921 dulcem
727 1876 906 1921 furatus
945 1892 1169 1931 amorem3

90 1978 151 2024 Et
188 1980 371 2041 quicum
408 1985 567 2024 tenera
605 1980 772 2040 gavisa
808 1978 982 2024 elidere
1021 1980 1066 2023 in
1104 1979 1247 2024 herba

89 2081 352 2143 Purpureos
389 2083 548 2137 flores,
587 2098 700 2144 quos
738 2084 926 2143 insuper
964 2081 1287 2135 accumbebat,

90 2182 288 2229 Brachia
323 2185 522 2230 formoso
561 2185 825 2246 subponens
864 2185 1041 2247 Cypria
1077 2184 1211 2230 collo.

89 2287 211 2332 Tum
248 2287 381 2332 credo
419 2288 570 2333 fuerat
607 2288 800 2333 Mavors
838 2288 1066 2334 distentus
1104 2290 1149 2332 in
1186 2289 1348 2334 armis:

88 2389 210 2436 Nam
247 2396 370 2435 certe
407 2391 647 2436 Volcanus
684 2407 798 2452 opus
836 2392 1056 2443 faciebat,
1094 2398 1139 2437 et
1177 2392 1246 2437 illi

89 2493 234 2538 Tristi
271 2493 485 2553 turpabat
522 2495 667 2540 malas
704 2495 901 2555 fuligine
940 2494 1096 2540 barba.

88 2595 197 2642 Non
234 2595 418 2641 Aurora
453 2612 598 2642 novos
636 2599 774 2642 etiam
810 2598 1013 2659 ploravit
1050 2613 1256 2653 amores,

88 2697 248 2761 Atque
287 2698 455 2743 rubens
492 2700 648 2745 oculos
685 2717 814 2746 roseo
854 2701 1026 2746 celavit
1063 2698 1262 2746 ainictu?

89 2802 226 2847 Talia
262 2801 521 2847 caelicolae.
577 2802 816 2866 Numquid
852 2806 1004 2849 minus
1042 2821 1181 2849 aurea
1217 2802 1407 2866 promo?

88 2906 215 2967 Ergo
254 2905 376 2967 quod
413 2905 525 2951 deus
562 2912 700 2967 atque
737 2907 897 2963 heros,
935 2924 1017 2952 eur
1054 2924 1145 2953 non
1181 2909 1330 2953 minor
1366 2903 1524 2953 aetas?

89 3009 264 3055 Infelix
303 3025 413 3070 ego,
451 3024 542 3054 11011
579 3008 658 3053 illo
697 3011 775 3070 qui
811 3017 1014 3073 tempore
1051 3017 1209 3065 natus,

1667 333 1734 377 50

1633 546 1730 584 (155)

1665 848 1732 891 55

1629 1060 1730 1100 (160)

1661 1363 1729 1406 60

1627 1577 1727 1617 (165)

1661 1881 1727 1924 65

1627 2092 1726 2133 (170)

1659 2396 1725 2439 70

1625 2608 1723 2648 (175)

1656 2911 1722 2954 '75
