2006 3365
269 151 370 195 210
827 143 1357 186 ANIMADVERSIONES

270 265 467 302 Auroram
499 263 537 299 et
564 260 807 312 Cephalum,
841 259 904 298 vel
937 258 1144 308 Orionem,
1177 259 1239 297 vcl
1274 259 1501 310 Tithonum,
1533 259 1668 312 quihus
1700 260 1809 300 ctiam
1839 260 1910 299 ad-

270 332 324 370 dit
356 331 535 369 Cererem
567 341 646 367 cum
682 329 872 368 Iasione:
907 328 956 368 V.
990 331 1084 366 5l6.
1116 340 1175 380 sq.
1206 327 1276 366 XI.
1309 331 1405 367 388.
1436 342 1519 381 sqq.
1552 327 1738 368 XXXIII.
1771 332 1838 368 35.
1871 331 1910 367 6.

269 404 308 438 et
341 401 406 437 44.
438 397 559 437 XLII.
594 399 688 436 244.
720 411 802 450 seq.
834 397 1013 437 XLVIII.
1047 401 1141 435 665.
1175 410 1282 450 seqq.
1353 398 1400 436 Et
1430 398 1486 437 sic
1519 397 1681 437 Ovidius
1714 398 1811 437 locis
1842 412 1911 437 su-

269 480 337 518 pra
367 467 566 517 indicatis,
596 465 648 505 A.
681 466 732 505 A.
766 466 835 505 III.
868 470 935 506 83.
968 479 1051 518 sqq.
1086 466 1207 516 Epist.
1242 465 1309 504 lv.
1343 470 1410 505 93.
1442 479 1527 519 sqq.

382 549 508 575 novos
548 549 703 575 amores
737 535 889 574 Orionis
920 537 1084 575 fortasse
1123 535 1257 587 aliquis
1290 538 1446 585 propter
1486 541 1641 574 veteres
1681 535 1838 575 Tithoni
1867 548 1912 574 a-

269 618 392 645 mores
431 605 503 643 dici
542 605 743 655 putaverit.
807 605 892 654 Ego
923 604 1042 642 malim
1072 616 1241 652 amores,
1275 603 1411 656 quibus
1444 604 1513 642 dea
1547 603 1702 642 nondum
1734 607 1912 654 assueta,

270 675 428 713 nondum
466 674 604 712 satiata
636 674 726 721 fuit,
768 673 1014 723 intelligere:
1052 674 1111 711 die
1137 673 1262 723 junge
1294 672 1423 711 Liebe.
1485 673 1589 713 Sane
1628 673 1762 712 brevia
1796 674 1914 712 fuisse

270 745 446 782 Aurorae
478 743 511 780 in
546 742 688 781 Orione
719 742 881 792 gaudia,
917 754 967 781 ex
999 741 1163 780 Homero
1197 741 1405 791 colligitur.
1467 742 1534 781 Sic
1565 742 1727 781 Ovidius
1759 741 1913 781 Metam.

272 812 358 851 vll.
404 814 496 851 709.
538 815 745 866 coitusque
785 823 932 860 novOS,
976 811 1253 866 thalamosque
1292 819 1490 860 recentes,
1529 811 1639 849 dixit.
1700 811 1754 849 Eo
1795 815 1915 850 autem

270 883 340 921 fuit
379 880 487 920 dolor
518 882 689 920 Aurorae
734 881 1006 920 vehementior.
1096 881 1259 929 Nonne,
1300 880 1447 918 I‘leinsii
1481 880 1762 927 emendatione,
1804 879 1915 919 facile

272 951 505 999 carebimus,
540 963 646 1002 quum
679 951 771 989 satis
803 950 854 988 sit
884 950 966 987 sine
998 962 1043 987 ea
1079 949 1264 1000 particula
1298 950 1499 1000 perspicua
1540 949 1806 998 interrogatio.
1868 948 1916 989 Ut

273 1032 387 1070 supra
427 1035 464 1059 v.
508 1022 573 1059 53.
618 1030 689 1057 non
730 1031 824 1068 opus
869 1021 949 1057 erat
990 1031 1088 1068 eqon
1127 1030 1194 1068 pro
1236 1031 1321 1069 esso.
1384 1018 1570 1067 Virgilius
1614 1018 1695 1056 Ecl.
1735 1017 1802 1056 III.
1850 1019 1915 1056 17.

271 1089 357 1127 Non
388 1101 458 1139 eqo
488 1094 527 1127 te
560 1088 643 1127 cidi
674 1088 898 1135 Damonis,
928 1089 1126 1140 pessime,
1158 1100 1321 1138 caprum
1353 1087 1554 1140 Excipere
1585 1085 1673 1128 —?
1704 1087 1765 1126 ubi
1799 1087 1916 1127 Non-

271 1171 318 1196 ne
357 1158 393 1195 in
424 1156 646 1196 Mutinensi.
710 1156 910 1195 Lucretius
941 1157 990 1195 V.
1028 1160 1145 1196 1228.
1206 1155 1291 1194 Non
1330 1156 1459 1195 divom
1495 1169 1635 1208 pacem
1665 1159 1772 1196 votis
1804 1156 1917 1205 adit,

273 1240 324 1266 ac
352 1239 472 1278 prece
503 1228 662 1280 quaesit
695 1220 779 1263 -ἓ
839 1225 1044 1263 Terentius
1076 1224 1197 1263 Andr.
1226 1223 1294 1262 IV.
1326 1240 1379 1262 1v.
1419 1228 1478 1265 13.
1513 1225 1716 1264 Delirus:
1748 1237 1822 1263 non
1853 1231 1916 1264 tu-

272 1304 312 1336 te
351 1293 478 1348 ipse?
519 1297 557 1334 et
588 1295 637 1335 V.
673 1310 713 1332 11.
749 1298 812 1332 11.
845 1295 932 1334 Eho
972 1306 1046 1332 non
1077 1301 1118 1333 tu
1151 1294 1255 1332 dixti
1284 1307 1378 1333 esse
1410 1296 1513 1332 inter
1548 1306 1616 1333 eos
1657 1296 1916 1343 inimicitias,

275 1360 508 1417 carnufex‘}
576 1363 742 1413 Valgius
781 1363 879 1413 apud
923 1363 1060 1401 Donat.
1104 1363 1138 1401 in
1181 1361 1270 1401 Vita
1308 1362 1505 1401 Terentii:
1585 1363 1679 1403 Hae
1716 1377 1819 1418 quae
1847 1377 1919 1403 vo-

275 1441 417 1474 cantur
445 1433 618 1485 fabulae
650 1433 845 1480 Terenlz'i,
879 1432 964 1471 Non
994 1433 1095 1480 has,
1131 1433 1198 1486 qui
1229 1434 1320 1470 iura
1346 1431 1520 1471 Publius
1551 1432 1736 1483 yencibus
1769 1432 1917 1481 dabat,

279 1504 438 1542 Honore
469 1515 614 1542 summo
645 1502 848 1556 affectus,
878 1503 978 1553 fecit
1007 1498 1217 1553 fabulas?
1249 1504 1288 1540 ut
1319 1513 1455 1539 versus
1487 1513 1554 1539 eos
1585 1501 1718 1541 scribit
1742 1501 1921 1551 Scaliger

278 1572 480 1612 Animadv.
522 1572 557 1609 in
590 1572 732 1611 Euseb.
765 1584 801 1621 p.
839 1572 931 1608 144.
963 1570 1001 1608 h.
1070 1570 1156 1619 Ego
1194 1582 1290 1608 nunc
1321 1569 1411 1608 nihil
1444 1571 1556 1608 teneo
1589 1570 1659 1608 nisi
1691 1583 1766 1610 non
1798 1571 1918 1609 inter-

276 1642 524 1691 rogativum:
558 1640 852 1678 emendationem
885 1641 1071 1688 exspecto
1104 1651 1124 1676 a
1158 1638 1361 1689 Schopeno
1394 1650 1489 1677 meo.
1553 1638 1751 1678 Caeterum
1783 1641 1918 1678 tenen-

277 1711 380 1759 dum,
420 1709 505 1748 aliis
544 1709 638 1748 locis
670 1708 777 1747 aliam
810 1719 898 1746 esse
940 1707 1253 1756 interrogationis
1292 1719 1371 1746 cum
1403 1720 1478 1746 non
1509 1710 1758 1757 potestatem,
1799 1719 1919 1760 neque

277 1780 417 1832 ubique
448 1779 493 1818 ad
526 1791 603 1816 eam
636 1777 894 1816 declarandam
927 1776 1124 1824 sulficere,
1146 1775 1206 1814 vel
1231 1780 1354 1826 aptmn
1387 1789 1500 1824 esse,
1520 1789 1657 1818 nonne.
1685 1789 1809 1816 nonne
1828 1777 1922 1815 enim

278 1862 385 1900 quum
411 1849 648 1896 interrogare
671 1845 794 1884 soleat
826 1847 881 1894 is,
916 1847 975 1897 qui
1005 1847 1138 1883 sactum
1171 1856 1279 1893 esse,
1314 1844 1374 1883 vel
1405 1857 1517 1893 esse,
1550 1844 1612 1883 vel
1644 1846 1803 1884 futurum
1833 1857 1922 1884 esse

279 1918 391 1965 illud,
424 1917 520 1969 qnod
555 1916 768 1954 continetur
799 1914 1123 1963 interrogatione,
1155 1916 1284 1964 putat,
1326 1913 1378 1953 ita
1411 1916 1449 1952 ut
1480 1914 1690 1964 responsio*
1713 1916 1921 1964 exspecte-

277 1994 336 2026 tur
366 1986 612 2033 affirmativa,
655 1989 693 2023 ut
723 1984 821 2034 apud
853 1981 1034 2022 Catonem
1075 1983 1276 2033 responsio
1310 1984 1439 2021 foret:
1479 1982 1695 2034 ploravit;
1735 1995 1811 2021 non
1843 1994 1922 2020 cum

278 2055 576 2104 interrogatione
615 2065 731 2104 saepe
770 2054 826 2091 sic
858 2052 1029 2102 ponitur,
1072 2056 1110 2090 ut
1150 2051 1236 2099 ille,
1278 2052 1339 2103 qui
1373 2052 1603 2100 interrogat.
1637 2051 1922 2101 responsionem

279 2127 507 2175 exspectare
549 2123 766 2171 negativam
805 2121 991 2159 videatur.
1056 2120 1170 2160 Velut
1211 2120 1307 2171 apud
1340 2119 1542 2169 Virgilium
1574 2119 1676 2158 Aen.
1714 2119 1784 2159 IX.
1824 2124 1920 2159 598.

281 2197 374 2233 786.
405 2192 495 2232 XII.
529 2195 622 2230 229.
684 2191 779 2230 Non
807 2185 960 2243 pudet?
991 2202 1061 2227 non
1095 2192 1155 2228 est
1186 2190 1340 2229 schdmt
1372 2189 1432 2228 ihr
1461 2189 1557 2227 euch
1588 2186 1730 2230 nicht?
1761 2189 1828 2227 sed
1861 2191 1920 2228 est

280 2264 340 2302 ihr
380 2263 536 2303 schc'imt
573 2261 669 2300 euch
709 2255 844 2299 nicht?
883 2258 978 2310 quod
1020 2258 1132 2297 multo
1174 2259 1322 2298 fortius.
1392 2257 1459 2296 Sic
1501 2260 1599 2296 Aen.
1640 2257 1688 2298 V.
1730 2260 1824 2297 466.
1867 2257 1920 2296 du

280 2332 426 2371 merlist
451 2326 584 2369 nicht?
645 2329 713 2368 Sic
737 2328 921 2367 Lucceius
952 2327 988 2365 in
1020 2325 1101 2366 Cic.
1127 2327 1250 2377 Epist.
1279 2326 1404 2364 Famil.
1431 2327 1479 2366 V.
1506 2342 1590 2365 xw.
1655 2326 1763 2386 Quid
1793 2322 1919 2366 enim?

280 2408 321 2440 tu
353 2399 467 2441 solus
500 2405 645 2452 aperta
684 2410 756 2435 non
787 2397 970 2445 videbis,
1014 2398 1082 2450 qui
1118 2402 1282 2448 propter
1321 2409 1483 2435 acumen
1515 2396 1788 2436 occultissima
1822 2408 1918 2447 per-

283 2463 448 2522 spicis?
477 2474 519 2506 tu
551 2479 621 2505 non
655 2467 855 2518 intelliyes
889 2468 961 2505 etc.
997 2465 1056 2503 ubi
1083 2464 1272 2503 Graevius
1304 2465 1350 2503 ad
1383 2465 1482 2504 Flor.
1514 2465 1582 2504 III.
1618 2480 1716 2514 xx1,
1749 2467 1815 2503 25.
1847 2476 1917 2503 ne-

283 2540 362 2578 scio
393 2550 466 2590 quo
499 2536 658 2575 consilio
691 2550 766 2574 uon
798 2548 887 2574 esse
918 2547 1044 2573 nonne
1074 2533 1219 2574 statuit.
1304 2534 1479 2585 Apparet
1509 2535 1545 2573 in
1578 2534 1649 2573 hoc
1679 2545 1820 2586 genere
1850 2533 1916 2572 ad-

282 2607 510 2647 mirationem
538 2616 625 2643 esse
657 2617 735 2642 cum
767 2604 1067 2653 interrogatione
1102 2603 1359 2651 coniunctam,
1393 2605 1433 2642 ut
1462 2604 1584 2653 magis
1612 2599 1917 2642 exclamationem

283 2677 424 2715 debeas
454 2686 558 2727 quam
598 2673 932 2721 interrogationem
964 2672 1101 2710 dicere.
1164 2671 1298 2710 Possis
1330 2671 1460 2710 eodem
1491 2672 1598 2710 modo
1629 2670 1717 2709 illud
1748 2669 1917 2719 Virgili-

283 2759 388 2784 anum
419 2743 500 2783 Ecl.
522 2741 590 2781 Ill.
625 2745 687 2780 17.
720 2742 918 2791 accipere,
953 2744 992 2780 ut
1022 2741 1098 2780 sit:
1131 2740 1192 2779 ich
1221 2740 1323 2780 habe
1347 2740 1437 2780 clich
1461 2740 1567 2780 wohl
1592 2738 1698 2779 nicht
1718 2736 1916 2790 yesehen'}

285 2817 407 2869 qaccsi
437 2821 474 2853 te
504 2826 580 2851 non
616 2810 796 2850 viderim.
839 2810 905 2848 sed
937 2810 990 2848 ibi
1023 2808 1228 2860 simplicius
1260 2812 1340 2859 est,
1380 2821 1426 2849 ac
1465 2808 1596 2848 melius
1636 2807 1800 2847 nectitur
1836 2820 1916 2847 cum

286 2897 398 2923 versu
429 2880 705 2934 praecedent-e,
737 2891 812 2917 non
842 2891 910 2929 pro
941 2891 1066 2918 nonne
1095 2880 1301 2928 acceptum.

368 2952 528 2991 Versum
566 2952 602 2988 in
643 2948 770 2988 eadem
810 2947 932 2987 verba
972 2950 1170 2988 exeuntem
1199 2947 1381 3001 ploravit
1419 2958 1593 2996 amores,
1635 2957 1749 2997 supra
1779 2944 1912 2986 habui-

282 3034 383 3072 mus,
416 3020 499 3060 Ecl.
532 3022 598 3058 36.
