2006 3365
633 165 898 208 RECENSIO
930 166 1225 208 LIBRORUM.
1654 170 1712 214 41
1722 171 1754 215 9

102 278 277 327 Alanus,
309 283 347 320 et
377 280 536 332 quidem,
583 284 621 320 ut
653 282 826 330 videtur,
859 293 910 320 ex
944 279 1081 321 Aldina
1112 281 1143 321 Ι.
1176 293 1249 321 non
1281 281 1365 320 sine
1397 280 1516 320 vitiis.
1578 279 1754 320 Attamen

101 347 174 387 loci
206 353 387 400 quatuor,
430 349 491 388 vel
525 350 711 401 quinque,
755 362 800 388 co
833 349 941 388 modo
974 350 1149 400 conec-pti
1181 353 1219 389 et
1251 350 1411 389 correcti
1452 351 1559 399 sunt,
1601 361 1674 401 quo
1719 349 1755 387 in

101 416 202 454 nulla
234 420 321 456 ante
355 417 450 456 hanc
490 417 750 456 uasilecnsem
796 420 990 458 correctos
1031 418 1137 456 vidi:
1179 417 1317 457 erebro
1356 431 1394 456 v.
1430 420 1496 455 41.
1568 417 1757 457 Condicio

100 485 248 524 similis
277 487 419 537 suerat
452 499 490 523 v.
528 489 620 523 151.
680 489 795 535 eyon’
827 499 864 524 v.
906 490 994 524 156.
1061 489 1214 538 primus
1254 499 1293 525 v.
1330 489 1422 524 162.
1465 488 1502 525 et
1544 492 1757 539 praetereo

101 566 140 591 v.
181 556 268 591 152.
332 553 568 603 Brylingero
601 553 693 592 haec
727 555 857 593 deberi
890 567 962 592 non
996 555 1166 593 dixerim.
1199 556 1335 595 erebro
1379 568 1416 593 v.
1446 557 1511 594 41.
1544 555 1613 593 iani
1644 555 1757 593 inve-

101 625 208 660 uerat
241 622 277 659 in
312 621 560 669 llagauoensi
598 624 717 660 1531.
753 623 1051 661 Wernsdorlius.
1128 623 1338 662 Praeterea
1370 623 1628 672 Brylingerus
1660 634 1757 674 quo·

99 703 173 741 que
206 690 429 728 varietatem
462 690 638 728 lectionis
670 691 704 728 in
737 692 907 740 margine
940 691 1091 741 posuit,
1137 690 1358 743 plerumque
1390 690 1580 729 diversam
1609 691 1658 729 ab
1691 702 1756 734 ea,

99 770 196 809 quae
228 762 289 796 est
320 758 354 795 in
387 757 634 805 Lugduneusi
673 760 792 797 1529.
833 758 902 796 sed
944 759 978 796 in
1020 770 1094 810 qua
1131 770 1252 809 pauca
1292 760 1380 797 sunt
1411 758 1529 806 digna
1559 758 1757 797 memoria:

99 825 279 877 pleraque
311 838 362 864 ex
395 825 561 863 Aldinis.

185 894 458 932 Praecesserat
489 893 562 930 alia
594 893 774 944 quaedam
817 892 1070 932 Basileensis.
1140 893 1234 933 Nam
1281 906 1376 946 quae
1419 905 1513 944 pag.
1547 895 1642 933 667.
1675 906 1758 946 seq.

100 963 244 1001 inserta
274 965 334 1001 est
359 959 594 1012 typographi
619 961 807 1011 praefatio
830 961 893 999 vel
912 962 1137 1010 admonitio,
1164 961 1421 1013 subscriptum
1449 961 1566 1001 habet
1585 974 1620 1001 a.
1636 965 1758 1001 1539.

191 1098 382 1139 Veneta
418 1099 539 1135 1544.
572 1098 599 1135 f.
661 1097 712 1137 P.
752 1096 915 1150 lsiryilii
946 1098 1142 1139 Maronis
1170 1098 1310 1151 Opera
1339 1099 1462 1139 Nune
1492 1098 1652 1138 Recens
1685 1110 1761 1137 ae-

97 1169 360 1207 curatis-sime
392 1167 629 1217 Castigsata.
692 1167 788 1206 Cum
812 1167 896 1206 XI.
928 1168 1129 1207 Acerrimi
1161 1168 1310 1208 Iudicii
1349 1168 1527 1208 Virorum
1558 1168 1761 1207 Commen-

98 1238 255 1275 tariis:
290 1235 465 1293 Quorum
496 1236 654 1273 nomina
684 1248 810 1274 versa
839 1239 999 1287 payina
1029 1236 1186 1276 {dieat-
1256 1236 1432 1277 Venetiis
1464 1236 1589 1289 Apud
1614 1235 1761 1274 Iunias

98 1307 156 1341 M.
183 1307 228 1340 D.
259 1306 431 1340 XLIIII.
463 1306 501 1341 et
532 1302 567 1339 in
602 1302 701 1341 fine:
741 1302 918 1343 Venetiis
938 1306 1062 1357 Apud
1084 1305 1295 1344 Haeredes
1320 1305 1628 1344 LueaeAntonii
1658 1303 1760 1342 Iun-

97 1377 166 1409 iae
203 1369 426 1410 Florentini
464 1370 616 1410 ssIense
648 1371 831 1421 Martio,
868 1377 915 1410 M
940 1377 973 1410 D
1003 1378 1178 1411 XLIIH.
1239 1373 1378 1412 Refert
1409 1375 1488 1411 sere
1519 1372 1696 1412 Aldinam
1728 1370 1758 1410 1.

98 1438 159 1477 De
191 1439 381 1478 varietate
412 1438 591 1478 lectionis
624 1439 659 1477 in
692 1440 863 1489 margine
905 1441 954 1479 cf.
986 1440 1032 1479 ad
1065 1440 1359 1493 Lugdunensem
1397 1443 1516 1480 1529.

187 1574 420 1625 Moyunt.
458 1578 579 1614 1549.
615 1581 653 1615 8.
722 1575 925 1628 Veryilius
966 1575 1155 1630 Philippi
1186 1576 1535 1616 Melanehtlzonis.
1581 1575 1761 1616 Scholiis

99 1643 368 1682 Bootis-simis
401 1643 663 1683 Illuslrcclus.
724 1645 957 1684 Adieeimus
990 1645 1134 1684 doetus
1166 1652 1204 1684 et
1230 1645 1450 1696 pet-breues
1478 1644 1763 1696 Christopleori

99 1712 433 1763 Heyendorpleini
482 1715 521 1751 in
563 1713 672 1751 IIII.
715 1713 861 1764 θεον-9.
907 1714 1217 1752 Annotutiones.
1280 1714 1552 1752 Adiunximus
1592 1714 1682 1751 item
1720 1714 1761 1751 in

97 1783 229 1819 omnia
267 1780 435 1831 Verqdii
466 1794 614 1833 opera,
647 1795 698 1821 ex
727 1781 926 1833 Stephani
955 1781 1098 1820 Doleii
1129 1781 1178 1820 tle
1209 1781 1350 1831 linqua
1382 1780 1540 1819 Latina
1571 1793 1760 1819 commen-

96 1851 245 1896 tariis,
280 1850 655 1888 annotatiunculae.
702 1849 960 1900 Moyuntiae.
1002 1849 1246 1887 Exemlebat
1284 1848 1358 1887 lvo
1398 1849 1628 1899 Schoeffer.
1688 1848 1760 1886 Ti-

98 1917 212 1956 tulum
245 1918 392 1967 excipit
437 1917 536 1956 Phil.
582 1917 895 1956 Melanchthonis
938 1917 1154 1967 praefatio:
1207 1916 1268 1956 Ad
1320 1916 1516 1954 Lecton-em
1558 1915 1760 1966 Philippus

99 1984 387 2023 ll‘lelanehthon.
450 1985 552 2023 Anni
585 1986 778 2035 indicium,
812 1985 909 2036 quod
942 1984 1079 2022 nullum
1112 1987 1172 2023 est
1205 1985 1239 2022 in
1265 1984 1399 2032 titulo,
1432 1984 1575 2034 sumpsi
1608 1996 1657 2021 ex
1691 1987 1759 2033 ty,-

99 2053 290 2104 pographi
323 2054 591 2103 praelatione,
634 2065 707 2104 qua
748 2052 810 2091 ille
842 2065 944 2090 suam
977 2052 1110 2092 lectori
1157 2065 1307 2103 operam
1350 2052 1606 2098 commendat,
1646 2064 1761 2101 prae-

98 2122 214 2159 missa
247 2120 585 2159 Annotatiuneulis
627 2120 813 2171 Stephani
862 2121 990 2159 Boleti
1031 2124 1202 2160 extremo
1249 2120 1344 2159 libro
1391 2121 1593 2159 subiectis.
1655 2119 1762 2172 Quae

98 2190 285 2240 praefatio
304 2189 556 2239 subscriptmn
586 2189 702 2228 habet
731 2201 766 2227 a.
793 2188 848 2227 Μ.
870 2188 1013 2227 XLIX.
1036 2187 1146 2238 (sic).
1208 2189 1489 2228 Annotationes
1522 2190 1560 2226 et
1591 2187 1761 2236 scholia,

98 2258 144 2295 ad
169 2258 307 2295 maiora
341 2257 488 2308 quidem
521 2270 638 2307 opera
664 2258 842 2308 Virgilii,
876 2270 922 2296 ea
953 2259 1056 2306 sere,
1089 2269 1185 2309 quae
1216 2261 1304 2296 sunt
1335 2257 1369 2294 in
1405 2256 1524 2294 ssasu.
1553 2258 1673 2294 1543.
1695 2254 1761 2293 sed

99 2329 222 2364 tamen
255 2337 328 2363 non
361 2326 505 2375 omnia3
550 2326 596 2363 ad
629 2325 824 2375 opuscula
854 2328 976 2364 autem
1007 2325 1147 2377 aliquid
1178 2328 1394 2364 annotatum
1429 2324 1652 2372 varietatis,
1693 2322 1760 2360 sed

99 2394 304 2433 rarissime.
382 2393 529 2432 Deinde
577 2406 684 2446 quam
732 2393 840 2432 modo
884 2394 1213 2433 commemorabam
1258 2391 1496 2443 typographi
1539 2390 1760 2440 Moguntini

99 2461 394 2512 praefationem,
428 2465 507 2500 tota
539 2462 776 2512 impudenter
807 2461 1001 2512 descripta
1033 2465 1112 2509 est,
1156 2462 1289 2512 paucis
1330 2461 1504 2508 mutatis,
1548 2472 1596 2498 ex
1638 2457 1758 2497 Basil-

104 2531 226 2567 1543.
263 2528 325 2567 vel
357 2529 431 2567 alia
463 2528 572 2568 huius
603 2530 776 2579 generis.
840 2529 946 2569 Vitia
987 2533 1048 2570 sat
1087 2529 1201 2570 multa
1232 2533 1271 2569 et
1300 2529 1453 2578 gravia.
1515 2527 1638 2566 Huius
1670 2524 1760 2565 Mo-

100 2598 287 2646 guntinae
320 2609 392 2635 non
426 2597 562 2650 ubique
603 2598 826 2637 mentionem
858 2598 944 2636 l'eci.

195 2722 387 2762 Veneta
424 2725 543 2761 1555.
576 2724 603 2762 f.
663 2723 766 2763 Pub.
798 2723 959 2776 Viryilii
990 2723 1185 2762 Maronis
1203 2722 1360 2762 Poetae
1376 2721 1600 2761 llIanluani
1625 2718 1762 2773 Opera

103 2789 249 2830 Omnia
282 2791 506 2830 Innumeris
540 2792 650 2831 Pene
680 2792 806 2832 Locis
838 2793 894 2832 ad
924 2798 1099 2831 veterum
1135 2792 1183 2831 P.
1215 2791 1355 2830 Bembi
1387 2789 1645 2829 Cardinalis.
1706 2787 1764 2827 Ec

100 2859 294 2898 Andreae
325 2859 531 2909 Nauyerii
562 2860 863 2912 Exemplarium
892 2861 1032 2912 fidem,
1075 2865 1281 2912 postrema
1312 2859 1390 2897 liae
1420 2859 1598 2897 editione
1628 2860 1763 2914 easti-

100 2933 214 2978 ιᾳαία.
277 2927 374 2965 Cum
400 2927 480 2965 XI.
514 2927 840 2976 Commentariis,
875 2929 1018 2967 Denuo
1052 2928 1157 2967 Post
1191 2926 1336 2966 Omnes
1370 2925 1629 2976 Omniumque
1657 2924 1764 2964 Edi·

102 2997 255 3043 tione-5,
285 3009 361 3049 per
392 3009 508 3049 quam
541 2995 851 3046 diliyenlissime
881 3000 1116 3047 eastiyata,
1150 3000 1235 3047 atq3
1268 2993 1494 3034 elaborata.
1564 2992 1760 3042 Venetiis,

1386 3064 1488 3108 27*
