2006 3365
240 177 342 223 416
837 169 1203 210 DiSSERTATio
1236 170 1306 210 lv.

240 288 517 329 Ascensianam
548 285 578 325 Ι.
612 288 651 325 ut
681 296 788 337 quam
820 297 842 323 a
873 283 1125 324 Tbielmanno
1158 282 1434 335 imprimendam
1466 283 1708 333 curavisset,
1742 294 1815 322 non
1847 294 1899 321 ex

239 371 310 396 sua
340 358 424 408 ipse
455 355 607 393 officina
638 354 845 392 emisisset.

324 492 519 530 Aldina
546 490 581 529 Ι.
644 489 711 529 Sic
731 488 828 528 banc
848 488 1085 540 appellamus
1108 487 1385 538 Opusculorum
1418 487 1691 540 carminumque
1722 487 1899 525 minorum

239 561 462 609 editionem,
510 571 607 611 quae
646 557 768 608 probe
811 557 1081 606 distinguenda
1123 560 1183 595 est
1224 568 1245 594 a
1297 555 1466 604 Virgilio
1509 555 1598 594 Aldi
1644 555 1771 606 paullo
1812 556 1900 593 ante

240 630 540 667 commemoratu.
603 626 769 665 Aldinae
801 625 830 663 Ι.
866 624 925 664 bic
956 625 1115 664 titulus:
1166 625 1434 664 Diversorum
1473 623 1652 664 Veterum
1682 623 1901 662 Poetarum

239 698 287 736 In
323 697 518 749 Priapum
551 695 704 734 Lusus.
767 694 818 733 P.
860 694 903 734 V.
934 694 994 733 M.
1029 694 1260 733 Catalecta.
1296 695 1421 746 δορα.
1456 692 1610 732 Rosae.
1644 693 1784 732 Culex.
1817 692 1900 730 Di-

238 779 323 804 rae.
360 765 569 804 Moretum.
606 765 729 803 Ciris.
797 764 945 801 Aetna.
980 763 1128 813 Eleyia
1162 763 1209 801 In
1244 762 1498 801 Mecoenatis
1522 759 1691 800 Obilum.
1725 761 1780 799 ΕΙ
1803 760 1902 799 Alia

238 835 472 883 Nonnulla,
527 834 642 889 Quae
678 832 800 872 Falso
841 833 1003 884 Viryilii
1041 832 1282 871 Credunlur.
1352 831 1601 881 Aryumenta
1639 829 1688 868 In
1740 828 1902 880 Virqitii

239 904 416 952 Libros,
450 903 506 942 Ec
537 903 638 941 Alia
671 903 940 942 Diversarum
971 901 1204 953 Complura.
1277 898 1318 938 ln
1362 898 1433 937 [ine
1465 897 1576 936 libri:
1628 897 1806 937 Veneliis
1854 898 1902 936 ln

239 972 422 1012 Aedibus
475 971 576 1010 Aldi
625 972 679 1010 Ec
724 971 916 1009 Andreae
953 971 1094 1010 Soceri
1142 968 1294 1007 Mense
1336 966 1550 1006 Decembri
1610 973 1668 1007 M.
1694 973 1741 1006 D.
1770 974 1900 1006 XVII.

238 1041 431 1079 Praefatio
462 1039 636 1078 breviter
667 1042 805 1078 tractat
836 1038 883 1077 de
915 1039 986 1086 iis,
1020 1050 1117 1089 quac
1149 1036 1247 1074 falso
1279 1036 1491 1075 tribuantur
1524 1034 1712 1084 Virgilio,
1745 1038 1818 1074 tum
1851 1036 1902 1074 ita

237 1109 394 1159 pergit:
458 1108 514 1146 Et
549 1108 651 1146 baec
691 1114 841 1155 uectem,
884 1112 923 1145 et
963 1119 1013 1145 ea
1059 1118 1164 1159 quae
1203 1103 1278 1143 sub
1329 1105 1490 1155 Vz'rgsilii
1534 1106 1688 1143 nomine
1717 1105 1900 1143 edimus:

236 1176 533 1215 emendauimus
566 1188 639 1214 nos
674 1175 829 1230 quidem
861 1175 1025 1213 collatis
1066 1173 1255 1225 pluribus
1287 1185 1392 1212 more
1432 1179 1568 1212 nostro
1601 1171 1899 1225 exeplaribus,

237 1245 336 1283 nihil
367 1252 509 1284 temere
539 1246 798 1283 iuuet-lentes.
833 1254 922 1297 71qu
967 1242 1010 1281 id
1040 1240 1092 1280 tn*
1124 1242 1302 1294 inficiari
1347 1241 1550 1288 uolumus,
1588 1242 1713 1280 multa
1759 1243 1798 1280 in
1835 1242 1901 1281 bis

238 1314 408 1361 deesse,
443 1314 567 1351 multa
597 1313 785 1351 mendose
825 1312 918 1363 leyi.
963 1311 1053 1350 Nos
1097 1323 1201 1363 quae
1240 1311 1442 1361 potuimus
1487 1311 1804 1361 praestitimus:
1853 1323 1904 1348 ac

236 1388 317 1421 tam
348 1382 473 1421 mulla
505 1382 825 1430 castiyanz'mus,
876 1385 917 1418 ut
956 1381 1090 1433 siquis
1124 1378 1354 1416 tantundem
1383 1378 1550 1429 fecerit,
1591 1391 1731 1430 pauca
1762 1378 1902 1417 admo-

239 1451 329 1489 dum
362 1451 554 1501 defutura
593 1449 821 1487 uideantur.
870 1448 1145 1488 emendatiora
1188 1448 1300 1485 nacti
1339 1444 1587 1497 eoee‘plaria,
1631 1446 1903 1484 emendatiora

240 1519 447 1566 dabimus,
505 1524 576 1556 aut
615 1517 691 1555 alii
731 1518 921 1569 fortasse
966 1530 992 1555 a
1030 1515 1145 1555 nobe‘s
1179 1516 1363 1554 'excitati
1411 1516 1451 1552 in
1489 1514 1531 1553 id
1571 1513 1806 1552 incumbent.
1851 1534 1902 1540 ——

239 1586 345 1625 Sane
378 1598 511 1624 novam
545 1585 641 1623 banc
675 1586 933 1623 recensionem
966 1597 1079 1632 esse,
1120 1595 1275 1635 eamque
1319 1582 1452 1627 talem,
1500 1594 1596 1634 qnae
1630 1594 1702 1620 non
1735 1581 1904 1632 potuerit

239 1656 324 1693 sine
358 1654 466 1692 libris
498 1654 654 1703 scriptis
688 1653 766 1691 lieri
786 1682 795 1700 ,
828 1652 1092 1700 crederemus,
1119 1652 1266 1690 etiamsi
1301 1664 1372 1690 non
1406 1651 1549 1689 diserte
1580 1650 1833 1699 significatum
1853 1651 1901 1689 ab

241 1723 387 1761 editore
417 1724 538 1760 esset.
600 1721 676 1759 Sed
710 1725 952 1759 monstratum
986 1724 1046 1758 est
1076 1721 1188 1758 etiam
1221 1721 1438 1758 coniectura
1471 1719 1663 1757 admodum
1697 1718 1902 1770 probabili,

239 1791 301 1830 vel
336 1791 483 1841 potius,
518 1793 556 1828 ut
590 1790 765 1839 videtur,
798 1789 1071 1828 observatione
1105 1789 1334 1830 verissima,
1367 1788 1414 1826 ab
1447 1787 1611 1826 Nicolao
1645 1786 1807 1826 Heinsio
1840 1799 1902 1838 ap.

239 1860 440 1898 Burmann.
478 1857 605 1908 Epist.
652 1857 696 1895 ad
738 1857 927 1907 Hoppium
967 1870 1004 1907 p.
1037 1871 1118 1894 mv.
1153 1860 1191 1894 et
1224 1856 1269 1894 ad
1300 1856 1428 1895 Dirar.
1462 1869 1500 1894 v.
1536 1860 1602 1895 40.
1636 1859 1702 1895 70.
1739 1859 1833 1894 102.
1866 1859 1904 1894 et

239 1926 526 1965 accuratissime
557 1925 605 1964 ab
640 1925 793 1975 Heynio
834 1925 1008 1963 Prooem.
1057 1925 1093 1962 in
1140 1923 1330 1970 Culicem,
1371 1924 1477 1962 cuius
1524 1924 1682 1962 maxime
1713 1923 1798 1962 libri
1830 1936 1903 1975 ope

239 1994 435 2033 emendata
466 1994 519 2032 sit
552 1993 692 2032 Aldina
724 1993 755 2031 I.
818 1992 981 2031 Scilicet
1024 2005 1133 2044 quum
1176 1993 1244 2030 iam
1287 1994 1399 2031 antea
1437 1991 1564 2031 Aldus
1606 1993 1642 2030 in
1673 1993 1903 2043 repetitione

239 2062 398 2111 Virgilii
420 2074 454 2100 a.
484 2065 603 2100 1501.
637 2061 803 2099 daturum
836 2073 879 2098 se
911 2072 999 2098 esse
1032 2059 1191 2108 Virgilii
1224 2059 1350 2109 lusus,
1384 2061 1407 2098 i.
1435 2072 1468 2099 e.
1493 2059 1683 2109 Culicem,
1716 2059 1902 2110 Aetnam,

241 2129 366 2175 Cirin‚
400 2130 533 2179 Diras,
567 2141 616 2167 ex
650 2129 857 2167 emendatis
890 2127 1080 2178 exemplis
1113 2129 1368 2167 correctiores
1399 2128 1668 2179 speravisset,
1701 2140 1808 2180 quem
1841 2128 1902 2167 lo-

242 2210 321 2237 cum
361 2211 430 2236 nos
471 2197 598 2247 paullo
636 2199 724 2235 ante
764 2195 1010 2247 protulimu83
1053 2196 1188 2234 deinde
1226 2209 1334 2249 quum
1376 2196 1471 2235 idem
1502 2196 1628 2235 Aldus
1659 2196 1902 2236 Praefatione

241 2267 288 2306 ad
324 2265 501 2305 Bembum
542 2264 709 2313 Virgilio
751 2276 784 2302 a.
831 2267 950 2302 1514.
991 2266 1214 2314 praeposita
1255 2265 1446 2316 promittat
1485 2276 1528 2302 se
1574 2263 1679 2302 lusus
1723 2264 1901 2315 Virgilii,

242 2348 339 2387 quos
371 2333 434 2371 ille
467 2333 604 2370 babeat
635 2332 967 2380 correctissimos,
1016 2335 1089 2370 tum
1129 2332 1311 2371 editurum
1352 2345 1465 2380 esse,
1506 2332 1539 2370 si
1578 2344 1647 2370 eos
1679 2334 1900 2383 acceperit:

242 2403 330 2455 quid
363 2402 486 2450 magis
519 2398 700 2438 credibile
734 2402 794 2437 est
834 2412 940 2450 quam
990 2400 1118 2438 Bembi
1159 2401 1325 2440 codicem
1366 2414 1477 2451 esse,
1520 2413 1571 2440 ex
1611 2412 1684 2452 quo
1717 2401 1903 2439 emendati

241 2474 331 2509 sunt
361 2471 397 2507 in
430 2468 571 2507 Aldina
603 2466 631 2505 1.
665 2466 771 2505 lusus
806 2463 890 2505 ini?
928 2467 1094 2506 Accedit
1126 2469 1223 2520 quod
1257 2471 1399 2519 partem
1432 2481 1585 2517 eorum,
1620 2481 1715 2521 quae
1746 2471 1835 2507 sunt
1866 2470 1902 2507 in

243 2538 385 2578 Aldina
417 2537 445 2575 1.
478 2534 712 2584 singularia,
745 2535 829 2585 ipse
861 2546 911 2572 ex
944 2535 1076 2573 codice
1108 2549 1177 2574 suo
1199 2537 1363 2575 Bembus
1395 2536 1552 2587 protulit
1570 2537 1654 2576 Lib.
1680 2537 1726 2575 de
1754 2535 1900 2576 Culice.

242 2607 418 2658 Denique
448 2604 589 2656 aliquid
619 2603 796 2642 Bembuni
828 2603 960 2653 scripti
993 2604 1269 2654 suppeditasse
1291 2604 1394 2643 Aldo
1427 2604 1588 2653 vulgata
1620 2605 1690 2643 iam
1723 2604 1786 2643 illo
1805 2607 1900 2643 tem-

241 2687 335 2725 pore
368 2675 462 2712 i'ama
494 2675 596 2721 erat,
630 2674 669 2710 ut
701 2672 954 2721 cognoscitur
984 2684 1034 2710 ex
1067 2672 1380 2722 inscriptionibus
1403 2672 1606 2711 editionum
1626 2672 1898 2720 nonnullarum,

242 2742 416 2780 Venetae
448 2741 557 2780 Scot.
596 2743 717 2778 1555.
756 2743 794 2778 et
834 2739 988 2777 aliarum
1027 2739 1124 2790 apud
1168 2739 1372 2789 Heynium.
1435 2738 1494 2779 Cf.
1528 2753 1644 2791 supra
1676 2740 1723 2778 de
1756 2738 1901 2779 Codice

242 2810 444 2856 Bembiuo‚
477 2812 516 2848 et
548 2822 584 2859 p.
618 2811 714 2847 332.
749 2808 861 2846 dicta.
923 2807 1031 2861 Quod
1074 2806 1218 2859 reliqua
1248 2808 1406 2855 attinet,
1439 2820 1546 2859 quum
1578 2807 1690 2846 multa
1722 2807 1900 2856 legantur

242 2878 277 2915 in
310 2877 473 2926 Aldina,
508 2889 604 2929 quae
636 2876 688 2915 ita
720 2877 864 2926 scripta
895 2875 1015 2913 fuisse
1047 2876 1082 2913 in
1115 2875 1245 2913 codice
1268 2875 1400 2913 Bembi
1433 2876 1503 2913 vix
1535 2875 1603 2914 tihi
1635 2875 1897 2925 persuadeas:

244 2944 368 2994 qualia
399 2948 437 2984 et
469 2946 503 2982 in
530 2943 663 2983 Culiee
695 2944 956 2993 inveniuntur,
990 2943 1052 2981 ubi
1084 2942 1284 2982 lectionem
1316 2942 1494 2981 Aldinam
1526 2955 1598 2981 uon
1631 2954 1714 2981 raro
1747 2943 1899 2981 differre

244 3011 292 3050 ab
325 3025 391 3062 ea,
424 3025 529 3063 quam
562 3013 728 3051 Bembus
760 3011 968 3062 protulerat
1000 3011 1111 3062 ipse,
1157 3011 1382 3060 monuimus,
1425 3013 1462 3050 et
1493 3009 1669 3050 nonnulla
1702 3011 1737 3050 in
1771 3011 1896 3060 Diris,
