2006 3365
210 151 277 198 24
774 145 1302 186 ANJMADVERSIONES

209 267 341 316 partes
372 262 607 310 intercalati3
649 260 787 299 deinde
826 271 954 297 omncs
994 262 1131 310 poetae
1170 260 1308 309 verba,
1351 260 1397 298 de
1428 274 1472 299 se
1512 274 1656 315 srioquc
1696 263 1858 301 carmine

212 330 423 384 loquentis,
456 331 650 370 Battarum
683 327 932 379 alloquentis,
965 327 1191 373 excitantis,
1225 329 1428 368 continent.

417 403 447 438 Ι.
481 398 657 437 Battare
688 398 760 436 etc.

412 469 448 505 7.
485 466 623 506 Multa
651 468 793 519 prius,
823 466 950 518 fuerit
982 478 1099 519 quam
1129 478 1205 503 non
1235 478 1320 504 mea
1351 465 1478 505 llbera
1509 480 1654 506 avena.

387 539 449 574 1⁴.
483 535 673 583 Rursus,
705 542 743 574 et
772 536 846 574 hoc
877 538 1014 574 iterum
1044 541 1269 586 repetamus
1302 533 1478 573 Baliare
1507 549 1676 576 carmen.

385 608 448 643 19.
481 605 572 644 Nec
603 605 708 643 (lesit
739 606 891 643 nostris
925 604 1106 643 devotum
1137 617 1292 642 carmen
1325 606 1481 642 arenis.

382 675 447 712 25.
479 674 550 712 Sic
577 685 744 725 precor,
776 679 815 711 et
845 675 996 711 nostris
1029 680 1220 724 superent
1249 673 1348 711 haec
1380 675 1557 712 carmina
1588 676 1710 713 votis.

379 744 446 781 30.
482 742 570 781 Nec
600 743 693 780 mihi
723 755 849 794 saepe
877 755 997 780 meum
1027 741 1232 781 resonabit
1263 741 1440 780 Battare
1470 755 1639 781 carmen.

382 811 447 849 47.
480 812 551 851 Sic
580 823 743 862 precor,
775 818 813 850 et
843 813 996 849 nostris
1029 818 1218 863 superent
1248 811 1348 850 haec
1379 813 1557 850 carmina
1587 814 1710 851 votis.

380 881 446 919 5⁴.
485 880 661 919 Tristius
692 881 789 928 hoc,
821 881 991 929 memini,
1024 881 1232 919 revocasti
1263 879 1439 919 Battare
1469 889 1638 919 carmen.

379 951 445 987 62.
481 948 617 997 Rura,
653 949 796 1003 quibus
830 949 947 987 :liras
980 949 1217 998 indiximus,
1251 951 1372 1001 impia
1402 956 1512 989 cota.

381 1019 446 1055 71.
480 1017 656 1056 Dulcius
687 1019 785 1067 hoc,
817 1020 987 1065 memini,
1019 1020 1228 1056 revocasti
1258 1016 1434 1057 Battara
1464 1031 1633 1057 carmen.

379 1088 445 1125 75.
484 1087 662 1126 Tristius
693 1088 767 1126 hoc
797 1100 955 1125 rursum
986 1086 1097 1124 (licat
1126 1099 1211 1125 mea
1241 1087 1385 1138 fistula
1417 1100 1586 1126 carmen.

378 1159 445 1194 97.
479 1156 704 1194 E.1·lremum
736 1169 892 1194 carmen
923 1167 1149 1193 revocemus
1182 1153 1359 1194 Battara
1390 1169 1535 1195 avena.

205 1224 387 1263 Potuerat
419 1225 527 1262 etiam
560 1227 650 1275 post
683 1236 833 1262 versum
860 1227 928 1263 36.
949 1228 987 1262 et
1008 1226 1095 1273 post
1116 1236 1154 1261 v.
1180 1226 1245 1262 41.
1272 1224 1530 1262 intercalarem
1555 1225 1725 1263 inserere
1746 1222 1857 1263 Cato,

205 1292 285 1331 Sed
317 1293 462 1331 omniuo
495 1305 566 1331 non
597 1293 712 1331 anxie
745 1296 922 1330 versatus
954 1295 1015 1330 est
1045 1291 1115 1329 hac
1146 1292 1181 1329 in
1213 1304 1253 1330 re
1284 1295 1419 1343 poeta,
1460 1305 1582 1344 neque
1614 1292 1786 1341 curavit,
1819 1294 1859 1332 ut

206 1361 361 1412 paribus
403 1361 617 1400 intervallis
659 1364 819 1412 poneret
859 1360 1128 1409 intercalares,
1174 1373 1246 1412 quo
1288 1361 1392 1411 paria
1435 1361 1566 1399 fierent
1603 1361 1722 1399 media
1761 1361 1859 1400 inter

207 1442 344 1468 versus
383 1429 630 1468 intercalares
668 1432 891 1480 systemata.
962 1430 1046 1467 Vim
1087 1432 1224 1467 tantum
1267 1433 1304 1468 ct
1341 1429 1628 1468 sollemnitatem
1667 1430 1859 1482 quamdam

206 1497 265 1537 his
308 1498 486 1536 versibus
526 1499 733 1550 quaerebat
773 1498 923 1537 carmini
965 1510 1046 1537 suo.
1107 1498 1276 1547 Deinde,
1318 1499 1391 1537 etsi
1430 1497 1520 1536 nihil
1561 1498 1667 1537 Diris
1699 1496 1858 1537 Catonis

207 1579 287 1606 cum
330 1568 434 1605 veris
475 1568 761 1605 ineautmnentis
801 1579 988 1605 commune
1030 1570 1108 1611 est,
1151 1567 1303 1617 etipse
1335 1568 1473 1618 optimc
1512 1570 1626 1618 poeta
1666 1567 1858 1606 sentiebat

206 1634 339 1674 nullam
373 1636 446 1673 vim
478 1635 662 1683 magicam
696 1647 782 1674 esse
812 1636 846 1673 in
877 1637 1038 1674 carmine
1063 1648 1152 1684 suo,
1186 1638 1303 1674 tamen
1332 1648 1402 1673 non
1427 1635 1649 1674 incredibile
1672 1639 1752 1680 est,
1782 1647 1857 1673 vo-

205 1704 324 1743 luisse
355 1707 504 1755 poetam
537 1705 892 1743 incantamentorum
926 1707 963 1742 et
990 1705 1185 1742 carminum
1210 1705 1438 1753 magicorum
1465 1706 1613 1743 formam
1637 1705 1857 1756 modumque

205 1773 350 1811 imitari.
400 1773 470 1811 Est
501 1776 622 1810 autem
655 1774 850 1811 carminum
883 1773 1062 1811 eiusmodi
1096 1775 1169 1811 tum
1201 1773 1297 1823 apud
1330 1772 1426 1811 alios
1459 1773 1620 1824 populos
1646 1774 1856 1824 proprium,

205 1844 277 1879 tum
308 1841 405 1891 apud
441 1844 592 1879 veteres
624 1842 812 1892 proprium
846 1842 965 1880 fuisse
999 1841 1167 1886 videtur,
1201 1844 1240 1880 ut
1272 1842 1399 1880 eadem
1425 1842 1544 1880 verba
1566 1854 1634 1892 per
1656 1841 1858 1880 intervalla

204 1912 491 1959 repeterentur,
534 1914 571 1948 et
611 1911 741 1949 iterum
781 1911 987 1962 iterumque
1028 1909 1358 1949 intercalarentur:
1400 1914 1438 1949 ut
1477 1910 1573 1961 apud
1613 1910 1857 1949 Theocritum

195 1971 330 2027 '‘lisy‘g‘,
364 1976 460 2014 ἕλκε
492 1973 538 2013 τι)
571 1977 697 2028 τῆνον
728 1976 830 2025 ἐμόν
871 1975 964 2014 >coti
994 1977 1118 2025 δῶμα
1152 1974 1224 2014 τὸν
1257 1970 1415 2028 ἄνδρα,
1457 1982 1494 2018 et
1525 1979 1622 2029 apud
1655 1978 1857 2027 Virgilium

204 2048 355 2086 Ducite
386 2047 436 2086 ab
468 2048 562 2087 arbe
594 2049 764 2096 domum,
803 2061 889 2086 mea
921 2050 1119 2092 carmina,
1161 2048 1293 2086 ducite
1327 2048 1531 2100 Daphnin.
1592 2048 1631 2086 A
1661 2046 1858 2086 Theocriti

204 2115 435 2168 virgiliique
466 2129 533 2154 usu
566 2118 701 2167 partim
741 2129 785 2155 eo
829 2117 970 2155 recedit
1002 2114 1120 2163 Cato,
1164 2116 1260 2168 quod
1302 2116 1512 2154 intervallis
1551 2129 1624 2154 non
1666 2117 1782 2155 certis
1813 2127 1858 2154 ac

207 2184 361 2234 paribus
395 2197 543 2222 versum
576 2185 835 2223 intercalarem
869 2185 993 2235 pouit,
1027 2185 1094 2223 sed
1128 2185 1270 2231 libere,
1303 2196 1399 2223 nunc
1429 2189 1517 2235 post
1544 2185 1672 2236 plures
1698 2197 1855 2230 versus,

207 2264 302 2290 nunc
338 2254 428 2303 post
469 2253 696 2303 pauciores,
739 2257 777 2291 ut
816 2254 885 2292 Bio
926 2255 960 2292 in
1006 2253 1206 2304 Epitaphio
1251 2253 1473 2295 Adonidos,
1518 2258 1554 2292 et
1596 2252 1781 2292 Moschus
1821 2254 1856 2291 in

206 2321 410 2372 Epitaphio
434 2322 588 2360 Bionis:
622 2323 693 2360 etsi
726 2323 822 2373 apud
844 2322 1088 2360 Theocritum
1121 2335 1267 2374 quoque
1299 2321 1471 2372 exempla
1495 2335 1583 2360 csse
1605 2321 1715 2361 huius
1738 2323 1856 2361 liber-

208 2393 295 2429 tatis
329 2392 490 2428 constat.
537 2390 674 2428 Partim
706 2403 773 2438 eo,
806 2391 902 2443 quod
934 2390 1083 2429 multum
1111 2392 1233 2429 variat
1261 2404 1409 2429 versum
1436 2391 1716 2439 intercalarem,
1748 2403 1856 2444 quum

207 2459 304 2510 apud
336 2458 580 2497 Theocritum
614 2461 653 2497 et
684 2458 850 2511 reliquos
882 2472 1021 2498 versus
1053 2472 1203 2510 semper
1235 2460 1328 2498 idem
1360 2460 1482 2510 repeti
1514 2460 1660 2506 soleat,
1705 2459 1768 2498 vel
1801 2459 1854 2498 lc-

210 2528 308 2567 viter
340 2528 563 2566 immutatus.
612 2527 741 2565 Dicam
775 2528 845 2566 hac
876 2529 1157 2579 opportunitate
1188 2528 1234 2567 de
1265 2541 1379 2567 versu
1412 2529 1629 2568 intercalari
1659 2528 1855 2569 Theocriti

208 2597 244 2635 in
276 2596 395 2648 primo
431 2597 612 2635 carmine:

410 2657 567 2712 ἄρχετε
598 2664 864 2712 βωκολικᾶς,
902 2664 1070 2702 ῘΙίΙῶσαι
1103 2666 1250 2716 φίλαι,
1287 2658 1431 2715 ἅρχετ’
1464 2664 1633 2710 αόιδᾶς,

208 2746 321 2772 meam
353 2734 594 2772 sententiam:
629 2746 701 2785 quo
733 2736 770 2772 in
803 2747 915 2773 versu
949 2748 1054 2787 quum
1088 2738 1225 2773 certum
1257 2736 1328 2783 sit,
1361 2738 1433 2774 tum
1455 2736 1713 2773 auctoritatem
1739 2746 1854 2785 repu-

210 2803 300 2840 tanti
334 2803 522 2850 codicum,
554 2805 626 2840 tum
658 2803 802 2841 diserto
834 2804 1053 2853 interpretis
1083 2804 1216 2852 graeci
1247 2804 1290 2841 ad
1320 2817 1380 2842 vs.
1409 2808 1473 2843 84.
1498 2803 1733 2851 testimonio,
1766 2815 1855 2842 esse

210 2869 409 2921 aliquoties
440 2868 566 2906 πάλιν
598 2872 900 2910 substituendum
932 2884 1000 2922 pro
1034 2870 1186 2920 φίλαις
1219 2872 1254 2910 id
1288 2873 1498 2924 quaeritur,
1541 2871 1676 2923 quibus
1707 2871 1758 2910 sit
1789 2883 1854 2909 rc-

210 2939 431 2978 stituendum
464 2939 578 2979 locis.
642 2940 703 2979 Ac
733 2939 845 2989 mihi,
886 2940 968 2978 dum
1006 2939 1244 2991 stropharum
1285 2942 1370 2979 sive
1401 2942 1646 2991 systematum
1686 2939 1854 2978 ordinem

210 3007 424 3058 perpendo,
458 3021 552 3062 quae
583 3009 634 3048 ibi
666 3011 755 3061 post
782 3008 976 3048 exordium
1008 3009 1188 3049 versibus
1219 3022 1291 3049 sex
1311 3012 1376 3049 64.
1395 3021 1502 3061 seqq.
1535 3011 1737 3060 constans,
1769 3008 1855 3048 inde
