2006 3365
619 132 889 174 RECENSIO
921 131 1217 173 LIBRORUM.
1661 139 1763 182 385

106 248 294 289 Achatem
326 248 528 287 editionem
559 249 659 288 binis
677 248 884 297 Romanis,
916 247 1004 286 sive
1034 247 1205 287 alterutri
1238 246 1455 297 Romanae,
1488 246 1666 296 similem,
1693 248 1760 286 sed

106 319 228 356 tanuen
262 330 332 355 non
365 329 434 367 per
464 317 587 355 onmia
618 317 787 355 similem.
848 315 999 354 Deinde
1037 315 1081 354 ad
1127 328 1256 364 unam,
1299 317 1336 353 et
1379 315 1545 353 sortasse
1575 315 1761 365 alteram,

105 384 253 432 barum,
285 398 381 436 quae
414 385 558 423 mediae
590 389 678 423 sunt
709 385 808 423 inter
840 385 1031 423 Romanas
1063 387 1100 422 et
1117 383 1300 422 Venetam
1323 382 1484 422 Acbntis
1521 386 1640 422 1473.
1674 385 1760 422 edi-

104 454 268 499 tionum,
302 465 438 491 novum
470 465 558 491 esse
591 453 757 491 codicum
790 453 1015 502 scriptorum
1048 451 1224 489 auxilium
1257 450 1465 490 adhibitum
1498 464 1652 491 censeo.
1692 451 1761 491 Sic

103 518 176 558 hac
206 524 356 568 aetate,
390 523 424 559 in
458 519 610 559 Veneta
643 519 921 558 Bartliolomaei
962 519 1254 568 Cremonensis,
1286 518 1336 569 {ut
1367 520 1549 565 coniicio,
1583 520 1762 571 expletas

103 600 194 626 esse
225 591 418 627 maximam
451 593 592 639 partem
639 588 817 633 lacunas,
859 600 952 638 quas
995 588 1029 624 in
1063 586 1142 626 Ciri
1175 589 1214 626 et
1245 585 1455 626 Catalcctis
1487 589 1611 627 codex
1646 590 1760 628 Basi-

103 655 246 694 leensis
279 668 358 694 cum
391 656 560 695 Romana
591 655 640 693 Il.
674 653 809 703 babet),
851 654 1052 704 probabile
1084 657 1157 692 est.
1226 655 1454 708 Quamquam
1485 656 1520 693 id
1553 658 1663 695 etiam
1693 671 1760 697 se-

102 724 180 761 rius
214 725 350 761 lactum
383 737 470 762 esse
502 726 651 774 potest,
684 723 718 760 in
751 723 922 760 Romana
958 725 1078 760 1473.
1154 720 1271 761 Certe
1304 723 1338 760 in
1371 723 1534 762 Venetis
1566 725 1692 763 Rubei
1724 729 1762 765 et

101 790 252 829 Iensoni
285 793 354 829 iam
385 795 473 830 sunt
503 791 695 841 expictae.
758 789 813 828 At
843 792 1044 839 praeterea
1064 790 1098 828 in
1119 788 1215 827 banc
1242 792 1424 838 aetatem,
1445 791 1508 830 vel
1525 795 1759 842 proximam,

101 859 267 897 incidere
299 860 414 898 debet
445 863 660 910 usurpatum
691 871 713 896 a
742 857 862 896 Paulo
894 857 1094 907 Leopardo
1136 859 1343 910 exemplar
1381 859 1546 911 Vergilii
1576 865 1760 916 antiquis

99 929 213 980 typis
252 941 469 975 excusum,
513 942 534 967 e
577 928 718 979 primis
758 926 867 975 illis,
916 925 1144 965 suboriente
1183 929 1263 966 iam
1298 927 1614 980 Typoyraphica
1644 939 1751 979 arte,

101 1007 153 1034 ex
184 1008 256 1048 quo
289 995 464 1034 nonnulla
496 996 532 1033 in
566 994 670 1034 Cirin
713 993 824 1032 valde
863 993 1102 1042 singularia,
1151 997 1189 1033 et
1221 1007 1374 1047 quorum
1407 1007 1527 1047 neque
1559 997 1594 1035 in
1627 999 1759 1038 codice

100 1063 320 1103 Basileensi
361 1075 482 1115 neque
528 1063 564 1100 in
611 1062 762 1101 Veneta
809 1061 935 1101 Rubei
979 1062 1260 1114 Vicentinaque
1300 1064 1506 1113 vestigium
1546 1067 1760 1118 reperitur,

100 1131 177 1171 Iac.
210 1131 393 1170 Nicolnus
425 1131 589 1170 Loensis
620 1130 776 1181 protulit
808 1131 924 1169 Misc.
972 1130 1170 1180 Epipbyll.
1207 1130 1313 1169 VIII.
1349 1146 1470 1170 xxm.
1503 1146 1589 1185 sqq.
1663 1134 1759 1173 Tum

100 1199 172 1238 hac
204 1200 355 1250 primum
387 1202 511 1238 aetate
541 1200 716 1250 antiquos
754 1198 915 1237 collatos
948 1210 1037 1236 esse
1068 1198 1189 1236 libros
1236 1200 1422 1250 scriptos,
1469 1201 1532 1252 qui
1565 1202 1760 1242 Aeneidos

99 1267 196 1306 libro
229 1267 396 1305 secundo
430 1280 569 1306 versus
602 1268 697 1306 567.
731 1278 838 1318 seqq.
881 1267 1120 1311 omitterent,
1160 1280 1381 1317 persuasum
1414 1269 1501 1307 mibi
1534 1271 1606 1308 est.
1669 1271 1761 1310 Sci-

99 1335 190 1374 licet
222 1347 316 1387 quae
349 1336 488 1385 primae
521 1336 618 1373 inter
649 1347 751 1372 meas
782 1346 922 1372 versus
955 1347 1022 1372 eos
1047 1336 1241 1385 omittunt,
1261 1336 1514 1381 Mutinensis,
1548 1342 1586 1378 et
1604 1339 1760 1379 Medio-

98 1403 269 1442 lanensis
302 1403 502 1442 Maittairii
535 1416 569 1441 a.
606 1405 728 1441 1474.
777 1415 873 1455 quae
915 1404 1052 1454 praeiit
1094 1404 1327 1454 Mutinensi,
1368 1417 1440 1443 non
1486 1406 1631 1456 primae
1662 1408 1756 1447 omi-

99 1471 221 1515 sisse,
262 1471 329 1509 sed
371 1484 420 1509 ex
459 1470 531 1509 alia
562 1471 721 1509 fluxisse
753 1472 968 1523 antiquiore
1000 1472 1188 1510 videntur.
1262 1472 1413 1512 Deinde
1455 1474 1491 1512 in
1537 1474 1644 1514 Diris
1685 1489 1756 1515 non

98 1540 222 1589 potuit
260 1539 343 1577 sine
383 1538 481 1577 libro
522 1540 667 1589 scripto
710 1539 856 1578 restitui
902 1552 1063 1584 versus,
1111 1540 1172 1591 qui
1211 1540 1322 1579 deest
1353 1541 1388 1578 111
1422 1541 1521 1580 binis
1554 1542 1757 1594 Romanis,

98 1607 208 1655 aliis,
244 1610 337 1645 102.
385 1607 580 1664 Quamvis
614 1609 720 1657 iynis
753 1610 863 1655 eris,
907 1610 1092 1661 quttmvis
1126 1621 1258 1660 aqua,
1293 1623 1447 1662 semper
1477 1611 1650 1650 amabo:
1695 1624 1758 1650 re-

98 1676 254 1714 stitutus
286 1678 407 1713 autem
441 1676 609 1714 cernitur
641 1676 675 1713 in
702 1676 940 1723 Mutinensi,
974 1679 1182 1725 praeeunte
1213 1675 1310 1714 haud
1340 1677 1454 1715 dubie
1477 1677 1757 1718 Mediolanensi

95 1743 309 1782 Maittairii.
370 1743 460 1780 Mea
493 1744 707 1782 coniectura
739 1747 819 1793 est,
862 1745 1002 1781 sontem
1050 1743 1353 1782 Mediolanensis
1406 1748 1525 1784 1474.
1567 1750 1605 1787 et
1637 1748 1756 1786 Muti-

95 1812 227 1849 nensis
259 1823 347 1848 esse
380 1811 581 1849 editionem
614 1824 648 1849 a.
685 1814 805 1850 1472.
840 1824 945 1859 cam,
980 1825 1087 1863 quam
1120 1812 1447 1851 Mediolanensem
1479 1815 1672 1865 appellavi
1706 1829 1756 1855 cx

95 1877 332 1928 plurimorum
364 1879 570 1917 sententia.
633 1878 750 1918 Certe
781 1879 920 1930 aliquid
954 1892 1042 1918 esse
1074 1880 1109 1917 in
1142 1879 1214 1918 bac
1238 1881 1402 1919 editione
1430 1882 1617 1932 praeclari
1637 1896 1754 1934 prae-

94 1948 243 1990 stitum,
280 1947 386 1985 fidem
420 1948 509 1985 facit
541 1947 719 1995 editoris,
746 1948 916 1998 quisquis
940 1947 1002 1985 ille
1029 1949 1118 1996 suit,
1151 1949 1409 1999 subscriptio,
1442 1962 1538 2002 quae
1571 1951 1621 1989 ita
1643 1956 1754 1991 sonat

94 2015 320 2063 magnifice:
354 2015 525 2063 Lector,
560 2018 599 2054 si
626 2016 786 2065 Viryilii
815 2015 933 2054 Vatis
961 2018 1262 2055 eminentissimi
1293 2030 1418 2069 opera
1448 2018 1581 2069 tersere
1613 2024 1751 2072 cupis:

91 2084 194 2122 lutee
223 2085 472 2122 maiestatem
504 2086 767 2137 (tntiqnitatis
799 2083 1025 2121 redolentia
1053 2085 1236 2135 perleqe:
1269 2098 1359 2123 nam
1393 2087 1586 2140 quicquid
1616 2090 1656 2125 in
1684 2089 1750 2128 liis

91 2152 350 2190 emendandis
384 2152 633 2202 corriyendis
679 2151 1021 2204 castiyandisque
1060 2152 1248 2203 operibus
1290 2153 1477 2193 Romana
1526 2156 1753 2210 Venetaqne

92 2219 187 2257 lima
216 2219 409 2271 polin-erit
439 2222 604 2258 terserit
647 2227 684 2259 et
716 2220 772 2258 ad
803 2233 917 2259 sumn
948 2219 1146 2270 redeyerit
1177 2223 1340 2260 nitorem
1369 2225 1626 2275 perspicuum
1657 2232 1749 2264 esc:

91 2288 168 2326 sed
198 2287 374 2337 ‹liliyetzs
408 2290 493 2326 ista
525 2288 759 2326 sedulitas:
802 2294 840 2327 et
871 2289 1099 2327 criticorum
1129 2301 1306 2328 censura
1338 2291 1558 2330 discedat:
1592 2300 1750 2332 cesset-

93 2369 168 2409 que
199 2358 314 2394 nimis
347 2357 556 2407 affectata
590 2358 811 2407 casliyntio
843 2369 929 2395 enm
960 2356 1010 2394 ab
1043 2358 1149 2409 ipsis
1179 2360 1361 2410 propriis
1388 2358 1582 2399 Maronis
1615 2375 1747 2399 exem-

87 2423 306 2477 plaribus:
342 2438 446 2477 quae
475 2423 627 2463 Romae
659 2426 699 2463 in
730 2425 838 2464 AEde
868 2425 972 2463 Dici
1003 2423 1129 2463 Paula·
1158 2428 1343 2477 reposita
1383 2433 1504 2465 sunt:
1553 2429 1747 2479 integrum

87 2505 227 2544 purum
259 2493 502 2546 nitidumque
533 2506 634 2545 opus
666 2494 739 2532 hoc
769 2493 977 2545 effluxerit
1008 2500 1223 2545 natumque
1254 2497 1321 2533 sit.
1346 2499 1384 2535 ct
1409 2508 1445 2547 q.
1464 2508 1547 2547 seq.
1604 2496 1745 2534 Verum

90 2564 173 2607 cst,
210 2560 303 2597 baec
334 2561 454 2609 magis
486 2560 532 2598 de
565 2562 746 2611 operibus
779 2561 937 2610 Virgilii
969 2561 1172 2599 maioribus
1208 2574 1313 2613 quam
1347 2563 1392 2601 de
1425 2562 1652 2613 opusculis,
1685 2565 1745 2602 in-

89 2627 303 2676 telligenda
335 2640 445 2672 esse,
486 2629 551 2666 sed
595 2629 779 2668 credibile
819 2632 939 2667 tamen
982 2632 1062 2677 est,
1102 2630 1163 2680 qui
1195 2629 1323 2680 Opera
1355 2644 1376 2670 e
1409 2631 1606 2669 codicibus
1637 2644 1743 2670 manu

89 2696 245 2746 scriptis
287 2699 460 2734 correcta
506 2695 746 2748 exhibuerit,
788 2697 954 2736 eumdem
999 2698 1109 2736 etiam
1156 2698 1192 2736 in
1235 2698 1442 2750 Opusculis
1482 2698 1622 2750 aliquid
1669 2711 1743 2739 11011

88 2762 184 2802 male
215 2775 398 2802 novasse.

156 3033 312 3065 Valerius
338 3032 431 3064 Cato.
1398 3031 1466 3074 25
