2006 3365
606 153 868 196 RECENSIO
901 154 1189 196 LIBRORU'VI.
1612 158 1714 202 335

82 271 155 311 lam
186 269 293 309 huius
324 270 465 310 codicis
496 283 570 322 ope
600 271 791 320 Bembus,
825 270 895 310 sub
927 283 1090 321 persona
1112 271 1307 323 Pomponii
1337 269 1468 319 Laeti,
1499 268 1605 308 locos
1638 267 1712 307 ali-

81 343 171 392 quot
209 338 494 388 Bucolicorum,
534 340 740 388 Rosarum,
782 339 934 391 Copae,
977 341 1170 389 Dirarum,
1214 339 1380 380 Culicem
1420 350 1513 378 vero
1544 340 1659 377 totum
1690 349 1713 376 a

82 410 206 460 capite
238 421 320 460 usq.
347 409 393 446 ad
426 409 532 447 linem
565 410 746 448 emendat.
809 408 946 446 Verum
978 407 1037 447 hic
1077 411 1201 448 statim
1243 410 1413 462 quaestio
1453 419 1497 446 ac
1526 406 1711 446 dubitatio

80 478 279 523 obiicitur,
312 478 397 530 quid
431 478 556 516 harum
589 478 882 516 emendationum
915 489 963 515 ex
996 477 1125 516 codice
1154 478 1217 516 illo
1242 480 1385 529 scripto
1412 477 1601 520 haustum,
1626 475 1712 527 quid

80 560 129 585 ex
160 547 374 585 coniectura
407 550 527 586 natum
560 547 661 586 Petri
695 547 820 585 Rembi
852 547 915 584 sit.
989 545 1074 584 Non
1107 546 1237 585 dubito
1269 547 1315 585 de
1352 546 1436 595 his,
1473 557 1566 597 quac
1597 544 1712 583 Bem-

80 616 150 654 bus
182 628 230 654 ex
262 615 358 654 libro
390 616 452 654 illo
484 629 552 654 suo
584 617 776 666 perveteri
808 628 828 652 a
848 627 891 653 se
918 614 1078 664 proferri
1103 615 1246 654 diserte
1275 618 1447 654 testatur.
1508 615 1564 653 At
1594 614 1714 652 onmia

79 698 121 723 sc
152 698 201 723 ex
232 684 328 723 libro
361 684 422 723 illo
443 685 665 723 emendasse
695 696 816 736 neque
837 683 1001 721 Bembus
1032 682 1121 721 dicit
1153 684 1260 734 ipse,
1291 686 1329 721 et
1353 687 1439 722 sunt
1466 683 1563 721 inter
1585 694 1712 720 emen-

79 755 251 793 dationes
284 756 378 793 istas
410 753 626 801 nonnullae,
661 766 754 805 quas
785 754 905 790 factas
936 763 1024 789 esse
1064 764 1112 789 ex
1145 752 1325 800 ingenio,
1370 763 1440 789 non
1484 751 1625 801 petitas
1663 763 1714 789 ex

78 822 175 861 libro
207 824 377 873 scripto,
424 834 491 873 per
521 834 563 860 se
594 821 792 873 probabile
825 825 904 869 cst3
937 822 976 858 ut
1006 821 1088 871 ipse
1119 820 1282 859 Bembus
1313 819 1410 872 quod
1443 820 1478 858 in
1510 818 1641 859 Culice
1672 832 1711 857 v.

80 895 173 930 406.
206 893 375 942 reponit,
407 894 558 945 picr1'3,
596 903 696 928 suam
729 902 817 928 esse
856 888 1149 928 emendationem
1188 890 1341 928 fatetur.
1409 887 1559 928 Crescit
1597 887 1712 926 dubi-

77 961 193 1005 tatio,
227 974 334 1013 qurum
366 959 528 999 Aldinas
559 958 859 1007 consideramus,
901 957 947 996 ad
978 970 1071 1009 quas
1102 957 1234 997 librum
1267 957 1365 997 illum
1396 960 1564 996 veterem
1595 956 1712 996 Bem-

76 1029 199 1068 binum
231 1030 432 1068 adhibitum
464 1040 552 1066 esse
584 1028 679 1065 infra
710 1027 934 1066 narrabitur.
1002 1027 1148 1066 Etenim
1180 1027 1327 1077 Aldus,
1359 1039 1466 1078 quum
1499 1038 1548 1064 ex
1578 1025 1711 1064 Bemhi

77 1099 124 1137 ‹le
155 1098 284 1138 Culleo
315 1098 493 1147 dialogo,
530 1109 636 1150 quem
668 1100 809 1136 mature
849 1097 1149 1135 communicatum
1187 1108 1276 1135 esse
1317 1107 1395 1134 cum
1425 1095 1551 1133 amicis
1582 1097 1619 1134 et
1650 1096 1712 1133 fa-

75 1167 300 1216 miliaribus,
333 1170 528 1219 antequam
560 1166 756 1216 ederetur,
790 1165 969 1204 credibile
1002 1168 1083 1214 est,
1125 1165 1372 1216 comperisset
1401 1164 1534 1203 bonum
1566 1175 1610 1202 ac
1640 1175 1710 1202 ve-

76 1241 188 1276 terem
217 1235 347 1274 librum
379 1237 558 1286 scriptum
593 1235 837 1285 virgilianum
869 1247 957 1273 esse
1000 1234 1097 1285 apud
1144 1235 1339 1282 Bembum,
1382 1235 1445 1272 aut
1483 1246 1590 1285 quum
1630 1245 1711 1271 eum

75 1306 205 1344 librum
236 1306 320 1357 ipse
356 1305 454 1357 apud
495 1305 695 1353 Bembum,
738 1305 794 1342 cui
835 1305 974 1342 amicus
1014 1306 1114 1353 erat,
1157 1303 1343 1352 vidisset,
1386 1303 1509 1341 statim
1555 1314 1710 1353 sperare

75 1378 253 1426 coeperat
292 1387 334 1413 se
373 1377 561 1413 nacturum
601 1373 729 1412 librum
771 1373 890 1422 illum,
937 1385 986 1411 ex
1025 1384 1145 1424 eoque
1188 1371 1404 1411 emendatos
1446 1370 1631 1420 Culicem,
1672 1373 1711 1410 et

75 1443 178 1481 lusus
211 1443 365 1492 Virgilii
397 1443 493 1482 alios
525 1443 704 1481 editurum
736 1454 853 1480 esse:
897 1454 991 1494 quae
1022 1454 1114 1492 spes
1146 1444 1280 1492 postea
1311 1443 1391 1479 rata
1418 1442 1517 1479 sacta
1549 1441 1609 1478 est
1639 1438 1710 1478 he-

74 1512 227 1551 redibus
259 1511 372 1561 Aldi,
404 1523 437 1550 a.
474 1514 592 1550 1517.
662 1510 736 1549 Iam
778 1523 869 1549 vero
902 1510 996 1549 haec
1034 1510 1175 1550 Aldina
1204 1523 1240 1550 a.
1279 1513 1395 1549 1517.
1435 1510 1539 1548 cuius
1569 1508 1711 1547 Aldina

73 1594 108 1619 a.
147 1584 263 1619 1534.
296 1581 471 1631 repetitio
503 1583 588 1629 est,
621 1592 702 1618 num
734 1582 812 1619 tota
845 1593 894 1619 ex
927 1581 1057 1619 codice
1076 1580 1258 1619 Bembino
1290 1591 1477 1630 expressa
1508 1573 1597 1617 est?
1628 1590 1709 1616 num

75 1651 109 1688 in
143 1648 275 1689 Culice
307 1649 606 1697 emendationeS,
638 1661 730 1701 quas
763 1649 925 1688 Bembus
957 1649 1111 1698 dialogo
1144 1648 1207 1687 illo
1240 1661 1308 1686 suo
1342 1647 1540 1699 proponit,
1582 1658 1710 1684 omnes

72 1716 238 1770 repetit?
298 1719 382 1758 Non
424 1723 508 1758 est:
550 1730 621 1756 non
655 1719 792 1768 repetit
822 1730 966 1756 omnes.
1030 1717 1165 1756 Differt
1198 1718 1233 1756 in
1266 1715 1422 1765 Culice,
1468 1719 1506 1755 ut
1536 1716 1604 1754 iam
1636 1715 1710 1754 oh-

72 1790 261 1827 servatum
293 1790 352 1827 est
378 1788 549 1838 Heynio,
582 1787 722 1826 Aldina
753 1786 865 1826 lectio
898 1788 944 1826 ah
977 1800 1044 1837 ea,
1078 1799 1182 1839 quam
1206 1786 1369 1824 Bembus
1400 1786 1602 1836 proponit,
1634 1797 1708 1823 non

70 1870 168 1896 raro.
229 1856 326 1896 Mihi
358 1856 479 1895 codex
512 1856 733 1904 Bembinus,
782 1859 821 1895 ut
854 1857 1024 1896 breviter
1055 1857 1277 1895 sententiam
1308 1855 1448 1903 dicam,
1482 1867 1606 1906 neque
1637 1855 1709 1893 de-

71 1927 189 1965 terior
219 1927 363 1974 fuisse,
397 1938 518 1977 neque
550 1925 661 1964 multo
693 1929 756 1965 aut
786 1927 975 1964 vetustior
1006 1930 1070 1966 aut
1100 1924 1227 1963 melior
1259 1923 1342 1962 aliis
1366 1924 1476 1962 bonis
1500 1923 1707 1970 codicibus,

71 1995 206 2047 quibus
238 1995 273 2032 in
306 1994 376 2032 hac
406 2008 485 2032 mea
516 1995 679 2033 editione
712 2008 800 2033 usus
832 2008 935 2044 sum,
968 1995 1130 2033 videtur.
1193 1992 1253 2033 Cf.
1287 2006 1380 2045 quae
1411 1993 1458 2030 de
1489 2004 1533 2030 eo
1565 1993 1707 2030 monui-

70 2077 149 2102 mus
182 2064 287 2102 Diss.
319 2063 386 2101 ΠΙ.
419 2076 455 2113 p.
487 2066 578 2101 304.
640 2062 765 2115 Quare
797 2076 1047 2116 quascumque
1080 2063 1356 2101 emendationes
1388 2060 1527 2100 Aldina
1559 2064 1596 2099 et
1628 2073 1706 2100 cum

70 2133 211 2171 Bembo
244 2133 326 2183 ipso
358 2135 396 2171 et
427 2144 505 2171 eum
537 2131 620 2170 aliis
651 2132 761 2170 bonis
792 2131 897 2170 libris
931 2144 1142 2171 communes
1186 2131 1321 2180 habet,
1368 2143 1434 2169 eas
1465 2128 1554 2168 nihil
1586 2130 1706 2180 impe-

70 2202 124 2240 dit
154 2202 346 2253 quominus
378 2214 425 2239 ex
459 2201 588 2239 codice
607 2201 784 2239 Bembino
818 2203 958 2251 petitas
991 2214 1080 2239 esse
1112 2213 1357 2239 censeamus:
1391 2212 1485 2252 quae
1517 2211 1609 2237 vero
1642 2201 1706 2238 aut

71 2271 130 2309 uni
163 2270 326 2319 Bembo,
368 2271 403 2308 in
435 2269 588 2319 dialogo
621 2269 712 2318 illo,
756 2273 819 2308 aut
852 2269 1001 2309 Aldinis
1033 2272 1084 2309 ita
1110 2273 1196 2309 sunt
1227 2270 1426 2321 propriae,
1467 2271 1507 2307 ut
1538 2269 1572 2306 in
1603 2267 1704 2307 nullo

69 2340 142 2378 alio
175 2339 274 2377 hono
306 2342 343 2378 et
374 2340 524 2391 antiquo
565 2338 695 2377 codice
733 2339 988 2389 reperiantur,
1027 2352 1092 2378 eas
1123 2342 1241 2378 utrum
1274 2352 1295 2377 e
1324 2339 1538 2377 coniectura
1576 2340 1703 2386 natas,

68 2420 113 2446 an
146 2420 195 2446 ex
226 2408 356 2446 codice
387 2409 557 2459 quopiam
590 2420 684 2446 nunc
716 2407 909 2458 deperdito
949 2407 1103 2447 haustas
1146 2409 1334 2457 dicamus,
1373 2419 1553 2460 quaerere
1583 2405 1701 2454 licet,

69 2490 119 2516 ex
150 2477 279 2515 codiee
310 2475 464 2515 haustas
497 2490 584 2515 esse
603 2477 780 2515 Bembino
812 2478 986 2515 contendi
1006 2478 1146 2530 nequit.
1207 2477 1347 2516 Ponam
1380 2475 1565 2526 exempla.
1619 2475 1703 2514 Re-

68 2547 190 2585 stituit
229 2545 390 2584 Bembus
429 2558 477 2584 ex
520 2546 647 2584 codice
685 2559 774 2591 suo,
817 2549 856 2584 ut
894 2546 1036 2585 diserte
1078 2549 1262 2595 testatur,
1303 2558 1452 2585 versum
1491 2545 1573 2584 Dir.
1611 2548 1700 2582 102.

70 2615 265 2672 Quamvis
299 2617 401 2666 iynis
433 2617 514 2654 eris·
546 2617 617 2653 etc.
675 2614 856 2654 Restituit
888 2615 1050 2654 eumdem
1084 2628 1132 2655 ex
1164 2616 1319 2666 eodem,
1351 2619 1390 2655 ut
1421 2618 1531 2666 puto,
1572 2613 1702 2653 codice

68 2684 219 2724 Aldina.
280 2684 335 2723 At
374 2684 537 2723 eumdem
580 2683 720 2723 habent
757 2684 818 2723 alii
857 2685 945 2724 boni
990 2685 1168 2732 codices,
1209 2688 1247 2725 et
1289 2684 1401 2724 editio
1443 2683 1700 2724 Mutinensis:

66 2756 107 2793 ut
136 2752 231 2792 haec
263 2765 334 2791 non
367 2754 417 2792 sit
448 2754 599 2804 propria
631 2753 748 2792 codici
773 2754 954 2793 Bembino
985 2754 1068 2793 laus
1101 2755 1309 2808 virtusque.
1371 2753 1530 2793 Versum
1554 2757 1619 2792 70.
1648 2752 1703 2791 ita

69 2822 254 2862 exhibent
286 2822 478 2861 Aldinae:
511 2821 601 2861 Nec
630 2828 790 2863 nostros
823 2827 979 2864 servire
1008 2826 1146 2864 sinant
1176 2823 1383 2864 erronibus
1416 2836 1538 2874 τῖφος
1585 2834 1698 2871 egre-

66 2892 156 2941 gie:
190 2892 395 2944 eodemque
426 2890 534 2929 modo
567 2894 782 2942 conceptum
815 2895 948 2932 recitat
973 2894 1161 2943 BembuS,
1194 2891 1366 2944 εειῑξξξηοη
1397 2892 1500 2930 addit
1531 2892 1582 2929 ita
1612 2903 1699 2930 esse

67 2961 102 2999 in
134 2959 230 3000 libro
261 2973 362 2999 suo:
406 2962 445 2998 ut
476 2960 654 2998 incertum
685 2961 755 3010 sit,
789 2966 905 3001 utrum
937 2962 1030 3002 haec
1062 2963 1277 3002 coniectura
1308 2963 1378 3011 sit,
1409 2974 1454 2999 an
1487 2961 1597 2999 lectio
1630 2973 1698 2999 co-

69 3030 164 3069 dicis
181 3030 323 3070 Bembi.
384 3030 467 3070 Etsi
499 3041 571 3068 non
604 3039 703 3080 nego
735 3031 786 3071 ita
812 3033 929 3072 fuisse
953 3032 987 3071 in
1012 3032 1142 3071 codice
1160 3032 1352 3072 Bembino.
1414 3031 1555 3073 Contra
1574 3045 1610 3072 v.
1629 3035 1696 3071 88.
