2006 3365
240 127 341 172 150
792 123 1319 165 ANIMADVERSIONES

241 235 381 279 habent
411 238 546 278 Mutin.
578 237 728 276 Veneta
758 236 860 277 Rub.
892 237 1116 290 Vicentina,
1155 238 1271 289 aliae3
1312 238 1409 279 aliae
1441 242 1578 280 tantum
1608 239 1746 292 semel,
1787 242 1876 292 post

242 312 326 355 est,
360 309 399 346 ut
428 307 617 354 Aldinae,
652 306 777 356 Lugd.
814 309 934 346 1529.

325 388 427 414 nuuc
456 375 556 414 Ven.
592 373 730 414 Achat.
779 389 853 429 que
882 375 1092 423 Romanae,
1126 375 1261 415 Mutin.
1295 378 1333 415 et
1364 375 1534 426 August.
1566 378 1754 418 uoluntas
1771 378 1867 418 Vra-

241 443 316 482 tisl.
349 443 380 481 Ι.

324 579 374 618 V.
391 582 458 618 22.
476 579 610 630 (125.)
643 589 704 623 AT
721 591 853 624 MALE
873 590 1153 625 TABESCUN'I·
1170 589 1435 623 MORIENTIA
1457 590 1658 624 MEMBRA
1677 591 1875 624 DOLORE.

240 649 297 688 At
334 649 427 688 mihi
468 647 649 696 Aldinae,
686 649 880 700 Excerpta
915 662 976 700 ap.
1010 650 1223 697 Heinsium,
1264 652 1302 688 et
1340 661 1389 688 ex
1428 649 1582 688 Aldinis
1620 651 1874 695 recentiores,

241 716 413 756 Venetae
448 719 569 755 1544.
606 721 723 757 1555.
762 722 879 757 1558.
929 718 1051 758 Antv.
1089 721 1206 757 1556.
1248 718 1337 756 Bas.
1370 718 1419 757 H.
1452 719 1496 757 P.
1534 721 1652 757 1561.
1696 719 1876 768 Scalige-

240 797 372 836 ranae,
404 784 504 825 Pith.
538 785 662 825 Boxh.
697 786 855 825 Arnold.
896 787 1020 826 Burm.
1054 788 1234 826 Wernsd.
1267 786 1423 826 Putsch.
1484 787 1582 826 Puto
1617 800 1666 825 ex
1698 789 1875 826 emenda-

240 855 341 894 tione
373 856 476 904 eius,
510 856 570 908 qui
601 857 817 906 pronomine
848 869 944 908 opus
975 868 1063 895 0550
1096 857 1300 905 iudicaret,
1333 858 1373 894 ut
1404 857 1499 894 inter
1531 868 1574 895 se
1597 860 1879 907 opponerentur

240 923 345 972 agri,
386 936 537 976 quorum
576 924 771 975 praecedit
812 926 968 973 mentio,
1011 928 1048 964 et
1080 922 1189 964 Cato.
1252 925 1330 964 Sed
1370 923 1459 963 nihil
1500 937 1595 976 opus
1633 925 1878 975 pronomine,

242 1005 348 1044 quum
379 992 503 1044 paullo
534 997 620 1032 ante
650 993 695 1031 de
726 1006 769 1031 se
801 994 965 1033 dixerit:
998 993 1156 1033 Invideo
1187 994 1302 1033 vobis
1334 997 1437 1045 (tyri.
1479 993 1605 1047 Quare
1636 993 1706 1032 hoc
1739 996 1877 1033 tantum

242 1061 456 1112 quaeritur,
489 1064 604 1101 utrum
636 1064 691 1101 At
720 1063 821 1102 male
852 1074 896 1100 an
928 1063 1008 1102 Hei
1037 1062 1138 1102 male
1169 1063 1404 1100 scribendum
1436 1063 1497 1101 sit.
1547 1062 1609 1101 Ac
1639 1061 1725 1100 1111111
1755 1063 1879 1110 magis

241 1128 391 1179 placent
422 1142 543 1168 nexae
574 1143 642 1180 per
672 1138 715 1169 at
746 1130 961 1181 particulam
995 1132 1224 1179 sentcntiae,
1257 1143 1362 1182 quam
1391 1130 1515 1170 subita
1541 1130 1776 1170 exclamatio.
1824 1133 1880 1170 At

240 1198 344 1237 male
372 1197 521 1236 Thnan.
554 1197 696 1237 Medic.
729 1199 847 1237 Voss.
880 1198 910 1237 I.
943 1199 1067 1237 Paris.
1099 1198 1150 1237 ΙΙ.
1184 1198 1255 1237 llI.
1282 1198 1351 1237 1V.
1384 1199 1505 1248 Angl.
1528 1199 1698 1248 August.
1725 1199 1877 1238 Monac.

242 1268 273 1305 l.
306 1266 458 1305 Monac.
491 1267 541 1306 ΙΙ.
583 1266 643 1314 (111
685 1280 755 1320 quo
796 1267 875 1314 ad)
917 1267 1077 1307 Vratisl.
1110 1267 1140 1315 I.
1201 1279 1324 1319 aquo
1367 1280 1437 1306 non
1479 1268 1626 1306 multum
1664 1268 1788 1307 differt
1825 1269 1880 1307 Et

243 1337 369 1384 male,
403 1336 498 1388 quod
532 1336 567 1374 in
599 1336 827 1385 petaviano,
859 1336 1027 1376 Romana
1048 1336 1078 1374 Ι.
1111 1335 1261 1374 Veneta
1291 1336 1431 1375 Achat.
1465 1338 1503 1374 et
1529 1336 1753 1374 Mutinensi.
1800 1337 1880 1376 Hei

243 1405 346 1444 male
383 1417 461 1443 cum
494 1405 577 1443 0011.
611 1404 727 1443 Basil.
762 1405 879 1444 Voss.
912 1404 961 1443 ΙΙ.
1003 1404 1160 1444 Vratisl.
1193 1405 1243 1444 11.
1286 1405 1453 1444 Romana
1484 1405 1533 1444 11.
1574 1406 1746 1444 Venetae
1777 1405 1878 1444 Rub.

244 1477 282 1513 et
314 1475 413 1513 lens.
448 1474 671 1521 Vicentina,
714 1476 751 1512 et
789 1474 954 1525 reliquae
985 1477 1071 1512 ante
1102 1474 1277 1514 Aldinas.
1338 1474 1424 1512 Nisi
1463 1474 1559 1525 quod
1592 1474 1682 1513 Heu
1712 1475 1814 1514 male
1843 1475 1880 1513 in

244 1542 409 1592 Virgilio
438 1542 550 1586 Aldi.
589 1542 743 1581 Taurin.
785 1546 899 1581 1518.
942 1542 1105 1581 Florent.
1149 1542 1247 1581 lunt.
1291 1555 1352 1593 ap.
1384 1544 1508 1582 Burm.
1540 1543 1719 1593 Mogunt.
1759 1545 1879 1582 1549.

245 1612 335 1651 Bas.
368 1611 476 1662 Bryl.
514 1615 631 1650 1513.
679 1612 801 1661 Lugd.
834 1611 946 1650 Frell.
984 1615 1101 1650 1556.
1145 1615 1183 1650 01
1213 1611 1285 1650 1100
1316 1613 1383 1649 iam
1415 1611 1586 1650 voluisse
1617 1612 1880 1660 Argentinen-

245 1694 323 1720 sem
358 1683 477 1719 1502.
515 1680 714 1731 probabile
748 1684 827 1729 est,
868 1681 903 1718 in
942 1693 1013 1732 qua
1044 1680 1133 1719 Hen
1162 1681 1276 1720 male.
1339 1681 1427 1720 Heu
1466 1681 1559 1719 milei
1601 1682 1722 1719 Antv.
1760 1683 1878 1719 1580.

243 1750 415 1789 Francof.
452 1752 571 1787 1610.
688 1749 832 1787 Deinde
863 1748 936 1788 1100
965 1762 1063 1800 pono
1097 1752 1275 1801 tamquam
1306 1753 1467 1798 certum,
1498 1749 1709 1788 tabescunt
1740 1748 1880 1797 legen-

245 1818 326 1857 dum
357 1830 465 1866 csse,
497 1822 536 1856 ut
566 1818 655 1856 editi
688 1819 773 1857 inde
803 1831 824 1856 a
856 1819 1023 1858 Romana
1054 1818 1103 1857 ΙΙ.
1135 1826 1286 1869 praeter
1316 1818 1592 1867 Mutinensem,
1623 1830 1765 1856 omnes.
1813 1824 1880 1856 ta-

247 1887 412 1927 bescant
444 1887 577 1925 Petav.
609 1886 757 1926 Thoan.
790 1887 933 1926 Medic.
959 1887 1077 1926 Voss.
1103 1889 1131 1926 l.
1166 1888 1286 1926 Paris.
1312 1886 1362 1925 11.
1387 1886 1456 1925 Ill.
1484 1886 1553 1925 IV.
1587 1885 1745 1935 Anglic.
1772 1886 1880 1936 Aug.

244 1955 399 1995 Monac.
431 1955 540 1994 1.11.
582 1956 737 1995 Vratisi.
771 1958 801 1995 l.
840 1958 1008 1997 Romana
1039 1955 1068 1994 l.
1110 1956 1248 1995 Mutin.
1310 1955 1414 2007 Quod
1459 1956 1666 1993 Burmanno
1706 1954 1882 2005 placebat

244 2026 288 2064 ad
319 2025 445 2076 Priap.
473 2040 617 2063 Lxxxn
651 2029 684 2063 1.
724 2038 913 2078 nuperque
951 2024 1090 2076 placuit
1121 2024 1289 2073 Silligio.
1323 2025 1489 2063 Frustra.
1521 2023 1764 2062 Indicativum
1790 2035 1881 2062 sen-

246 2094 364 2133 tentia
396 2094 575 2145 postulat.

332 2162 393 2201 Ad
426 2163 515 2202 Heu
546 2164 581 2201 in
612 2175 730 2212 marg.
764 2162 883 2202 Basil.
915 2161 1023 2212 Bryl.
1062 2165 1179 2201 1543.
1219 2165 1438 2201 annotatur:
1481 2162 1570 2200 Alii
1598 2162 1711 2200 haee.
1750 2161 1880 2200 nescio

247 2231 357 2269 unde.
388 2232 543 2271 menbra
576 2231 735 2270 Vratisl.
761 2231 791 2270 l.
885 2232 935 2272 Ue
966 2232 1069 2271 male
1097 2231 1195 2270 coni.
1228 2231 1433 2280 Heinsius,
1465 2233 1503 2270 et
1531 2230 1749 2270 [albescant
1776 2244 1882 2270 mar-

247 2303 402 2349 centia,
435 2300 496 2338 vel
527 2303 758 2339 maerentia.

334 2369 474 2409 Glossa
504 2370 553 2407 V.
586 2370 617 2408 Ι.
651 2370 694 2407 ad
728 2368 825 2407 hunc
857 2382 1027 2407 versum:
1063 2382 1186 2424 quare
1217 2369 1332 2407 (lixit.
1364 2381 1541 2420 eyyneas
1568 2381 1704 2408 voces.
1736 2368 1880 2418 Respi-

250 2440 301 2478 cit
330 2450 479 2477 versum
510 2438 681 2476 Dirarum
716 2442 751 2475 1.
869 2438 1025 2477 Scilicet
1056 2438 1115 2490 qni
1146 2436 1214 2474 has
1245 2435 1401 2485 glossas
1434 2437 1610 2488 scripsit,
1643 2441 1683 2475 ut
1713 2437 1783 2474 viri
1815 2436 1879 2474 lit-

250 2508 361 2548 terati
393 2510 477 2546 ante
510 2506 720 2545 lacobsium
752 2519 900 2557 omnes,
933 2507 1095 2545 carmina
1126 2504 1305 2554 Catonis,
1348 2517 1443 2557 quae
1474 2506 1546 2544 duo
1578 2508 1684 2552 sunt,
1716 2504 1880 2543 diversis

252 2576 482 2628 temporibus
513 2576 675 2626 scripta,
708 2588 775 2626 pro
809 2588 878 2613 11110
910 2576 1070 2614 carmine
1100 2574 1278 2613 habebat.

335 2713 385 2753 V·
419 2717 484 2753 23.
518 2711 651 2763 (126.)
704 2722 762 2755 ΕΤ
795 2722 949 2755 CALOR
981 2720 1152 2754 INFUSO
1185 2719 1385 2753 DECEDIT
1419 2720 1620 2754 FRIGORE
1653 2720 1851 2754 MOR'HS.

251 2782 380 2822 Verae
410 2782 638 2833 scripturae,
673 2780 849 2829 decedit,
892 2783 1028 2819 tantum
1068 2781 1104 2818 in
1136 2779 1244 2817 libris
1286 2780 1396 2818 bonis
1433 2783 1545 2832 atque
1575 2780 1735 2831 antiquis
1766 2792 1880 2830 prae-

253 2853 339 2891 sidii
372 2853 454 2903 est,
486 2853 656 2904 quantum
687 2849 821 2901 aliquis
853 2851 971 2899 optet.
1032 2848 1138 2901 Quod
1172 2850 1265 2886 enim
1297 2850 1331 2887 in
1363 2849 1499 2888 Petav.
1531 2847 1678 2887 Thuan.
1705 2848 1881 2887 Leidensi

254 2921 474 2971 Burmanni,
507 2920 677 2969 August.
703 2919 825 2958 Paris.
842 2917 891 2957 ll.
918 2917 989 2957 ΙΙΙ.
1021 2918 1186 2957 Romana
1209 2918 1240 2956 1.
1272 2917 1435 2968 legitur,
1467 2918 1643 2969 decepit,
1677 2918 1760 2969 1111111
1783 2917 1881 2956 aliud

256 2991 316 3028 est
346 3003 451 3042 quam
482 2983 664 3030 decedit?
723 2989 774 3028 Et
804 2987 960 3027 decedit
998 2985 1182 3026 exhibent
1210 2987 1362 3027 Monac.
1393 2986 1424 3026 Ι.
1455 2985 1505 3026 ΙΙ.
1544 2984 1701 3026 Vratisl.
1734 2985 1765 3025 Ι.
1796 2986 1881 3026 Ro-
