<?xml version="1.0" encoding="UTF-8"?>
<!DOCTYPE html PUBLIC "-//W3C//DTD XHTML 1.0 Transitional//EN"
    "http://www.w3.org/TR/xhtml1/DTD/xhtml1-transitional.dtd">
<html xmlns="http://www.w3.org/1999/xhtml" xml:lang="en" lang="en">
 <head>
  <title>
</title>
<meta http-equiv="Content-Type" content="text/html;charset=utf-8" />
  <meta name='ocr-system' content='tesseract 3.04.00' />
  <meta name='ocr-capabilities' content='ocr_page ocr_carea ocr_par ocr_line ocrx_word'/>
</head>
<body>
  <div class='ocr_page' id='page_1' title='image "./carmina00catouoft_0156.png"; bbox 0 0 2006 3365; ppageno 0'>
   <div class='ocr_carea' id='block_1_1' title="bbox 593 640 1448 701">
    <p class='ocr_par' dir='ltr' id='par_1_1' title="bbox 593 640 1448 701">
     <span class='ocr_line' id='line_1_1' title="bbox 593 640 1448 701; baseline -0.007 1"><span class='ocrx_word' id='word_1_1' title='bbox 593 640 1448 701; x_wconf 73' lang='lat' dir='ltr'><strong>ANIMADVERSIONES</strong></span> 
     </span>
    </p>
   </div>
   <div class='ocr_carea' id='block_1_2' title="bbox 985 792 1049 832">
    <p class='ocr_par' dir='ltr' id='par_1_2' title="bbox 985 792 1049 832">
     <span class='ocr_line' id='line_1_2' title="bbox 985 792 1049 832; baseline 0 0"><span class='ocrx_word' id='word_1_2' title='bbox 985 792 1049 832; x_wconf 90' lang='lat' dir='ltr'>IN</span> 
     </span>
    </p>
   </div>
   <div class='ocr_carea' id='block_1_3' title="bbox 461 915 1580 977">
    <p class='ocr_par' dir='ltr' id='par_1_3' title="bbox 461 915 1580 977">
     <span class='ocr_line' id='line_1_3' title="bbox 461 915 1580 977; baseline -0.003 -3"><span class='ocrx_word' id='word_1_3' title='bbox 461 918 997 977; x_wconf 75' lang='lat' dir='ltr'><strong>ECLOGAM</strong></span> <span class='ocrx_word' id='word_1_4' title='bbox 1079 918 1137 973; x_wconf 80' lang='lat' dir='ltr'>E</span> <span class='ocrx_word' id='word_1_5' title='bbox 1220 915 1580 972; x_wconf 81' lang='lat' dir='ltr'>LYDlA.</span> 
     </span>
    </p>
   </div>
   <div class='ocr_carea' id='block_1_4' title="bbox 915 1084 1133 1092">
    <p class='ocr_par' dir='ltr' id='par_1_4' title="bbox 915 1084 1133 1092">
     <span class='ocr_line' id='line_1_4' title="bbox 915 1084 1133 1092; baseline -0.005 -2"><span class='ocrx_word' id='word_1_6' title='bbox 915 1084 1133 1092; x_wconf 40' lang='lat' dir='ltr'>——d</span> 
     </span>
    </p>
   </div>
   <div class='ocr_carea' id='block_1_5' title="bbox 199 1204 1847 2303">
    <p class='ocr_par' dir='ltr' id='par_1_5' title="bbox 199 1204 1845 1823">
     <span class='ocr_line' id='line_1_5' title="bbox 199 1204 1841 1271; baseline -0.002 -13"><span class='ocrx_word' id='word_1_7' title='bbox 199 1204 284 1259; x_wconf 75' lang='lat' dir='ltr'>])e</span> <span class='ocrx_word' id='word_1_8' title='bbox 315 1220 483 1270; x_wconf 77' lang='lat' dir='ltr'>Eeloga,</span> <span class='ocrx_word' id='word_1_9' title='bbox 515 1232 620 1271; x_wconf 88' lang='lat' dir='ltr'>quam</span> <span class='ocrx_word' id='word_1_10' title='bbox 653 1220 756 1268; x_wconf 79' lang='lat' dir='ltr'>dico,</span> <span class='ocrx_word' id='word_1_11' title='bbox 790 1232 861 1271; x_wconf 92' lang='lat' dir='ltr'>quo</span> <span class='ocrx_word' id='word_1_12' title='bbox 892 1219 998 1258; x_wconf 91' lang='lat' dir='ltr'>modo</span> <span class='ocrx_word' id='word_1_13' title='bbox 1032 1219 1289 1269; x_wconf 73' lang='lat' dir='ltr'>conglutinata</span> <span class='ocrx_word' id='word_1_14' title='bbox 1319 1231 1400 1257; x_wconf 87' lang='lat' dir='ltr'>eum</span> <span class='ocrx_word' id='word_1_15' title='bbox 1424 1217 1527 1256; x_wconf 87' lang='lat' dir='ltr'>Diris</span> <span class='ocrx_word' id='word_1_16' title='bbox 1558 1219 1690 1267; x_wconf 81' lang='lat' dir='ltr'>fuerit,</span> <span class='ocrx_word' id='word_1_17' title='bbox 1723 1219 1761 1257; x_wconf 87' lang='lat' dir='ltr'>et</span> <span class='ocrx_word' id='word_1_18' title='bbox 1793 1217 1841 1256; x_wconf 85' lang='lat' dir='ltr'>de</span> 
     </span>
     <span class='ocr_line' id='line_1_6' title="bbox 199 1285 1843 1342; baseline -0.003 -12"><span class='ocrx_word' id='word_1_19' title='bbox 199 1291 322 1342; x_wconf 76' lang='lat' dir='ltr'>Lydia</span> <span class='ocrx_word' id='word_1_20' title='bbox 353 1290 472 1339; x_wconf 83' lang='lat' dir='ltr'>libro,</span> <span class='ocrx_word' id='word_1_21' title='bbox 513 1301 619 1341; x_wconf 89' lang='lat' dir='ltr'>quem</span> <span class='ocrx_word' id='word_1_22' title='bbox 651 1288 782 1326; x_wconf 89' lang='lat' dir='ltr'>librum</span> <span class='ocrx_word' id='word_1_23' title='bbox 812 1289 907 1328; x_wconf 88' lang='lat' dir='ltr'>Cato</span> <span class='ocrx_word' id='word_1_24' title='bbox 938 1291 1025 1327; x_wconf 89' lang='lat' dir='ltr'>ante</span> <span class='ocrx_word' id='word_1_25' title='bbox 1057 1288 1170 1326; x_wconf 86' lang='lat' dir='ltr'>Diras</span> <span class='ocrx_word' id='word_1_26' title='bbox 1202 1287 1378 1337; x_wconf 75' lang='lat' dir='ltr'>scripsit,</span> <span class='ocrx_word' id='word_1_27' title='bbox 1417 1298 1569 1336; x_wconf 83' lang='lat' dir='ltr'>expono</span> <span class='ocrx_word' id='word_1_28' title='bbox 1602 1285 1707 1324; x_wconf 87' lang='lat' dir='ltr'>Diss.</span> <span class='ocrx_word' id='word_1_29' title='bbox 1740 1285 1771 1324; x_wconf 91' lang='grc' dir='ltr'>Ι.</span> <span class='ocrx_word' id='word_1_30' title='bbox 1804 1288 1843 1325; x_wconf 90' lang='lat' dir='ltr'>et</span> 
     </span>
     <span class='ocr_line' id='line_1_7' title="bbox 200 1353 1843 1412; baseline -0.005 -13"><span class='ocrx_word' id='word_1_31' title='bbox 200 1361 250 1400; x_wconf 89' lang='lat'>11.</span> <span class='ocrx_word' id='word_1_32' title='bbox 302 1359 467 1412; x_wconf 80' lang='lat' dir='ltr'><strong>Quaerat</strong></span> <span class='ocrx_word' id='word_1_33' title='bbox 503 1357 660 1409; x_wconf 89' lang='lat' dir='ltr'>aliquis,</span> <span class='ocrx_word' id='word_1_34' title='bbox 702 1369 747 1395; x_wconf 88' lang='lat' dir='ltr'>an</span> <span class='ocrx_word' id='word_1_35' title='bbox 785 1357 834 1395; x_wconf 90' lang='lat' dir='ltr'>sit</span> <span class='ocrx_word' id='word_1_36' title='bbox 873 1369 1019 1395; x_wconf 84' lang='lat' dir='ltr'>carmen</span> <span class='ocrx_word' id='word_1_37' title='bbox 1060 1358 1271 1405; x_wconf 83' lang='lat' dir='ltr'>integrum:</span> <span class='ocrx_word' id='word_1_38' title='bbox 1315 1355 1360 1392; x_wconf 91' lang='lat' dir='ltr'>de</span> <span class='ocrx_word' id='word_1_39' title='bbox 1399 1355 1502 1392; x_wconf 87' lang='lat' dir='ltr'>initio</span> <span class='ocrx_word' id='word_1_40' title='bbox 1542 1353 1685 1406; x_wconf 88' lang='lat' dir='ltr'>loquor.</span> <span class='ocrx_word' id='word_1_41' title='bbox 1749 1353 1843 1392; x_wconf 86' lang='lat' dir='ltr'>Nam</span> 
     </span>
     <span class='ocr_line' id='line_1_8' title="bbox 202 1421 1845 1480; baseline -0.004 -13"><span class='ocrx_word' id='word_1_42' title='bbox 202 1442 294 1469; x_wconf 87' lang='lat' dir='ltr'>sane</span> <span class='ocrx_word' id='word_1_43' title='bbox 327 1441 434 1480; x_wconf 88' lang='lat' dir='ltr'>quum</span> <span class='ocrx_word' id='word_1_44' title='bbox 466 1426 554 1465; x_wconf 92' lang='lat' dir='ltr'>illud</span> <span class='ocrx_word' id='word_1_45' title='bbox 588 1426 889 1475; x_wconf 80' lang='lat' dir='ltr'>coniungebatur</span> <span class='ocrx_word' id='word_1_46' title='bbox 920 1438 998 1464; x_wconf 89' lang='lat' dir='ltr'>eum</span> <span class='ocrx_word' id='word_1_47' title='bbox 1021 1426 1144 1472; x_wconf 80' lang='lat' dir='ltr'>Diris,</span> <span class='ocrx_word' id='word_1_48' title='bbox 1178 1424 1257 1463; x_wconf 83' lang='lat' dir='ltr'>fieri</span> <span class='ocrx_word' id='word_1_49' title='bbox 1288 1424 1433 1474; x_wconf 80' lang='lat' dir='ltr'>potuit,</span> <span class='ocrx_word' id='word_1_50' title='bbox 1465 1426 1504 1462; x_wconf 89' lang='lat' dir='ltr'>ut</span> <span class='ocrx_word' id='word_1_51' title='bbox 1534 1434 1672 1461; x_wconf 88' lang='lat' dir='ltr'>versus</span> <span class='ocrx_word' id='word_1_52' title='bbox 1703 1421 1845 1474; x_wconf 78' lang='lat' dir='ltr'>aliquot</span> 
     </span>
     <span class='ocr_line' id='line_1_9' title="bbox 203 1491 1844 1544; baseline -0.005 -8"><span class='ocrx_word' id='word_1_53' title='bbox 203 1499 475 1536; x_wconf 85' lang='lat' dir='ltr'>omitterentur.</span> <span class='ocrx_word' id='word_1_54' title='bbox 538 1495 613 1535; x_wconf 86' lang='lat' dir='ltr'>Sed</span> <span class='ocrx_word' id='word_1_55' title='bbox 655 1496 841 1544; x_wconf 86' lang='lat' dir='ltr'>integrum</span> <span class='ocrx_word' id='word_1_56' title='bbox 882 1498 942 1533; x_wconf 88' lang='lat' dir='ltr'>est</span> <span class='ocrx_word' id='word_1_57' title='bbox 982 1494 1077 1532; x_wconf 84' lang='lat' dir='ltr'>haud</span> <span class='ocrx_word' id='word_1_58' title='bbox 1118 1494 1244 1532; x_wconf 86' lang='lat' dir='ltr'>dubie.</span> <span class='ocrx_word' id='word_1_59' title='bbox 1311 1491 1528 1531; x_wconf 81' lang='lat' dir='ltr'>Tenendum</span> <span class='ocrx_word' id='word_1_60' title='bbox 1569 1494 1647 1541; x_wconf 84' lang='lat' dir='ltr'>est,</span> <span class='ocrx_word' id='word_1_61' title='bbox 1695 1493 1844 1542; x_wconf 86' lang='lat' dir='ltr'>poetam</span> 
     </span>
     <span class='ocr_line' id='line_1_10' title="bbox 202 1559 1845 1614; baseline -0.004 -10"><span class='ocrx_word' id='word_1_62' title='bbox 202 1568 403 1614; x_wconf 81' lang='lat' dir='ltr'>iuvenem,</span> <span class='ocrx_word' id='word_1_63' title='bbox 444 1567 667 1613; x_wconf 76' lang='lat' dir='ltr'>amatorem,</span> <span class='ocrx_word' id='word_1_64' title='bbox 707 1563 840 1601; x_wconf 89' lang='lat' dir='ltr'>morari</span> <span class='ocrx_word' id='word_1_65' title='bbox 877 1562 1017 1601; x_wconf 79' lang='lat' dir='ltr'>alieubi</span> <span class='ocrx_word' id='word_1_66' title='bbox 1061 1562 1261 1600; x_wconf 84' lang='lat' dir='ltr'>distentum</span> <span class='ocrx_word' id='word_1_67' title='bbox 1302 1559 1637 1611; x_wconf 46' lang='lat' dir='ltr'>occupationihuffi</span> <span class='ocrx_word' id='word_1_68' title='bbox 1679 1560 1845 1598; x_wconf 86' lang='lat' dir='ltr'>fortasse</span> 
     </span>
     <span class='ocr_line' id='line_1_11' title="bbox 203 1626 1844 1685; baseline -0.005 -12"><span class='ocrx_word' id='word_1_69' title='bbox 203 1634 376 1674; x_wconf 87' lang='lat' dir='ltr'>Romae:</span> <span class='ocrx_word' id='word_1_70' title='bbox 409 1633 613 1685; x_wconf 78' lang='lat' dir='ltr'>reliquerat</span> <span class='ocrx_word' id='word_1_71' title='bbox 643 1644 773 1681; x_wconf 80' lang='lat' dir='ltr'>agrum</span> <span class='ocrx_word' id='word_1_72' title='bbox 805 1644 931 1681; x_wconf 82' lang='lat' dir='ltr'>suum,</span> <span class='ocrx_word' id='word_1_73' title='bbox 965 1631 1077 1684; x_wconf 88' lang='lat' dir='ltr'>inque</span> <span class='ocrx_word' id='word_1_74' title='bbox 1109 1643 1153 1669; x_wconf 87' lang='lat' dir='ltr'>eo</span> <span class='ocrx_word' id='word_1_75' title='bbox 1184 1630 1354 1680; x_wconf 82' lang='lat' dir='ltr'>Lydiam.</span> <span class='ocrx_word' id='word_1_76' title='bbox 1416 1628 1505 1667; x_wconf 77' lang='lat' dir='ltr'>Eam</span> <span class='ocrx_word' id='word_1_77' title='bbox 1545 1629 1693 1679; x_wconf 81' lang='lat' dir='ltr'>expetit</span> <span class='ocrx_word' id='word_1_78' title='bbox 1722 1626 1844 1666; x_wconf 86' lang='lat' dir='ltr'>vehe-</span> 
     </span>
     <span class='ocr_line' id='line_1_12' title="bbox 201 1703 441 1742; baseline -0.004 0"><span class='ocrx_word' id='word_1_79' title='bbox 201 1703 441 1742; x_wconf 86' lang='lat' dir='ltr'>mentissime.</span> 
     </span>
     <span class='ocr_line' id='line_1_13' title="bbox 288 1765 1844 1823; baseline -0.004 -14"><span class='ocrx_word' id='word_1_80' title='bbox 288 1771 329 1810; x_wconf 91' lang='lat' dir='ltr'>In</span> <span class='ocrx_word' id='word_1_81' title='bbox 351 1771 534 1823; x_wconf 80' lang='lat' dir='ltr'>principio</span> <span class='ocrx_word' id='word_1_82' title='bbox 557 1770 730 1808; x_wconf 81' lang='lat' dir='ltr'>carminis</span> <span class='ocrx_word' id='word_1_83' title='bbox 757 1769 987 1808; x_wconf 89' lang='lat' dir='ltr'>observandi</span> <span class='ocrx_word' id='word_1_84' title='bbox 1009 1770 1095 1807; x_wconf 88' lang='lat' dir='ltr'>sunt</span> <span class='ocrx_word' id='word_1_85' title='bbox 1121 1779 1256 1806; x_wconf 89' lang='lat' dir='ltr'>versus</span> <span class='ocrx_word' id='word_1_86' title='bbox 1281 1765 1525 1805; x_wconf 82' lang='lat' dir='ltr'>intercalares</span> <span class='ocrx_word' id='word_1_87' title='bbox 1548 1768 1641 1815; x_wconf 84' lang='lat' dir='ltr'>tres,</span> <span class='ocrx_word' id='word_1_88' title='bbox 1664 1768 1697 1803; x_wconf 92' lang='lat' dir='ltr'>l.</span> <span class='ocrx_word' id='word_1_89' title='bbox 1719 1768 1758 1805; x_wconf 77' lang='lat'>8.</span> <span class='ocrx_word' id='word_1_90' title='bbox 1777 1768 1844 1803; x_wconf 89' lang='grc'>20.</span> 
     </span>
    </p>

    <p class='ocr_par' dir='ltr' id='par_1_6' title="bbox 544 1839 1463 1890">
     <span class='ocr_line' id='line_1_14' title="bbox 544 1839 1463 1890; baseline -0.005 -13"><span class='ocrx_word' id='word_1_91' title='bbox 544 1839 710 1877; x_wconf 75' lang='lat' dir='ltr'>Invideo</span> <span class='ocrx_word' id='word_1_92' title='bbox 742 1839 855 1878; x_wconf 78' lang='lat' dir='ltr'>vobis</span> <span class='ocrx_word' id='word_1_93' title='bbox 889 1840 1005 1890; x_wconf 70' lang='lat' dir='ltr'>ayrz‘,</span> <span class='ocrx_word' id='word_1_94' title='bbox 1037 1839 1297 1890; x_wconf 72' lang='lat' dir='ltr'>formosaque</span> <span class='ocrx_word' id='word_1_95' title='bbox 1324 1842 1463 1888; x_wconf 80' lang='lat' dir='ltr'>prata.</span> 
     </span>
    </p>

    <p class='ocr_par' dir='ltr' id='par_1_7' title="bbox 545 1907 1399 1959">
     <span class='ocr_line' id='line_1_15' title="bbox 545 1907 1399 1959; baseline -0.007 -12"><span class='ocrx_word' id='word_1_96' title='bbox 545 1908 711 1947; x_wconf 75' lang='lat' dir='ltr'>Invideo</span> <span class='ocrx_word' id='word_1_97' title='bbox 743 1907 856 1947; x_wconf 81' lang='lat' dir='ltr'>vobis</span> <span class='ocrx_word' id='word_1_98' title='bbox 890 1909 1013 1959; x_wconf 72' lang='lat' dir='ltr'>ayri:</span> <span class='ocrx_word' id='word_1_99' title='bbox 1049 1907 1218 1946; x_wconf 80' lang='lat' dir='ltr'>diseelis</span> <span class='ocrx_word' id='word_1_100' title='bbox 1252 1917 1399 1943; x_wconf 82' lang='lat' dir='ltr'>amare.</span> 
     </span>
    </p>

    <p class='ocr_par' dir='ltr' id='par_1_8' title="bbox 203 1971 1847 2303">
     <span class='ocr_line' id='line_1_16' title="bbox 545 1971 1518 2028; baseline -0.006 -13"><span class='ocrx_word' id='word_1_101' title='bbox 545 1976 710 2016; x_wconf 77' lang='lat' dir='ltr'>Invideo</span> <span class='ocrx_word' id='word_1_102' title='bbox 742 1976 856 2016; x_wconf 75' lang='lat' dir='ltr'>vobis</span> <span class='ocrx_word' id='word_1_103' title='bbox 889 1979 1014 2028; x_wconf 72' lang='lat' dir='ltr'>ayrz&#39;:</span> <span class='ocrx_word' id='word_1_104' title='bbox 1046 1988 1131 2014; x_wconf 81' lang='lat' dir='ltr'>mea</span> <span class='ocrx_word' id='word_1_105' title='bbox 1161 1973 1317 2025; x_wconf 72' lang='lat' dir='ltr'>yamlz‘a</span> <span class='ocrx_word' id='word_1_106' title='bbox 1346 1971 1518 2011; x_wconf 77' lang='lat' dir='ltr'>habelis.</span> 
     </span>
     <span class='ocr_line' id='line_1_17' title="bbox 203 2039 1847 2099; baseline -0.005 -14"><span class='ocrx_word' id='word_1_107' title='bbox 203 2046 348 2099; x_wconf 83' lang='lat' dir='ltr'>Quibus</span> <span class='ocrx_word' id='word_1_108' title='bbox 380 2045 558 2084; x_wconf 87' lang='lat' dir='ltr'>versibus</span> <span class='ocrx_word' id='word_1_109' title='bbox 596 2057 692 2096; x_wconf 86' lang='lat' dir='ltr'>quae</span> <span class='ocrx_word' id='word_1_110' title='bbox 731 2045 928 2083; x_wconf 82' lang='lat' dir='ltr'>subiectae</span> <span class='ocrx_word' id='word_1_111' title='bbox 967 2047 1054 2083; x_wconf 90' lang='lat' dir='ltr'>sunt</span> <span class='ocrx_word' id='word_1_112' title='bbox 1095 2046 1224 2094; x_wconf 88' lang='lat' dir='ltr'>partes</span> <span class='ocrx_word' id='word_1_113' title='bbox 1267 2041 1460 2089; x_wconf 80' lang='lat' dir='ltr'>carminis,</span> <span class='ocrx_word' id='word_1_114' title='bbox 1502 2039 1734 2090; x_wconf 87' lang='lat' dir='ltr'>respondent</span> <span class='ocrx_word' id='word_1_115' title='bbox 1772 2039 1847 2077; x_wconf 87' lang='lat' dir='ltr'>sibi</span> 
     </span>
     <span class='ocr_line' id='line_1_18' title="bbox 203 2107 1846 2165; baseline -0.005 -12"><span class='ocrx_word' id='word_1_116' title='bbox 203 2117 302 2154; x_wconf 89' lang='lat' dir='ltr'>inter</span> <span class='ocrx_word' id='word_1_117' title='bbox 333 2127 401 2163; x_wconf 84' lang='lat' dir='ltr'>se,</span> <span class='ocrx_word' id='word_1_118' title='bbox 435 2118 546 2165; x_wconf 88' lang='lat' dir='ltr'>atque</span> <span class='ocrx_word' id='word_1_119' title='bbox 577 2115 612 2151; x_wconf 90' lang='lat' dir='ltr'>in</span> <span class='ocrx_word' id='word_1_120' title='bbox 645 2116 863 2162; x_wconf 78' lang='lat' dir='ltr'>argumento</span> <span class='ocrx_word' id='word_1_121' title='bbox 894 2116 1094 2151; x_wconf 83' lang='lat' dir='ltr'>versantur</span> <span class='ocrx_word' id='word_1_122' title='bbox 1125 2123 1256 2150; x_wconf 88' lang='lat' dir='ltr'>omnes</span> <span class='ocrx_word' id='word_1_123' title='bbox 1289 2110 1440 2158; x_wconf 86' lang='lat' dir='ltr'>eodem,</span> <span class='ocrx_word' id='word_1_124' title='bbox 1473 2108 1540 2147; x_wconf 90' lang='lat' dir='ltr'>sed</span> <span class='ocrx_word' id='word_1_125' title='bbox 1567 2109 1640 2157; x_wconf 82' lang='lat' dir='ltr'>ita,</span> <span class='ocrx_word' id='word_1_126' title='bbox 1673 2111 1712 2147; x_wconf 84' lang='lat' dir='ltr'>ut</span> <span class='ocrx_word' id='word_1_127' title='bbox 1738 2107 1846 2160; x_wconf 85' lang='lat' dir='ltr'>quasi</span> 
     </span>
     <span class='ocr_line' id='line_1_19' title="bbox 204 2175 1846 2233; baseline -0.005 -11"><span class='ocrx_word' id='word_1_128' title='bbox 204 2186 435 2222; x_wconf 83' lang='lat' dir='ltr'>crescentem</span> <span class='ocrx_word' id='word_1_129' title='bbox 469 2183 662 2221; x_wconf 77' lang='lat' dir='ltr'>videmnus</span> <span class='ocrx_word' id='word_1_130' title='bbox 698 2181 862 2220; x_wconf 91' lang='lat' dir='ltr'>dolorem</span> <span class='ocrx_word' id='word_1_131' title='bbox 902 2184 1070 2232; x_wconf 86' lang='lat' dir='ltr'>poetae:</span> <span class='ocrx_word' id='word_1_132' title='bbox 1112 2179 1287 2233; x_wconf 78' lang='lat' dir='ltr'>querelae</span> <span class='ocrx_word' id='word_1_133' title='bbox 1327 2178 1421 2217; x_wconf 88' lang='lat' dir='ltr'>enim</span> <span class='ocrx_word' id='word_1_134' title='bbox 1460 2176 1652 2228; x_wconf 86' lang='lat' dir='ltr'>paullatim</span> <span class='ocrx_word' id='word_1_135' title='bbox 1690 2175 1846 2226; x_wconf 85' lang='lat' dir='ltr'>longius</span> 
     </span>
     <span class='ocr_line' id='line_1_20' title="bbox 203 2251 740 2303; baseline -0.004 -13"><span class='ocrx_word' id='word_1_136' title='bbox 203 2251 435 2303; x_wconf 86' lang='lat' dir='ltr'>longiusque</span> <span class='ocrx_word' id='word_1_137' title='bbox 467 2252 740 2301; x_wconf 87' lang='lat' dir='ltr'>exspatiantur.</span> 
     </span>
    </p>
   </div>
   <div class='ocr_carea' id='block_1_6' title="bbox 207 2384 1847 2508">
    <p class='ocr_par' dir='ltr' id='par_1_9' title="bbox 207 2384 1847 2508">
     <span class='ocr_line' id='line_1_21' title="bbox 289 2384 1847 2437; baseline -0.005 -10"><span class='ocrx_word' id='word_1_138' title='bbox 289 2388 339 2427; x_wconf 91' lang='lat' dir='ltr'>V.</span> <span class='ocrx_word' id='word_1_139' title='bbox 362 2392 398 2427; x_wconf 89' lang='lat'>1.</span> <span class='ocrx_word' id='word_1_140' title='bbox 424 2387 559 2437; x_wconf 77' lang='lat'>(104.)</span> <span class='ocrx_word' id='word_1_141' title='bbox 621 2396 814 2430; x_wconf 85' lang='lat' dir='ltr'>lNVIDEO</span> <span class='ocrx_word' id='word_1_142' title='bbox 844 2396 982 2430; x_wconf 74' lang='lat' dir='ltr'>vonis</span> <span class='ocrx_word' id='word_1_143' title='bbox 1010 2395 1143 2435; x_wconf 70' lang='lat' dir='ltr'>Aeni,</span> <span class='ocrx_word' id='word_1_144' title='bbox 1175 2391 1493 2434; x_wconf 73' lang='lat' dir='ltr'>roRMoSAQUE</span> <span class='ocrx_word' id='word_1_145' title='bbox 1519 2391 1687 2425; x_wconf 82' lang='lat' dir='ltr'><strong>PRATA.</strong></span> <span class='ocrx_word' id='word_1_146' title='bbox 1757 2384 1847 2434; x_wconf 70' lang='lat' dir='ltr'>ayn·</span> 
     </span>
     <span class='ocr_line' id='line_1_22' title="bbox 207 2454 1142 2508; baseline -0.006 -11"><span class='ocrx_word' id='word_1_147' title='bbox 207 2459 337 2498; x_wconf 85' lang='lat' dir='ltr'>omiss.</span> <span class='ocrx_word' id='word_1_148' title='bbox 370 2458 405 2495; x_wconf 92' lang='lat' dir='ltr'>in</span> <span class='ocrx_word' id='word_1_149' title='bbox 437 2456 596 2495; x_wconf 81' lang='lat' dir='ltr'>Vratisl.</span> <span class='ocrx_word' id='word_1_150' title='bbox 630 2456 660 2495; x_wconf 87' lang='lat' dir='ltr'>l.</span> <span class='ocrx_word' id='word_1_151' title='bbox 721 2459 836 2508; x_wconf 73' lang='lat' dir='ltr'>(lyris</span> <span class='ocrx_word' id='word_1_152' title='bbox 868 2456 968 2496; x_wconf 89' lang='lat' dir='ltr'>Ven.</span> <span class='ocrx_word' id='word_1_153' title='bbox 1001 2454 1142 2494; x_wconf 78' lang='lat' dir='ltr'>Achat.</span> 
     </span>
    </p>
   </div>
   <div class='ocr_carea' id='block_1_7' title="bbox 207 2594 1846 3057">
    <p class='ocr_par' dir='ltr' id='par_1_10' title="bbox 207 2594 1846 3057">
     <span class='ocr_line' id='line_1_23' title="bbox 292 2594 1843 2642; baseline -0.004 -8"><span class='ocrx_word' id='word_1_154' title='bbox 292 2595 342 2634; x_wconf 88' lang='lat' dir='ltr'>V.</span> <span class='ocrx_word' id='word_1_155' title='bbox 358 2599 395 2633; x_wconf 83' lang='lat'>2.</span> <span class='ocrx_word' id='word_1_156' title='bbox 412 2594 650 2642; x_wconf 83' lang='lat'>3.(105.6.)</span> <span class='ocrx_word' id='word_1_157' title='bbox 684 2602 775 2636; x_wconf 83' lang='lat' dir='ltr'>Hoc</span> <span class='ocrx_word' id='word_1_158' title='bbox 800 2601 1024 2635; x_wconf 80' lang='lat' dir='ltr'><strong>FORMOSA</strong></span> <span class='ocrx_word' id='word_1_159' title='bbox 1049 2599 1219 2639; x_wconf 79' lang='lat' dir='ltr'><strong>MAGIS,</strong></span> <span class='ocrx_word' id='word_1_160' title='bbox 1245 2598 1346 2632; x_wconf 87' lang='grc' dir='ltr'>ΜΕΑ</span> <span class='ocrx_word' id='word_1_161' title='bbox 1371 2598 1496 2640; x_wconf 83' lang='lat' dir='ltr'>QUOD</span> <span class='ocrx_word' id='word_1_162' title='bbox 1518 2599 1556 2631; x_wconf 80' lang='lat' dir='ltr'>F.</span> <span class='ocrx_word' id='word_1_163' title='bbox 1577 2596 1761 2631; x_wconf 86' lang='lat' dir='ltr'><strong>PUELLA</strong></span> <span class='ocrx_word' id='word_1_164' title='bbox 1776 2598 1843 2629; x_wconf 80' lang='lat' dir='ltr'>etc.</span> 
     </span>
     <span class='ocr_line' id='line_1_24' title="bbox 207 2655 1844 2713; baseline -0.007 -9"><span class='ocrx_word' id='word_1_165' title='bbox 207 2666 314 2705; x_wconf 79' lang='lat' dir='ltr'>Haec</span> <span class='ocrx_word' id='word_1_166' title='bbox 358 2676 448 2702; x_wconf 90' lang='lat' dir='ltr'>vera</span> <span class='ocrx_word' id='word_1_167' title='bbox 488 2666 548 2702; x_wconf 85' lang='lat' dir='ltr'>est</span> <span class='ocrx_word' id='word_1_168' title='bbox 586 2663 773 2713; x_wconf 86' lang='lat' dir='ltr'>scriptura</span> <span class='ocrx_word' id='word_1_169' title='bbox 812 2673 856 2700; x_wconf 89' lang='lat' dir='ltr'>ac</span> <span class='ocrx_word' id='word_1_170' title='bbox 895 2660 1113 2700; x_wconf 86' lang='lat' dir='ltr'>distinctio:</span> <span class='ocrx_word' id='word_1_171' title='bbox 1158 2657 1291 2708; x_wconf 77' lang='lat' dir='ltr'>colon,</span> <span class='ocrx_word' id='word_1_172' title='bbox 1330 2661 1420 2709; x_wconf 90' lang='lat' dir='ltr'>post</span> <span class='ocrx_word' id='word_1_173' title='bbox 1456 2657 1573 2696; x_wconf 74' lang='lat' dir='ltr'>vobis</span> <span class='ocrx_word' id='word_1_174' title='bbox 1615 2660 1654 2695; x_wconf 90' lang='lat' dir='ltr'>ut</span> <span class='ocrx_word' id='word_1_175' title='bbox 1692 2656 1729 2694; x_wconf 89' lang='lat' dir='ltr'>in</span> <span class='ocrx_word' id='word_1_176' title='bbox 1761 2655 1844 2695; x_wconf 90' lang='lat' dir='ltr'>Ro-</span> 
     </span>
     <span class='ocr_line' id='line_1_25' title="bbox 207 2723 1845 2781; baseline -0.006 -9"><span class='ocrx_word' id='word_1_177' title='bbox 207 2734 347 2781; x_wconf 64' lang='lat' dir='ltr'>manis,</span> <span class='ocrx_word' id='word_1_178' title='bbox 380 2732 529 2771; x_wconf 87' lang='lat' dir='ltr'>Veneta</span> <span class='ocrx_word' id='word_1_179' title='bbox 561 2730 748 2778; x_wconf 80' lang='lat' dir='ltr'>Achatis‚</span> <span class='ocrx_word' id='word_1_180' title='bbox 779 2731 886 2780; x_wconf 80' lang='lat' dir='ltr'>aliis3</span> <span class='ocrx_word' id='word_1_181' title='bbox 918 2729 981 2768; x_wconf 91' lang='lat' dir='ltr'>vel</span> <span class='ocrx_word' id='word_1_182' title='bbox 1012 2730 1208 2779; x_wconf 83' lang='lat' dir='ltr'>punctum,</span> <span class='ocrx_word' id='word_1_183' title='bbox 1242 2729 1280 2766; x_wconf 89' lang='lat' dir='ltr'>ut</span> <span class='ocrx_word' id='word_1_184' title='bbox 1310 2728 1344 2765; x_wconf 94' lang='lat' dir='ltr'>in</span> <span class='ocrx_word' id='word_1_185' title='bbox 1366 2726 1525 2766; x_wconf 85' lang='lat' dir='ltr'>Venetis</span> <span class='ocrx_word' id='word_1_186' title='bbox 1548 2725 1670 2764; x_wconf 90' lang='lat' dir='ltr'>Ruhei</span> <span class='ocrx_word' id='word_1_187' title='bbox 1694 2727 1732 2763; x_wconf 89' lang='lat' dir='ltr'>et</span> <span class='ocrx_word' id='word_1_188' title='bbox 1756 2723 1845 2762; x_wconf 88' lang='lat' dir='ltr'>Ien-</span> 
     </span>
     <span class='ocr_line' id='line_1_26' title="bbox 208 2792 1843 2851; baseline -0.006 -11"><span class='ocrx_word' id='word_1_189' title='bbox 208 2803 303 2840; x_wconf 82' lang='lat' dir='ltr'>soni.</span> <span class='ocrx_word' id='word_1_190' title='bbox 364 2801 406 2840; x_wconf 88' lang='lat' dir='ltr'>ln</span> <span class='ocrx_word' id='word_1_191' title='bbox 437 2800 578 2839; x_wconf 87' lang='lat' dir='ltr'>Aldina</span> <span class='ocrx_word' id='word_1_192' title='bbox 609 2801 640 2838; x_wconf 86' lang='lat'>1.</span> <span class='ocrx_word' id='word_1_193' title='bbox 682 2803 795 2851; x_wconf 88' lang='lat' dir='ltr'>atque</span> <span class='ocrx_word' id='word_1_194' title='bbox 834 2799 919 2836; x_wconf 91' lang='lat' dir='ltr'>inde</span> <span class='ocrx_word' id='word_1_195' title='bbox 959 2798 994 2835; x_wconf 93' lang='lat' dir='ltr'>in</span> <span class='ocrx_word' id='word_1_196' title='bbox 1034 2797 1198 2836; x_wconf 73' lang='lat' dir='ltr'>Venetis</span> <span class='ocrx_word' id='word_1_197' title='bbox 1238 2796 1334 2835; x_wconf 91' lang='lat' dir='ltr'>lunt.</span> <span class='ocrx_word' id='word_1_198' title='bbox 1371 2799 1491 2835; x_wconf 74' lang='lat'><strong>1544.</strong></span> <span class='ocrx_word' id='word_1_199' title='bbox 1535 2792 1680 2833; x_wconf 81' lang='lat' dir='ltr'>Bonell.</span> <span class='ocrx_word' id='word_1_200' title='bbox 1722 2796 1843 2832; x_wconf 79' lang='lat'>1558.</span> 
     </span>
     <span class='ocr_line' id='line_1_27' title="bbox 208 2861 1846 2919; baseline -0.005 -10"><span class='ocrx_word' id='word_1_201' title='bbox 208 2870 327 2909; x_wconf 77' lang='lat' dir='ltr'>Basil.</span> <span class='ocrx_word' id='word_1_202' title='bbox 360 2870 408 2909; x_wconf 90' lang='lat' dir='ltr'>H.</span> <span class='ocrx_word' id='word_1_203' title='bbox 440 2869 485 2908; x_wconf 89' lang='lat' dir='ltr'>P.</span> <span class='ocrx_word' id='word_1_204' title='bbox 524 2872 641 2907; x_wconf 85' lang='lat'>1561.</span> <span class='ocrx_word' id='word_1_205' title='bbox 674 2867 789 2907; x_wconf 87' lang='lat' dir='ltr'>male:</span> <span class='ocrx_word' id='word_1_206' title='bbox 832 2867 993 2919; x_wconf 80' lang='lat' dir='ltr'>puella,</span> <span class='ocrx_word' id='word_1_207' title='bbox 1036 2866 1093 2904; x_wconf 85' lang='lat' dir='ltr'>Et</span> <span class='ocrx_word' id='word_1_208' title='bbox 1131 2864 1247 2904; x_wconf 77' lang='lat' dir='ltr'>vobis</span> <span class='ocrx_word' id='word_1_209' title='bbox 1287 2867 1410 2904; x_wconf 78' lang='lat' dir='ltr'>tacite</span> <span class='ocrx_word' id='word_1_210' title='bbox 1446 2871 1621 2904; x_wconf 80' lang='lat' dir='ltr'>nostrum</span> <span class='ocrx_word' id='word_1_211' title='bbox 1661 2863 1735 2901; x_wconf 84' lang='lat' dir='ltr'>etc.</span> <span class='ocrx_word' id='word_1_212' title='bbox 1796 2861 1846 2900; x_wconf 87' lang='lat' dir='ltr'>Et</span> 
     </span>
     <span class='ocr_line' id='line_1_28' title="bbox 209 2930 1845 2989; baseline -0.004 -13"><span class='ocrx_word' id='word_1_213' title='bbox 209 2938 343 2977; x_wconf 85' lang='lat' dir='ltr'>Douza</span> <span class='ocrx_word' id='word_1_214' title='bbox 373 2939 488 2978; x_wconf 90' lang='lat' dir='ltr'>Pater</span> <span class='ocrx_word' id='word_1_215' title='bbox 518 2949 579 2989; x_wconf 88' lang='lat' dir='ltr'>ap.</span> <span class='ocrx_word' id='word_1_216' title='bbox 611 2934 890 2976; x_wconf 85' lang='lat' dir='ltr'>Lindenbrueh.</span> <span class='ocrx_word' id='word_1_217' title='bbox 923 2933 1174 2974; x_wconf 86' lang='lat' dir='ltr'>eoniieiehat:</span> <span class='ocrx_word' id='word_1_218' title='bbox 1221 2947 1305 2973; x_wconf 85' lang='lat' dir='ltr'>mea</span> <span class='ocrx_word' id='word_1_219' title='bbox 1345 2932 1450 2988; x_wconf 78' lang='lat' dir='ltr'>quod</span> <span class='ocrx_word' id='word_1_220' title='bbox 1487 2933 1666 2984; x_wconf 80' lang='lat' dir='ltr'>formosa</span> <span class='ocrx_word' id='word_1_221' title='bbox 1702 2930 1845 2982; x_wconf 80' lang='lat' dir='ltr'>puella</span> 
     </span>
     <span class='ocr_line' id='line_1_29' title="bbox 210 2998 1844 3057; baseline -0.006 -10"><span class='ocrx_word' id='word_1_222' title='bbox 210 3013 274 3047; x_wconf 84' lang='lat' dir='ltr'>est</span> <span class='ocrx_word' id='word_1_223' title='bbox 310 3007 542 3057; x_wconf 80' lang='lat' dir='ltr'>Vobiscum,</span> <span class='ocrx_word' id='word_1_224' title='bbox 574 3012 612 3047; x_wconf 86' lang='lat' dir='ltr'>et</span> <span class='ocrx_word' id='word_1_225' title='bbox 640 3009 765 3046; x_wconf 79' lang='lat' dir='ltr'>tacite</span> <span class='ocrx_word' id='word_1_226' title='bbox 794 3010 970 3045; x_wconf 84' lang='lat' dir='ltr'>nostrum</span> <span class='ocrx_word' id='word_1_227' title='bbox 1001 3004 1075 3043; x_wconf 84' lang='lat' dir='ltr'>etc.</span> <span class='ocrx_word' id='word_1_228' title='bbox 1136 3002 1348 3043; x_wconf 85' lang='lat' dir='ltr'>Offensioni</span> <span class='ocrx_word' id='word_1_229' title='bbox 1379 3003 1481 3051; x_wconf 83' lang='lat' dir='ltr'>erat,</span> <span class='ocrx_word' id='word_1_230' title='bbox 1512 2999 1585 3039; x_wconf 86' lang='lat' dir='ltr'>nisi</span> <span class='ocrx_word' id='word_1_231' title='bbox 1615 2998 1738 3051; x_wconf 89' lang='lat' dir='ltr'>fallor,</span> <span class='ocrx_word' id='word_1_232' title='bbox 1770 3011 1844 3038; x_wconf 88' lang='lat' dir='ltr'>non</span> 
     </span>
    </p>
   </div>
  </div>
 </body>
</html>
