2006 3365
605 142 868 184 RECENSIO
903 142 1192 183 LIBRORUM.
1631 147 1731 189 37⁴5

98 272 146 297 ex
179 259 267 297 edit.
302 259 391 297 Ald.
425 259 522 297 aliae
554 272 604 299 ex
635 261 801 300 editione
831 257 1012 297 Pithoei:
1045 270 1094 296 ex
1125 258 1214 298 MS.
1248 258 1361 308 nihil,
1394 261 1652 308 praeterquam
1684 259 1729 296 ad

97 329 255 366 carmina
286 327 426 379 aliquot
466 329 624 373 minora,
671 334 711 369 ut
749 340 840 380 pag.
873 329 938 366 86.
978 327 1022 365 ad
1062 340 1206 366 carmen
1253 328 1543 367 Corinthiorum
1573 333 1729 366 ‹meacm-

97 398 176 435 iste
207 396 441 444 verborum,
485 400 522 435 et
555 410 643 447 pag.
684 400 773 435 140.
814 399 900 435 141.
937 398 1029 433 142.
1101 395 1309 445 Adspersit
1339 397 1447 434 etiam
1479 396 1531 435 Is.
1564 396 1729 435 Vossius

97 465 335 502 coniecturas
368 465 562 503 nonnullas
595 478 703 514 suas,
745 478 837 517 quas
868 465 911 502 ad
946 464 1059 501 Diras
1091 463 1272 515 religiose
1304 467 1618 504 commemoravi:
1659 478 1729 503 una

97 532 166 570 iam
199 535 279 571 erat
309 533 405 582 apud
441 533 706 583 liurmannumg
738 532 832 570 haud
866 532 978 569 dubie
1010 544 1058 569 ex
1091 533 1218 570 eodem
1251 533 1479 584 exemplari,
1512 540 1550 573 ut
1582 548 1631 573 ex
1663 548 1727 574 eo*

96 600 177 638 dem
211 601 439 639 Burmannus
472 602 589 640 Anth.
622 602 703 640 Lat.
737 601 802 638 lib.
833 600 860 638 Ι.
894 615 1008 638 Lxllr.
1043 605 1080 638 9.
1114 601 1359 639 coniecturam
1393 603 1524 641 vossii
1558 606 1730 655 ius-iyni-

97 669 294 708 eolorilms
328 668 460 712 habet,
495 683 614 722 neque
644 670 741 708 aliud
774 668 984 719 exemplar,
1028 672 1139 718 puto,
1178 669 1370 719 significat
1402 670 1520 708 Anth.
1552 672 1632 711 Lat.
1666 673 1730 712 lib.

97 737 146 776 ll.
166 753 300 775 cxcvi.
362 739 540 787 Magnam
573 739 895 788 exspectationem
914 736 1118 784 movebat,
1147 750 1254 788 quum
1279 739 1429 787 priinum
1451 741 1729 790 conspicerem,

98 807 290 857 exemplar
321 808 494 845 editionis
516 807 663 855 Scalig.
696 809 815 845 1627.
849 809 963 844 totum
997 807 1168 844 refertum
1209 807 1537 857 annotationibus,
1578 813 1615 847 et
1652 824 1730 849 ma·-

97 875 196 912 xime
229 875 514 924 collationibus,
535 888 555 913 a
576 888 678 912 manu
694 874 965 923 Oudendorpii.
1028 874 1209 912 Videbam
1241 874 1381 912 laudari
1405 875 1529 915 MSS.
1552 877 1596 915 ad
1620 878 1732 917 Diras

97 943 189 989 duo,
224 943 270 981 V.
313 949 344 981 1.
377 947 414 981 et
445 943 492 981 V.
528 948 564 981 2.
625 947 662 982 et
693 944 747 980 sic
778 942 822 980 ad
855 942 925 980 alia
959 944 1138 992 carmina,
1172 957 1210 980 v.
1244 955 1276 981 c.
1309 944 1353 981 ad
1388 942 1528 995 Copam
1561 950 1732 998 quatuor,

99 1011 146 1049 V.
174 1016 206 1050 l.
232 1017 268 1050 2.
290 1016 328 1051 3.
363 1017 422 1062 4.;
454 1013 497 1050 ad
524 1012 709 1050 Moretum
742 1017 833 1049 tres.
894 1012 988 1050 Mox
1023 1013 1188 1060 cognovi
1223 1012 1310 1050 nihil
1344 1013 1492 1061 inesse,
1527 1015 1623 1066 quod
1657 1028 1729 1055 non

98 1081 227 1119 melius
259 1081 406 1119 discere
437 1080 581 1118 aliunde
622 1093 803 1131 possem:
850 1080 938 1118 nihil
980 1081 1129 1130 repperi
1171 1080 1383 1119 collationis
1414 1094 1535 1134 neque
1567 1085 1600 1121 in
1633 1098 1732 1123 mar-

97 1150 278 1198 ginibus,
319 1161 437 1200 neque
477 1149 512 1187 in
544 1149 696 1187 schedis
728 1162 823 1200 quae
855 1151 886 1186 ei
918 1149 1121 1199 exemplari
1161 1149 1334 1188 adiectae
1371 1155 1481 1199 sunt,
1523 1154 1619 1205 quod
1661 1168 1731 1193 non

98 1231 146 1256 ex
178 1218 273 1268 ipsis
305 1217 440 1267 opibus
474 1217 737 1255 bibliothecae
763 1217 962 1256 Leidensis
994 1217 1162 1257 haustum
1194 1219 1256 1257 sit.
1317 1218 1383 1257 Sic
1413 1221 1536 1259 statim
1568 1235 1661 1274 quas
1686 1224 1732 1262 ad

99 1286 262 1326 Culicem
295 1285 517 1324 collationes
548 1286 753 1336 adscripsit
782 1286 1071 1336 Oudendorpius
1091 1315 1100 1332 ,
1133 1287 1348 1337 descriptae
1379 1292 1465 1327 sunt
1495 1302 1544 1327 ex
1576 1290 1638 1328 illo
1659 1304 1724 1330 ex-

98 1354 218 1405 emplo
252 1354 443 1392 vossiano
476 1355 650 1392 editionis
683 1354 828 1403 Scalig.
869 1356 985 1393 1573.
1049 1355 1108 1393 Ad
1145 1356 1255 1394 Diras
1282 1357 1331 1395 V.
1355 1360 1389 1394 l.
1421 1370 1471 1395 cx
1502 1359 1632 1397 eodem
1658 1373 1731 1398 cx-

99 1422 275 1474 cmplari,
309 1423 368 1461 ille
401 1437 505 1475 quem
536 1422 752 1461 Thuaneum
786 1435 874 1461 esse
905 1424 1269 1474 demonstravimus,
1314 1425 1363 1464 V.
1397 1428 1435 1463 2.
1468 1427 1498 1463 is
1531 1428 1590 1478 qui
1622 1428 1732 1466 nobis

101 1492 314 1530 Vossianus
342 1491 389 1530 ll.
423 1498 495 1530 cst.
558 1492 618 1530 Ad
641 1490 744 1530 Cirin
777 1495 814 1530 et
847 1492 1006 1530 Aetnam
1040 1492 1137 1530 nulla
1170 1493 1318 1532 collatio
1351 1495 1538 1544 codicum,
1570 1497 1635 1535 sed
1663 1510 1732 1535 an-

93 1562 238 1599 notavit
270 1561 578 1611 Oudendorpius,
624 1561 720 1612 quod
753 1562 860 1598 etiam
892 1561 936 1598 ad
970 1561 1085 1600 Diras
1117 1563 1207 1601 facit
1236 1562 1455 1614 aliquoties,
1490 1563 1594 1603 locos
1624 1567 1731 1603 viro-

93 1642 168 1667 rum
208 1630 416 1675 doctorum,
459 1629 606 1668 Nicolai
646 1629 825 1676 Loensis,
871 1629 1034 1679 liarthii,
1076 1629 1123 1668 al.
1186 1630 1247 1668 Ad
1288 1631 1473 1670 Moretum
1506 1633 1567 1684 qui
1599 1635 1732 1672 conse-

92 1701 220 1737 runtur
254 1702 353 1747 tres,
386 1701 472 1737 sunt
502 1697 707 1736 'rhuaneus
739 1697 801 1736 ille
834 1697 987 1746 Vossii,
1033 1698 1247 1737 Vossianus
1278 1699 1329 1738 Il.
1361 1704 1510 1749 noster,
1544 1705 1582 1741 et
1612 1701 1732 1743 Voss.

90 1767 240 1805 membr.
279 1770 346 1805 81.
389 1764 511 1805 Catal.
553 1779 590 1817 p.
627 1770 722 1805 389.
793 1766 854 1805 Ad
903 1765 1076 1818 Copam:
1122 1766 1328 1806 Thuaneus
1367 1782 1415 1807 ex
1456 1769 1520 1808 illo
1559 1770 1732 1821 exemplo

90 1836 246 1884 Vossii,
282 1835 513 1873 petavianus
547 1847 597 1873 ex
629 1835 780 1881 eodem,
825 1835 1038 1873 Vossianus
1073 1835 1123 1874 ll.
1166 1837 1381 1875 Vossianus
1414 1839 1562 1877 membr.
1595 1842 1662 1878 81.
1696 1843 1733 1879 et

91 1903 305 1942 Vossianus
337 1907 403 1942 96.
438 1901 560 1942 Catal.
590 1916 627 1954 p.
661 1907 756 1942 390.
818 1904 1045 1944 Vossianum
1080 1903 1130 1942 11.
1171 1906 1279 1943 etiam
1319 1905 1363 1943 ad
1396 1906 1518 1944 Lusus
1550 1907 1586 1945 in
1620 1908 1732 1946 Pria-

91 1985 204 2023 pum,
237 1978 274 2010 et
305 1971 500 2011 Catalecta
531 1972 722 2021 adhibuit,
761 1984 805 2010 ac
835 1976 1030 2022 practerea
1062 1986 1151 2011 usus
1191 1977 1250 2012 est
1283 1974 1475 2012 vossiano
1507 1978 1574 2014 33.
1609 1975 1731 2015 Catal.

91 2054 128 2091 p.
161 2042 256 2079 379.
290 2044 327 2078 et
357 2043 508 2092 antiquo
539 2040 601 2078 illo
640 2042 771 2079 codice
808 2040 1043 2078 Ausoniano.
1111 2041 1208 2089 pag.
1252 2045 1344 2081 149.
1379 2046 1416 2082 et
1461 2047 1553 2082 150.
1593 2044 1734 2084 diserte

91 2110 286 2147 annotavit
311 2122 320 2146 z
354 2109 462 2147 Mssa·
485 2109 712 2148 Burmmmo
743 2112 802 2147 15.
823 2108 938 2159 Majt
960 2110 1080 2147 1757.
1114 2112 1214 2149 conf.
1237 2111 1434 2150 Burmann.
1457 2113 1502 2150 ad
1524 2125 1591 2151 eos
1610 2113 1730 2164 locos,

92 2176 214 2217 Anth.
247 2178 328 2216 Lat.
363 2177 426 2215 lib.
460 2177 508 2216 ll.
541 2193 663 2215 exem.
697 2181 735 2217 et
766 2193 900 2215 cxfflv.
972 2178 1056 2216 Non
1090 2181 1210 2228 magis
1241 2181 1381 2230 profuit
1413 2181 1456 2218 ad
1487 2181 1602 2220 Diras
1634 2183 1733 2234 quod

91 2246 175 2287 olim
209 2246 318 2284 habui
351 2259 400 2284 ex
421 2246 660 2285 Bibliotheca
678 2246 1014 2298 Guelphcrlu‘tana
1033 2248 1227 2299 exemplar
1243 2249 1419 2288 editionis
1439 2250 1587 2299 Scalig.
1610 2254 1730 2290 1595.

92 2317 150 2355 cui
185 2317 266 2366 ipse
296 2315 392 2353 Frid.
425 2314 752 2353 Lindenbruchius
783 2315 895 2354 multa
925 2316 1143 2367 adscripsit.
1213 2317 1454 2358 Indicaverat
1484 2318 1731 2369 LessingiuS,

92 2384 348 2435 disputatione
379 2396 447 2422 sua
479 2384 524 2422 de
554 2384 833 2434 Epigrannnate
866 2388 903 2422 et
934 2386 1057 2435 poetis
1089 2387 1212 2436 epigr.
1246 2385 1326 2438 (G.
1348 2388 1392 2425 E.
1415 2387 1454 2426 L.
1489 2388 1732 2427 Sannntliche

93 2453 311 2501 Schriften,
343 2453 390 2491 T.
422 2452 452 2491 Ι.
497 2452 622 2492 Berol.
658 2450 841 2503 1371.];
882 2466 978 2492 nunc
1018 2454 1104 2493 illud
1147 2457 1244 2495 inter
1275 2455 1439 2496 Codices
1471 2456 1733 2496 BibIIothecae

93 2521 326 2572 Guelpherb.
359 2522 486 2561 retulit
516 2521 679 2561 Ebertus
711 2535 749 2573 p.
786 2525 878 2562 174.
939 2523 1126 2562 Moretum
1159 2538 1237 2564 cum
1269 2525 1346 2564 Ms.
1379 2525 1543 2565 Florent.
1576 2526 1733 2565 contulit

93 2592 143 2629 ibi
178 2590 522 2640 Limlcnbruchiusg
555 2602 632 2629 cum
665 2591 826 2638 eodem,
867 2592 927 2630 vel
961 2605 1038 2631 cum
1070 2593 1165 2644 alio,
1197 2594 1395 2645 Priapeia,
1428 2597 1466 2633 et
1496 2595 1531 2632 in
1563 2594 1622 2632 his
1647 2595 1731 2647 qui-

93 2660 174 2699 dem
206 2659 282 2698 als.
315 2658 603 2698 Lindenbruehii
643 2662 819 2700 convenit
865 2662 945 2699 fere
986 2674 1063 2700 curn
1102 2663 1288 2701 Mediceis
1326 2663 1423 2714 apud
1466 2664 1730 2713 Burmannum,

93 2730 250 2768 maxime
282 2729 420 2779 primo,
458 2731 495 2767 et
526 2740 603 2766 eum
644 2729 864 2768 Fabriciano
898 2731 1012 2780 primo
1053 2731 1150 2782 apud
1183 2733 1345 2771 eumdem
1378 2733 1633 2771 Burmannum.
1666 2732 1730 2771 Ad

95 2798 259 2838 Culicem
301 2809 438 2849 pauca,
480 2799 518 2835 et
549 2800 684 2836 tantum
716 2799 760 2836 ad
795 2812 930 2838 versus
968 2801 1136 2850 priores,
1179 2801 1385 2852 adscripsit
1424 2814 1473 2840 ex
1503 2802 1580 2840 ΜΞ.
1622 2814 1728 2853 quem

95 2871 294 2916 cognatum
326 2866 444 2904 fuisse
476 2877 554 2903 cum
588 2866 824 2917 Petaviano,
857 2867 1065 2919 Thuaneo,
1097 2870 1348 2918 Augustam,
1382 2869 1499 2908 dicas.
1561 2869 1622 2908 Ad
1656 2869 1735 2907 Di-¹

95 2947 158 2974 ras
189 2935 287 2988 quod
319 2936 433 2975 saciat
463 2932 552 2973 nihil
584 2936 733 2985 praeter
762 2948 827 2984 ea,
873 2949 966 2989 quac·
998 2938 1278 2977 commemoravi
1310 2938 1388 2976 suis
1419 2936 1526 2975 loeis.
