2006 3365
215 114 315 161 186
757 113 1286 158 ANIMADVERSIONES

498 229 661 269 Colchis
690 235 730 269 et
759 231 930 282 iqnotum
960 242 1085 270 nonne
1114 234 1274 283 sequuta
1304 231 1421 271 virum
1451 236 1510 273 cst
1528 230 1547 272 ’Ξ

214 295 287 350 Qui
316 296 423 337 locus
452 297 488 335 in
519 298 678 336 mentem
707 297 794 337 mihi
825 300 983 337 revocat
1014 298 1257 350 Apollonium
1288 299 1359 340 IV.
1394 303 1486 341 745.
1522 307 1560 341 6.

495 361 621 414 ἔρχεο
655 363 744 403 δ’ἐκ
775 364 977 416 μεγάρων
1007 365 1124 419 ξείνῳ
1159 365 1398 419 συνοπηδὸς
1434 368 1589 416 ἐοῦσα,

496 427 637 471 ὅντινα
666 433 819 472 τοῦτον
850 427 998 473 ἄϊστον
1030 433 1176 485 ἀείραο
1207 436 1365 488 πατρὸς
1396 432 1593 477 ἄνευθεν.

212 499 345 540 Circes
383 502 503 541 verba
543 503 588 542 ad
629 503 818 543 Medeam.
884 506 969 546 Vim
1008 506 1165 555 amoris,
1205 509 1243 546 et
1283 510 1388 560 quasi
1432 505 1636 558 ἀνάγκην,
1680 509 1848 560 perbene

212 571 342 608 noster
381 570 548 612 declarat
580 574 877 624 comparatione,
920 578 1027 613 sicut
1058 578 1240 628 captiva.
1301 577 1479 616 Nimirum
1514 590 1618 629 quam
1655 578 1848 617 serviliter

212 650 303 676 suos
342 639 511 680 dominos
550 641 805 694 sequebantur
842 643 880 680 vi
921 645 1075 682 coactae
1117 646 1292 695 captivae
1331 646 1548 693 Brise‘1'des‚
1598 646 1847 695 Tecmessae,

212 705 523 758 Andromachae,
565 712 636 749 tam
677 710 874 750 serviliter
913 711 1054 750 Medea
1092 712 1285 764 Iasonem,
1324 716 1516 766 potentiae
1553 727 1598 753 ac
1628 715 1847 754 necessitati

212 774 270 813 sui
287 777 423 815 amoris
448 777 600 817 cedens.
648 778 734 817 Non
765 779 876 818 alieni
907 781 953 819 al)
987 780 1057 821 hac
1088 794 1128 821 rc
1160 782 1319 833 elegans
1345 783 1506 831 Catulli,
1539 787 1576 822 et
1607 784 1643 822 in
1676 782 1754 823 Ciri
1786 783 1848 822 lo-

213 856 298 895 cus,
332 844 395 883 ubi
416 845 602 895 Ariadne,
636 846 791 898 Scylla,
823 849 855 888 si
880 849 976 888 aliud
1004 863 1074 890 non
1101 851 1227 899 detur,
1261 851 1472 890 lannilarum
1500 853 1572 891 sibi
1606 856 1644 891 et
1673 853 1847 903 captiva-

211 925 289 952 rum
312 926 462 953 munera
477 926 521 953 ac
539 918 678 954 sortem
700 919 897 967 expetunt.
942 919 990 959 Et
1013 921 1071 959 sic
1095 920 1263 960 Ariadne
1279 921 1429 968 Nomii,
1454 920 1616 960 XLVII.
1638 924 1734 961 390.
1763 934 1846 974 seq.

383 980 474 1029 δέξο
506 995 582 1030 με,
618 983 705 1020 σῶν
736 984 901 1032 λεχέων
932 986 1264 1039 θαλαμηπόλου,
1301 982 1350 1039 ἢν
1381 987 1614 1040 ἐθελήσῃς,

382 1048 457 1087 καί
485 1052 674 1102 στορέσω
709 1053 781 1089 σέο
815 1051 991 1106 λέκτρα,
1024 1054 1134 1105 μετὰ
1167 1055 1344 1108 Κρήτην
1375 1057 1677 1107 ,ΖΙΙα()α3ωνι’ς,

384 1111 452 1156 οἷά
482 1133 528 1156 τε
560 1121 811 1170 ληϊοθεῖσα.

211 1188 321 1226 Nunc
352 1187 545 1228 Heinsium
584 1191 749 1241 mireris,
789 1192 850 1244 qni
884 1193 1076 1235 Briseida
1107 1194 1273 1246 intelligi
1305 1208 1326 1235 a
1356 1195 1503 1236 Catone
1535 1196 1714 1247 putabat,
1752 1209 1847 1235 con-

212 1256 303 1294 fisus
345 1257 466 1308 ipsius
496 1258 694 1297 Briseidos
733 1261 832 1311 apud
864 1261 1038 1301 Ovidium
1078 1264 1235 1314 verbis,
1276 1265 1399 1315 Epist.
1438 1264 1509 1303 ΙΙΙ.
1551 1268 1616 1304 69.
1659 1266 1848 1305 Victorem

212 1328 381 1378 captiva
411 1340 585 1381 sequar,
625 1341 700 1368 non
732 1336 857 1382 nupta
894 1334 1087 1372 maritum.
1149 1333 1330 1373 Potuerat
1369 1334 1477 1373 etiam
1509 1333 1592 1373 loeo
1623 1335 1673 1373 uti
1706 1334 1846 1384 altero,

212 1393 337 1445 Epist.
375 1394 466 1434 XX.
498 1395 565 1436 70.
607 1397 653 1436 de
684 1398 857 1438 Hesiona
888 1402 926 1439 et
956 1401 1147 1440 Brise'idi:
1194 1402 1375 1457 Utraque
1415 1405 1603 1442 victorem
1633 1405 1745 1442 victa
1776 1417 1847 1443 se-

213 1470 309 1502 cuta
346 1478 471 1504 suum.
540 1465 678 1505 Verum
725 1466 848 1506 nullus
887 1469 992 1508 iuxta
1029 1470 1224 1510 Ariadnen
1269 1471 1376 1510 locus
1422 1475 1483 1511 est
1523 1472 1706 1521 Briseitli,
1752 1484 1849 1525 quae

214 1532 248 1570 si
278 1533 424 1584 quando
456 1545 581 1573 amare
612 1534 798 1575 Achillem
829 1539 977 1589 coepit,
1009 1539 1045 1578 id
1077 1551 1148 1578 uon
1180 1539 1442 1580 vehementiae
1480 1542 1616 1580 amoris
1647 1541 1852 1580 documen-

213 1602 287 1640 tum
319 1604 409 1652 est3
440 1603 507 1641 sed
545 1605 685 1643 tantum
716 1604 849 1653 docet,
893 1607 1042 1657 puellas
1072 1608 1183 1647 facile
1213 1609 1348 1648 victori
1381 1622 1426 1648 ae
1457 1610 1603 1648 domino
1635 1622 1708 1648 non
1738 1621 1844 1660 pror-

214 1682 281 1708 sus
312 1670 523 1710 inclementi
555 1673 764 1712 assuefieri.
825 1675 874 1714 Et
905 1687 1137 1716 commonere
1164 1677 1360 1717 Heinsium
1391 1678 1503 1728 leges
1528 1678 1734 1717 debuerant
1764 1690 1850 1716 ser-

213 1739 357 1787 monis,
392 1739 571 1792 locusqne
602 1741 733 1780 Ovidii
766 1742 830 1782 ille
862 1745 968 1794 ipse,
1002 1758 1074 1797 quo
1107 1747 1235 1785 utitur.
1295 1747 1442 1786 Briseis
1474 1759 1545 1786 non
1578 1750 1685 1787 sicut
1716 1749 1851 1800 capti-

214 1820 270 1847 va
300 1810 458 1859 sequuta
489 1808 682 1849 Achillem
714 1814 800 1851 cst:
833 1814 902 1852 suit
933 1815 1027 1852 enim
1059 1816 1212 1866 captiva
1243 1828 1284 1855 re
1316 1828 1420 1854 vera.

299 1876 416 1915 Sicut
447 1889 492 1915 eo
524 1878 560 1916 in
591 1879 745 1930 codice,
778 1893 826 1919 ex
859 1894 932 1933 quo
966 1885 1144 1933 expressi
1177 1884 1421 1923 Monacensis
1455 1886 1485 1924 l.
1518 1883 1852 1923 etVratislavien--

214 1945 269 1983 sis
300 1944 358 1994 L,
401 1946 638 1985 obscuratum
669 1950 790 1988 fuisse
829 1950 891 1989 vel
932 1951 1175 2001 negligenter
1213 1954 1415 2004 scriptum,
1456 1954 1657 2004 suspicor:
1697 1965 1777 1992 nam
1816 1955 1852 1992 in

215 2014 374 2053 Vratisl.
407 2014 459 2063 1.‚
492 2029 624 2055 secum
649 2016 812 2069 legitur,
845 2021 881 2058 in
898 2020 1050 2059 Monac.
1079 2023 1109 2061 1.
1136 2022 1270 2062 ductus
1296 2023 1470 2073 obscuri,
1502 2022 1608 2074 quasi
1634 2023 1684 2062 sit
1706 2025 1851 2073 sciuit,

217 2084 255 2121 et
285 2084 362 2133 sic,
394 2086 537 2133 sciuit,
570 2086 606 2124 in
637 2086 790 2126 Monac.
822 2088 872 2127 ΙΙ.

303 2220 354 2260 V.
373 2222 843 2272 5¹·(154·)1.AE1)1·:11E‚
862 2236 1174 2278 cAEmconAn,
1189 2238 1359 2271 POTUIT
1373 2238 1463 2271 vos
1477 2237 1666 2271 nosTnA
1684 2238 1795 2280 Qun)
1808 2238 1851 2272 A.

218 2288 279 2328 De
309 2289 430 2328 verbo
460 2291 622 2331 laedere
651 2294 789 2347 aliquid
823 2296 1083 2336 Broulzhusius
1122 2297 1264 2336 Tibull.
1306 2297 1336 2336 Ι.
1371 2312 1411 2335 x.
1446 2296 1543 2347 (1x.)
1579 2302 1616 2336 6.
1649 2299 1710 2349 qui
1741 2298 1852 2337 etiam

219 2356 292 2396 hoc
332 2356 416 2397 loco
454 2361 579 2399 utitur.
641 2364 815 2404 eelicmze
845 2366 967 2404 Paris.
1000 2366 1029 2405 Ι.
1062 2366 1132 2405 IV.
1164 2379 1236 2405 nos
1267 2365 1416 2405 Thuan.
1449 2366 1570 2405 Paris.
1602 2366 1653 2406 ΙΙ.
1680 2366 1749 2405 ΙΙΙ.
1780 2366 1851 2405 IV.

220 2426 343 2475 Angl.
374 2427 544 2477 August.
578 2430 696 2469 Basil.
729 2445 807 2472 cum
840 2434 948 2474 Rom.
983 2437 1013 2474 Ι.
1046 2435 1194 2474 'Veneta
1226 2435 1326 2474 Ach.
1360 2435 1495 2474 Mutin.
1529 2435 1694 2484 Argent.
1732 2437 1850 2473 1502.

219 2495 289 2534 sed
319 2499 524 2536 correctum
554 2512 626 2538 nos
660 2501 695 2538 in
725 2502 833 2541 Rom.
867 2503 916 2542 ΙΙ.
942 2504 1103 2542 Venetis
1135 2504 1234 2543 Rub.
1267 2507 1304 2542 et
1335 2503 1436 2542 lens.
1468 2507 1541 2543 etc.
1602 2503 1749 2543 Deinde
1779 2515 1851 2542 ac-

221 2572 334 2615 stas,
366 2566 428 2604 vel
460 2573 597 2617 estas,
629 2568 834 2610 Thuaneus
867 2572 1009 2611 Vossio
1042 2576 1158 2618 teste,
1194 2574 1312 2611 Paris.
1340 2573 1408 2611 ΙΙΙ.
1444 2573 1513 2612 lV.
1545 2576 1582 2612 et
1612 2574 1775 2611 fortasse
1798 2571 1848 2609 ΙΙ.

222 2636 295 2673 tum
335 2634 493 2674 Vratisl.
536 2636 565 2674 Ι.
605 2637 652 2675 ll.
692 2638 799 2677 Rom.
841 2640 868 2679 Ι.
908 2642 955 2680 ΙΙ.
991 2641 1139 2680 Veneta
1172 2641 1311 2680 Achat.
1354 2643 1447 2681 Mur..
1487 2642 1613 2680 aliae:
1652 2640 1719 2679 sed
1758 2646 1850 2679 etas

223 2702 392 2752 August.
436 2708 474 2743 et
512 2712 629 2744 aetas
663 2707 835 2747 Venetae
879 2700 998 2749 1499.
1043 2714 1161 2749 1500.
1206 2711 1360 2750 Mediol.
1406 2711 1522 2750 1501.
1568 2709 1849 2757 Ascensianae,

223 2771 411 2821 Virgilius
452 2773 555 2812 Aldi.
594 2775 709 2814 Taur.
749 2777 877 2826 Lnga.
923 2782 1041 2818 1529.
1075 2779 1247 2818 Aldinae.
1308 2781 1356 2819 Et
1397 2780 1626 2831 antiquiores
1657 2778 1768 2825 editi,
1811 2778 1850 2816 ut

223 2845 434 2889 Romanae,
477 2842 595 2891 aliae,
637 2844 732 2883 male
770 2847 918 2895 signum
961 2848 1219 2897 interrogandi
1258 2848 1399 2888 habent
1438 2850 1472 2887 in
1513 2851 1678 2886 extremo
1718 2861 1847 2890 versu.

225 2912 409 2951 Graviora
449 2915 535 2952 sunt
574 2913 739 2952 codicum
777 2914 1032 2954 nonnullorum
1070 2917 1177 2955 vitia.
1246 2919 1427 2957 Vossiani
1466 2919 1496 2957 Ι.
1528 2918 1563 2955 in
1596 2930 1668 2970 quo
1708 2924 1850 2958 nostra

226 2981 331 3034 quod
357 2989 476 3034 optas
502 2982 725 3035 legebatur3
757 2983 981 3035 Anglicani,
1014 2986 1048 3024 in
1075 2998 1147 3037 quo
1173 3000 1246 3027 nos
1269 2994 1411 3027 nostra
1435 2986 1530 3041 quid
1552 2986 1717 3026 obstans
1740 2987 1847 3027 Con-
