2006 3365
233 152 301 198 80
791 146 1317 188 ANIMADVERSIONES

232 271 297 304 mr
328 263 543 315 explicant:
576 262 829 311 devorentur,
861 262 1116 301 absumantur.
1237 262 1469 303 Pascuntur
1499 262 1670 313 August.
1725 262 1874 303 Deinde

231 347 360 372 aurae
390 334 423 371 in
455 332 609 383 seriptis
641 331 814 380 lleinsii,
847 330 883 369 b.
917 343 950 370 e.
985 332 1019 370 in
1052 332 1187 371 Petav.
1219 334 1256 371 et
1285 331 1433 371 Tliuan.
1465 334 1503 371 et
1534 334 1569 371 in
1602 333 1693 371 meis
1733 334 1873 371 tantum

232 414 303 439 non
335 401 525 444 omnibus,
559 400 667 438 etiam
701 399 891 439 Vossiano
923 401 952 439 Ι.
986 404 1024 440 et
1055 400 1091 438 in
1125 402 1254 439 vetere
1293 400 1456 440 editione
1487 402 1596 439 ouini.
1637 414 1740 440 aura
1771 404 1874 440 recte

232 470 352 507 Paris.
394 468 462 508 lV.
521 468 776 517 Mutinensis,
817 468 1006 509 Aldinae.
1047 471 1134 520 post
1175 468 1334 508 Aldinas
1374 469 1544 508 Venetae
1585 471 1707 508 1544.
1752 472 1873 508 1555.

235 541 354 575 1558.
387 536 508 575 Antv.
549 540 665 575 1556.
698 538 788 577 Bas.
824 537 870 576 H.
905 539 947 577 P.
986 541 1103 577 1561.
1138 537 1317 588 Scaligg.
1351 537 1450 577 Pith.
1483 539 1728 577 recentiores.

314 605 410 644 Post
440 604 538 644 hunc
571 618 719 645 versum
751 607 945 645 Parisinus
978 607 1048 646 lv.
1080 611 1118 647 ut
1149 607 1193 645 ad
1227 621 1265 644 v.
1300 609 1365 645 41.
1407 608 1552 655 monui,
1590 607 1687 646 illum
1720 606 1871 645 inserit:

232 674 383 714 Noscec
415 676 522 713 intra
554 678 628 714 etc.

271 810 321 850 V.
345 814 411 851 44.
442 822 777 863 TRANSVOLET,
799 823 1067 857 ARBORIBUS
1090 823 1365 857 CONIUNGAT
1390 822 1448 856 ΕΤ
1474 823 1632 857 ARDOR
1655 822 1872 857 ARISTAS.

275 882 500 933 Coniunyal
531 889 568 922 et
598 879 737 935 arbor]
770 882 877 932 Lege

798 973 850 979 —-
883 955 1087 1004 eonte'nqat
1118 959 1155 992 et
1193 952 1316 990 ardor
1354 954 1528 991 aristas.
1583 955 1716 989 SCAL.
1777 964 1873 990 eon·

227 1020 360 1070 lingat
392 1019 429 1058 in
459 1019 564 1058 Leid.
599 1018 758 1059 Helmst.
780 1019 899 1059 Voss.
922 1020 951 1058 Ι.
981 1019 1100 1069 Angl.
1134 1021 1252 1059 arbor
1283 1021 1319 1058 in
1351 1020 1459 1058 libris
1483 1020 1665 1058 omnibus.
1717 1020 1874 1059 Trans-

227 1088 359 1128 nolenc
391 1088 425 1126 in
461 1088 582 1126 Paris.
621 1087 688 1126 lV.
722 1088 890 1141 idemque
920 1096 957 1128 e!
988 1090 1136 1128 omittit.
1195 1089 1343 1127 Deinde
1376 1089 1411 1127 in
1442 1089 1623 1129 Romanis
1654 1091 1693 1128 et
1723 1089 1875 1129 Veneta

227 1155 367 1195 Acbat.
400 1156 450 1195 ita
481 1154 576 1195 haee
608 1159 791 1206 concepta
821 1168 867 1194 ac
896 1156 1073 1195 distincta
1105 1159 1294 1195 feruntur:

459 1224 694 1264 Pascuntur
725 1231 883 1275 seyeles
915 1225 1091 1277 diffusis
1125 1226 1281 1276 iqnsbns
1312 1238 1438 1264 aurae.

460 1293 699 1332 Transuotec
730 1293 955 1333 arbere‘bus.
988 1296 1201 1345 conianqat
1232 1301 1270 1333 et
1302 1294 1416 1332 arbor
1447 1298 1619 1334 aristas.

461 1362 623 1402 Perliea
656 1374 727 1414 que
757 1369 918 1401 nostres
951 1365 1024 1400 etc.

226 1431 402 1470 Venetae
446 1434 567 1469 autem
607 1431 708 1470 Rub.
747 1433 784 1469 et
816 1430 916 1469 lens.
959 1443 1037 1469 cum
1078 1431 1232 1471 Vieent.
1273 1431 1548 1470 distinctionem
1587 1435 1676 1483 post
1715 1434 1874 1473 aristas

227 1499 422 1548 omittunt,
465 1499 571 1551 qnasi
612 1499 837 1549 iungendum
875 1500 925 1539 sit
962 1500 1082 1539 arbor
1110 1504 1280 1554 pertica.
1343 1502 1471 1552 Atque
1511 1501 1566 1540 sic
1598 1501 1720 1551 iungit
1751 1502 1873 1541 inter-

229 1570 473 1619 pretatnrqne
514 1568 668 1607 Badius.
744 1568 864 1619 Opem
905 1568 1068 1608 tulerunt
1107 1570 1258 1620 partim,
1301 1569 1476 1608 restituto
1518 1583 1641 1619 aura,
1685 1569 1872 1620 Aldinae,

227 1650 379 1689 quarum
412 1640 531 1676 tamen
572 1638 673 1688 prior
714 1637 807 1675 male
846 1641 1017 1688 punctum
1057 1638 1193 1676 retinet
1232 1641 1319 1688 post
1358 1650 1487 1688 (cura3
1530 1640 1661 1690 partim
1693 1638 1873 1689 Scaliger

226 1705 421 1757 praeclara
453 1706 711 1745 emendatione
743 1707 878 1745 ardor.
931 1707 979 1746 Et
1010 1705 1081 1745 hoe
1114 1706 1279 1757 quidem,
1313 1707 1458 1755 ardor,
1492 1708 1736 1757 excogitavit
1762 1709 1872 1747 etiam

227 1774 339 1813 multo
371 1778 458 1814 ante
491 1775 728 1824 Scaligerum
762 1778 929 1826 tempore
961 1775 1089 1814 Gloss.
1123 1776 1172 1815 V.
1206 1776 1234 1813 1.
1298 1775 1353 1814 At
1384 1775 1562 1824 Scaliger
1603 1789 1710 1828 quum
1742 1789 1873 1815 emen-

227 1843 410 1882 dationem
442 1856 544 1882 snam
582 1844 831 1894 proposuisse
871 1844 905 1882 in
941 1841 1207 1883 Coniectaneis
1249 1844 1343 1883 satis
1382 1842 1602 1892 habuisset,
1643 1857 1713 1883 non
1754 1845 1872 1896 recipi

227 1924 305 1950 eam
338 1912 373 1950 iu
405 1912 568 1951 ordinem
608 1913 810 1963 iussisset,
852 1913 985 1951 mansit
1023 1913 1223 1951 absurdum
1263 1913 1383 1952 arbor
1421 1914 1456 1951 in
1487 1912 1612 1952 inultis
1650 1916 1739 1965 post
1771 1913 1874 1954 Sca-

226 1980 396 2030 ligerum.

313 2049 383 2088 Vel
416 2050 472 2089 sic
509 2052 629 2088 tamen
671 2049 716 2087 de
757 2062 854 2088 nexu
897 2050 1095 2088 verborum
1136 2061 1180 2088 ac
1220 2049 1458 2088 distinctione
1500 2051 1762 2103 quaerebatur.
1824 2051 1874 2091 Et

227 2117 406 2167 Scaliger
437 2118 604 2171 quidem,
637 2131 741 2171 quem
774 2118 945 2170 sequitur
968 2118 1181 2166 Arnoldns,
1213 2118 1331 2156 altera
1357 2132 1452 2169 opus
1476 2132 1564 2158 esse
1589 2119 1872 2168 emendatione,

227 2189 453 2237 coalitique,
486 2188 721 2237 opinabatur.
766 2187 842 2226 Sed
873 2186 1050 2238 displicet
1081 2186 1166 2224 mibi
1200 2187 1410 2227 arboribus
1436 2187 1641 2226 ablativus.
1688 2187 1872 2228 Gronovii

227 2255 322 2293 duae
353 2254 424 2293 loci
457 2254 568 2294 huius
601 2255 880 2307 explicationes
913 2259 1079 2295 exstant.
1141 2256 1269 2304 Prior,
1303 2256 1420 2295 Obss.
1452 2256 1515 2295 lib.
1543 2256 1592 2295 ΙΙ.
1626 2269 1709 2309 cap.
1744 2273 1800 2296 111.
1833 2270 1871 2309 p.

233 2327 323 2363 103.
364 2324 475 2363 valde
513 2323 575 2363 illa
614 2325 778 2373 incerta,
821 2337 941 2377 neque
972 2323 1055 2370 his,
1096 2325 1232 2377 quibus
1265 2324 1482 2363 Gronovius
1520 2327 1654 2374 utitur,
1697 2338 1872 2377 compro-

227 2392 350 2430 banda
381 2392 498 2431 locis:
533 2396 571 2431 ut
602 2396 818 2444 eoninncqat
851 2406 916 2444 per
947 2406 989 2431 se
1015 2394 1133 2444 ipsum
1160 2394 1253 2432 idem
1277 2394 1489 2443 significet,
1524 2395 1619 2447 quod
1647 2397 1871 2447 conlitzya83

226 2459 403 2510 gallicum
436 2461 613 2512 J'ointlre.
688 2461 906 2509 Posterior,
949 2462 1053 2500 uniee
1093 2474 1203 2509 vera,
1241 2475 1346 2515 qnam
1386 2476 1461 2511 ego
1501 2476 1549 2502 ex
1582 2463 1742 2502 Arnoldi
1780 2477 1871 2502 eruo

228 2529 511 2573 commentario,
546 2529 607 2567 ubi
641 2530 702 2581 qui
733 2530 780 2568 ab
808 2529 977 2568 Arnoldo
1003 2530 1137 2569 dieitur
1164 2531 1387 2582 sinffltluris
1415 2534 1565 2571 alnieus
1592 2540 1748 2581 noster,
1774 2531 1870 2570 baud

229 2597 342 2636 dubie
374 2597 436 2635 ille
468 2597 552 2648 ipse
583 2601 643 2636 est
674 2598 703 2637 I.
737 2598 795 2637 Fr.
830 2598 1067 2637 Gronovius:
1110 2602 1147 2638 nt
1179 2600 1361 2638 incidatur
1399 2613 1469 2639 non
1509 2604 1599 2652 post
1639 2600 1869 2645 arboribus.

229 2666 295 2704 sed
328 2668 417 2717 post
453 2667 715 2716 Transvola,
747 2666 818 2705 hac
849 2668 1059 2706 sententia:
1092 2665 1315 2706 Continnum
1341 2670 1547 2708 ineendinm
1574 2669 1636 2709 fiat
1661 2682 1711 2708 ex
1735 2673 1873 2719 segete

228 2734 272 2772 ad
305 2734 486 2785 arboreS,
519 2738 557 2774 et
588 2747 636 2774 ex
668 2735 866 2773 arboribus
898 2735 942 2773 ad
976 2739 1162 2784 segetem.
1206 2736 1301 2785 Vel,
1335 2742 1373 2775 ut
1398 2751 1473 2787 ego
1501 2737 1625 2789 paullo
1657 2737 1773 2776 dicam
1802 2750 1871 2777 ex-

229 2801 429 2852 plicatius,
461 2803 576 2853 primo
609 2801 705 2842 Cato
737 2803 906 2841 breviter
944 2803 1196 2853 Pascuntur,
1229 2806 1368 2858 inquit.
1402 2815 1573 2859 seyetes.
1622 2806 1716 2844 Tum
1748 2807 1870 2855 addit,

230 2882 301 2921 quo
333 2871 497 2910 debeant
527 2871 633 2910 modo
666 2872 790 2922 pasci:
834 2872 1009 2923 diffusis
1051 2884 1119 2922 per
1155 2872 1287 2911 silvam
1328 2876 1547 2928 vineamque
1577 2875 1734 2926 {quibus
1767 2889 1871 2915 aura

230 2940 455 2979 transvolet
485 2939 568 2978 scil.
601 2940 636 2978 in
667 2943 849 2989 segetes,
881 2947 919 2979 et
950 2940 1184 2990 arboribus,
1216 2954 1310 2993 (piae
1337 2944 1404 2982 iam
1429 2943 1581 2990 ardent,
1614 2943 1737 2982 ardor
1768 2943 1804 2982 h.
1833 2957 1868 2983 e.

231 3006 458 3057 incendium,
500 3010 713 3061 coniunqat
750 3009 773 3047 i.
816 3021 849 3046 e.
888 3009 1023 3060 addat,
1065 3012 1236 3050 aristas.
1298 3010 1415 3050 Unum
1454 3011 1660 3050 incendium
1699 3012 1762 3051 fiat
1802 3025 1870 3064 per
