2006 3365
519 157 571 196 IN
603 155 826 196 VALERH
858 156 1093 198 CATONIS
1124 157 1304 198 DlRAS.
1666 160 1733 203 59

97 269 158 308 ubi
190 268 332 319 vulgo,
365 271 402 308 ct
432 271 466 308 in
499 270 604 309 llbris
636 272 747 310 meis:
792 272 900 311 color
929 279 991 311 est
1021 287 1042 311 e
1074 271 1212 319 (Voss.
1244 276 1311 310 81.
1343 273 1381 309 et
1410 271 1508 310 Mut.
1539 272 1606 319 ex)
1637 270 1733 322 plu-

94 338 207 378 ribus
240 352 361 384 unns,
396 338 478 376 cod.
511 339 635 377 Guell'.
668 341 717 378 N.
750 343 845 379 342.
878 341 977 380 Gud.
1011 346 1184 391 corrupte
1215 355 1248 380 e.
1280 342 1310 380 ἔ
1336 336 1361 381 ἶ
1389 336 1612 393 plurim‘Ju.
1637 337 1731 377 Vul-

94 409 220 455 gatum
262 406 356 456 apud
401 404 579 445 Catonem
617 409 833 447 Tomlemets
873 410 1007 447 retinet
1044 409 1213 446 llandius
1252 409 1334 447 loco
1375 420 1488 458 supra
1528 407 1626 445 laud.
1659 419 1731 445 non

94 475 187 513 satis
220 474 329 512 video
363 488 434 525 quo
468 487 604 513 sensu:
639 488 718 513 nam
751 475 845 515 Cato
878 479 997 514 tamen
1029 488 1099 513 nou
1132 477 1311 515 tondebat
1343 477 1476 515 silvam
1507 490 1630 525 suam,
1663 488 1730 514 ne-

93 555 165 595 que
195 546 371 581 tonsurus
403 547 502 589 erat,
536 545 602 581 sed
633 544 753 581 miles.

178 611 334 650 umbras
368 612 402 649 in
436 611 544 649 libris
586 615 721 650 tantum
760 623 831 649 non
873 611 1066 658 omnibus,
1109 615 1260 661 praeter
1290 612 1476 662 Aldinas,
1519 615 1554 651 in
1593 612 1730 665 quibus

90 679 237 718 herbas
277 680 471 717 manin-sta
502 679 802 729 interpolatione.
862 680 932 717 Est
969 682 1089 717 tamen
1122 680 1247 717 eadem
1291 681 1326 717 in
1359 681 1477 719 Voss.
1512 681 1539 719 l.
1573 683 1603 719 si
1636 684 1661 720 l'.
1694 695 1727 720 s.

92 750 131 786 et
162 749 196 785 in
228 747 460 796 Anglicano.
521 748 577 785 Ex
609 745 763 785 Aldinis
803 746 949 786 herbas
990 747 1144 786 devenit
1181 749 1215 785 in
1249 748 1418 786 Venetas
1457 752 1572 787 1544.
1612 753 1728 789 1553.

91 819 130 855 et
161 817 195 854 in
227 816 344 855 Basil.
378 817 427 855 ΙΙ.
459 817 502 855 P.
537 819 658 853 1561.
715 815 756 853 In
790 828 909 864 marg.
942 816 1133 866 Antverp.
1168 815 1315 864 Scalig.
1350 816 1449 854 Pith.
1481 817 1532 855 ita
1564 817 1727 866 legitur:

88 886 294 937 frondeis,
336 886 445 924 alins
484 884 644 924 herbas.
706 884 767 922 ubi
799 885 984 936 fromleis
1026 896 1096 922 non
1129 885 1341 935 scripturae
1380 886 1622 935 varietatem,
1662 887 1728 925 sed

90 953 378 1004 explicationem
411 953 516 990 vocis
548 952 705 992 muhrae
735 966 823 991 esse
853 954 1028 991 arbitror.
1073 954 1119 991 Et
1147 956 1207 992 est
1233 954 1331 992 bona
1362 954 1590 1004 explicatio:
1624 967 1729 1006 quam

90 1022 122 1060 si
155 1025 364 1060 tenuissent
405 1034 552 1065 omnes,
597 1023 760 1059 sortasse
798 1034 870 1059 non
910 1026 1030 1060 natum
1074 1024 1169 1060 soret
1206 1023 1366 1061 herbas.
1432 1023 1598 1062 Umbras
1632 1024 1728 1063 Cato

89 1089 127 1128 h.
159 1089 183 1128 l.
216 1093 254 1128 et
286 1103 322 1127 v.
345 1092 412 1128 32.
446 1090 551 1139 ipsas
583 1090 671 1128 dicit
702 1091 869 1128 frondes.
916 1091 998 1143 Quo
1030 1091 1151 1129 dill'ert
1183 1090 1346 1128 nonnihil
1379 1091 1425 1129 ab
1454 1091 1605 1129 aliorum
1632 1092 1728 1130 locis

88 1162 302 1209 poetarum,
336 1159 395 1211 qui
428 1171 533 1210 quum
565 1158 755 1207 mubram,
795 1160 959 1197 viridem
991 1160 1182 1207 umbram,
1221 1160 1371 1209 dicunt,
1411 1163 1450 1199 ut
1481 1160 1607 1199 dicunt
1638 1173 1727 1200 sae-

89 1227 267 1277 pissime,
310 1228 360 1265 ita
392 1227 514 1265 dicere
546 1227 689 1274 solent,
732 1230 769 1265 ut
799 1228 843 1265 ad
879 1229 1062 1266 notionem
1103 1229 1212 1266 vocis
1255 1229 1390 1267 umbra
1420 1229 1601 1268 accedant
1634 1242 1726 1280 pro-

88 1296 185 1346 pius.
239 1294 289 1334 Ut
320 1296 353 1333 in
387 1296 487 1335 Ciri:
522 1295 720 1335 Florentis·
754 1297 861 1333 viridi
892 1298 1066 1349 Sophiae
1096 1298 1367 1350 complectitur
1398 1299 1536 1336 mnbra.
1584 1297 1723 1338 Catull.

87 1363 218 1414 Epith.
251 1365 293 1403 P.
320 1367 357 1403 et
379 1364 453 1402 Th.
478 1366 542 1401 41.
594 1365 685 1403 Non
714 1365 809 1416 salar
840 1372 1022 1403 attenuat
1051 1366 1327 1416 fromlalormn
1358 1367 1516 1406 arboris
1548 1367 1725 1405 umbram.

88 1431 265 1472 Valerius
297 1432 452 1471 Flaccus
484 1432 554 1470 lll.
589 1437 681 1472 708.
731 1434 843 1489 Quae
873 1447 997 1487 neque
1028 1436 1104 1472 iam
1133 1436 1324 1486 frondes,
1358 1436 1500 1474 virides
1531 1450 1601 1474 nec
1628 1449 1725 1488 pro-

86 1502 192 1552 feret
222 1501 384 1540 umbras.
437 1500 498 1540 Cr.
533 1502 643 1550 Virg.
678 1501 760 1540 Ecl.
793 1502 860 1540 IX.
894 1505 960 1540 20.
995 1503 1093 1541 Stat.
1125 1503 1248 1541 Theb.
1282 1503 1348 1542 VI.
1383 1508 1448 1542 91.
1495 1504 1638 1542 Noster
1669 1504 1725 1542 di-

87 1572 190 1608 serte
222 1570 379 1609 utnbras
411 1570 507 1608 dixit
538 1582 605 1620 pro
637 1583 681 1608 ea
713 1583 773 1620 rc,
806 1583 900 1622 quac
932 1572 1021 1610 sacit
1052 1572 1213 1610 umbras.
1322 1572 1467 1612 herhas
1501 1574 1607 1611 unice
1640 1572 1725 1623 pla-

86 1638 198 1677 cebat
226 1639 404 1685 Heinsio,
438 1638 504 1677 sed
529 1639 746 1687 festinanti,
780 1642 817 1678 et
848 1640 982 1691 ubique
1007 1640 1252 1691 corruptelam
1278 1641 1461 1680 odoranti.
1523 1642 1565 1681 Si
1593 1642 1725 1692 pedem

86 1707 225 1746 sistere
258 1707 463 1751 voluisset,
509 1708 804 1760 sententiannque
835 1711 970 1758 poetae
1002 1709 1313 1760 circumspicere,
1353 1711 1539 1758 vidisset,
1578 1711 1725 1750 herbas

85 1788 242 1826 prorsus
273 1775 415 1814 alienas
447 1789 534 1815 esse
565 1776 612 1815 ab
645 1777 716 1815 hoc
748 1777 854 1822 1000,
887 1777 948 1828 qui
981 1779 1082 1816 totus
1114 1778 1161 1817 dc
1192 1779 1292 1817 silva
1323 1782 1394 1818 est.
1438 1779 1577 1818 Verum
1604 1779 1725 1818 Hein-

85 1844 143 1882 sio
176 1845 283 1883 etiam
316 1845 543 1896 displicebat
574 1848 644 1885 tam
676 1846 785 1884 brevi
817 1845 1018 1885 intervallo
1049 1860 1088 1885 v.
1124 1852 1187 1886 28.
1223 1851 1260 1887 et
1291 1851 1359 1887 32.
1402 1848 1573 1888 iteratum
1607 1860 1724 1887 voca-

85 1912 207 1951 bulum
239 1914 410 1953 umbrae.

171 1982 238 2021 Sic
267 1983 360 2021 idem
392 1983 589 2035 sequentia
625 1985 744 2022 tentat
782 1996 826 2021 ac
858 1986 996 2033 vexat,
1039 1996 1134 2036 quae
1173 1983 1257 2022 libri
1295 1986 1390 2023 satis
1430 1987 1648 2025 constanter
1678 1997 1724 2024 eo

85 2051 227 2101 scripta
256 2051 362 2089 modo
394 2050 594 2101 exhibent,
627 2065 698 2104 quo
730 2056 816 2091 sunt
845 2064 867 2090 a
898 2065 954 2091 me
985 2052 1099 2091 edita.
1161 2053 1238 2091 Sed
1271 2056 1464 2094 commodis
1505 2055 1642 2105 scripsi
1674 2067 1723 2093 ex

85 2118 341 2168 Augustano,
371 2133 439 2171 pro
474 2120 631 2170 vulgato
660 2127 873 2160 comantes.
906 2124 944 2159 et
970 2125 1161 2160 eomanle's
1186 2123 1220 2159 in
1241 2123 1461 2161 nwmbranis
1481 2123 1577 2174 apud
1600 2124 1724 2161 Hein-

84 2187 199 2236 sium,
238 2187 274 2225 h.
305 2201 339 2227 e.
371 2191 405 2227 in
438 2190 646 2228 Petaviano
679 2194 716 2229 et
746 2190 951 2228 Tlmaneo:
997 2190 1094 2242 quod
1133 2190 1242 2229 facile
1281 2192 1393 2230 credo
1426 2192 1609 2241 Heinsio,
1649 2194 1721 2231 etsi

84 2256 119 2293 id
153 2255 248 2306 apud
280 2270 334 2296 me
365 2270 435 2296 non
468 2260 680 2297 annotatum
713 2261 785 2297 est.
846 2259 1050 2297 Praeterea
1087 2260 1192 2298 lecta
1233 2261 1267 2298 in
1310 2261 1439 2299 iisdem
1479 2261 1720 2312 membranis,

84 2324 243 2362 Heinsio
275 2328 386 2364 teste.
430 2327 541 2366 laeta
572 2335 770 2367 comantes
809 2341 941 2367 ramos
981 2328 1079 2367 bono
1113 2329 1295 2367 Heinsius
1333 2329 1506 2380 exemplo
1539 2330 1720 2379 illustrat,

82 2392 319 2442 virgiliano,
363 2393 507 2444 Geor-g.
539 2396 608 2434 IV.
646 2400 737 2434 122.
778 2411 848 2436 nec
887 2411 983 2436 sera
1022 2406 1232 2438 comantem
1270 2399 1530 2438 ΛΤαιὉῖθεαηι.
1589 2399 1720 2438 mollis

82 2473 233 2510 omnes,
267 2464 439 2512 exceptis
471 2464 591 2503 Paris.
625 2466 693 2504 IV.
726 2469 764 2505 et
793 2465 1036 2515 Anglicano‚
1070 2468 1106 2505 in
1138 2467 1274 2519 quibus
1304 2468 1454 2506 molles.
1506 2466 1554 2506 Ut
1579 2470 1720 2506 taceam

82 2529 155 2567 ista
185 2529 276 2568 Aldi
309 2534 433 2569 aetate
464 2533 614 2573 invecta
655 2539 894 2584 coronatas,
931 2537 1099 2576 molleis.
1160 2537 1430 2575 Accusativum
1463 2549 1550 2575 esse
1582 2539 1720 2574 certum

82 2600 153 2636 est.
198 2598 258 2636 De
289 2599 489 2647 geminatis
520 2601 697 2652 epithetis
729 2603 877 2642 dissero
911 2604 1016 2642 Diss.
1036 2604 1103 2643 111.
1150 2606 1204 2644 Ea
1235 2606 1295 2656 qui
1328 2606 1416 2643 ferri
1449 2618 1565 2656 posse
1597 2616 1719 2652 nega-

82 2665 168 2716 bat,
200 2667 401 2717 Heinsius,
434 2669 490 2706 sic
520 2671 816 2709 constituendum
847 2684 934 2710 esse
965 2672 1084 2711 locum
1117 2674 1287 2712 coniicit:
1320 2687 1390 2713 uec
1421 2674 1532 2712 laeta
1560 2686 1719 2711 conmu-

80 2741 141 2773 tes
173 2735 355 2774 Iac-labis
389 2735 497 2774 collis
528 2751 658 2778 ramos
690 2742 715 2778 ἰ.
749 2754 788 2778 (ι.
822 2739 882 2778 vel
914 2741 1022 2780 etiam
1054 2756 1124 2781 nee
1155 2741 1252 2781 laete
1285 2750 1482 2781 commutes
1507 2745 1579 2781 etc.
1624 2741 1717 2780 Nam

80 2803 217 2843 collem
247 2806 366 2842 fuisse
399 2805 585 2843 Battarum
617 2809 862 2857 opinabatur,
896 2811 967 2848 tum
999 2811 1165 2862 quidem,
1190 2811 1385 2849 Heinsius.
1426 2811 1562 2849 molles
1584 2823 1716 2850 ramos

79 2873 245 2922 perbene
277 2873 454 2922 Scaliger
486 2873 651 2923 explicat
681 2871 897 2924 ῥαδινούς.
947 2878 1023 2917 Sed
1056 2879 1185 2930 locus,
1217 2892 1322 2932 quem
1353 2880 1483 2927 all'ert,
1516 2878 1715 2929 Apollonii

79 2943 139 2979 est
168 2941 236 2979 ΙΙΙ.
273 2946 364 2980 106.
398 2954 468 2980 non
502 2942 675 2992 llomeri3
708 2947 746 2983 ct
776 2943 1048 2992 ἐπεμάσσατο
1080 2947 1224 2996 legitur
1255 2949 1332 2996 ibi,
1365 2960 1434 2985 non
1463 2943 1713 2994 ἐπεμάξατο.

78 3008 139 3046 Ex
170 3009 314 3048 Latinis
346 3009 434 3048 nibil
472 3010 515 3048 ad
549 3009 727 3050 Catonem
768 3015 1080 3055 accommodatius
1111 3028 1179 3067 eo,
1219 3016 1316 3068 quod
1349 3015 1544 3056 Arnoldus
1582 3015 1713 3069 affert,

79 3089 186 3129 quum
215 3078 351 3118 mollia
382 3079 552 3118 dicuntur
584 3078 761 3118 brachia.
