2006 3365
450 168 504 208 IN
542 166 764 209 VALERII
797 164 1037 206 CATONIS
1069 163 1339 206 ECLOGAM.
1613 167 1715 212 209

77 284 239 330 tinebat‚
279 295 351 322 non
381 282 426 321 ad
459 282 621 333 priorem
654 282 701 321 de
733 293 858 320 amore
890 279 1076 320 Aurorae.
1154 280 1268 332 Apud
1309 280 1405 319 alios
1443 279 1715 328 narrationum,

75 365 170 405 quae
200 353 246 390 de
285 351 424 391 Orione
457 352 694 397 serebantur,
737 349 886 387 aliarum
927 350 1093 388 varietas
1125 349 1355 387 obscurasse
1397 347 1564 396 videtur,
1603 349 1714 399 atque

75 421 269 466 obruisse,
303 420 410 458 huius
442 419 611 467 fabulae,
653 432 747 471 qum:
779 421 839 457 est
869 417 915 455 de
945 417 1132 454 amoribus
1164 416 1319 455 Orionis
1350 418 1388 455 et
1419 417 1616 465 Aurorae,
1649 427 1715 454 re-

77 489 338 528 cordationem.
411 489 523 538 Apud
564 488 700 526 latinos
747 489 879 537 poetas
927 497 1004 523 eam
1047 496 1117 522 non
1165 485 1338 534 repperi,
1386 487 1642 537 praeterquam
1680 484 1718 522 in

77 556 351 597 CatonislocO.
414 556 464 595 Ut
494 568 614 608 neque.
639 554 791 595 Clitum.
852 554 907 592 At
932 553 1110 599 Nonnus,
1141 556 1231 602 puto
1266 554 1362 604 quod
1395 565 1440 591 ea
1469 556 1595 592 aetate
1625 565 1716 604 per-

74 630 217 666 taesum
259 629 339 664 erat
377 625 477 664 illius
509 636 658 674 semper
689 635 911 674 semperque
943 621 1124 660 celebrati
1154 619 1333 669 Tithoni,
1376 621 1411 659 in
1450 633 1517 659 sua
1548 622 1626 659 iura
1657 620 1716 660 0—

75 695 213 732 rionem
238 695 432 733 restituit:
464 692 666 732 Tithonum
694 692 754 730 bis
779 693 1038 729 eonnnemorat
1063 690 1202 732 obiter,
1232 689 1322 728 XV.
1348 691 1445 729 278.
1470 693 1509 730 9.
1533 689 1715 728 XLVIII.

75 767 168 802 665.
202 767 239 801 6.
281 763 344 801 ubi
380 762 477 815 quod
511 758 742 808 δυσιζιιερον
772 757 941 809 appellat
971 757 1195 804 Tithonum,
1237 757 1331 796 haud
1364 758 1477 796 dubie
1516 761 1638 796 notam
1671 758 1717 797 de

71 836 269 871 senectute
300 831 461 870 fabulam
493 830 676 880 respIcit3
709 826 881 878 Cephalo
915 826 978 865 dat
1010 827 1169 877 primas,
1211 830 1248 865 et
1279 827 1358 864 iura
1389 827 1528 875 mariti,
1562 827 1597 864 in
1631 827 1717 877 ipso

71 899 155 938 libri
193 899 361 938 XXVII.
404 899 585 946 exordio,
625 899 754 936 contra
788 896 945 934 Homeri
984 895 1268 941 auctoritatem,
1310 907 1417 947 quem
1448 895 1597 947 sequuti
1629 894 1718 945 alii,

71 969 297 1020 Lycophro,
331 968 545 1017 Virgilius,
585 965 748 1006 Ovidius
789 966 824 1003 in
855 964 981 1003 Fastis
1015 964 1175 1016 ubique,
1210 963 1296 1001 Val.
1329 963 1507 1007 Flaccus,
1549 963 1718 1013 Statius,

71 1039 107 1076 in
135 1036 311 1076 librorum
344 1039 482 1086 initiis,
516 1036 577 1075 vel
610 1037 644 1074 in
672 1034 831 1074 exordio
863 1034 917 1072 rei
948 1045 1092 1082 novae,
1131 1033 1287 1072 Tithoni
1319 1032 1490 1071 excitare
1515 1032 1716 1081 coniugem

71 1105 218 1155 solent3
251 1110 289 1145 et
320 1107 548 1145 adversatus
581 1103 653 1153 illi,
686 1104 746 1155 qui
779 1103 974 1154 proximus
1007 1104 1094 1140 ante
1116 1101 1286 1140 Nomium
1319 1105 1446 1140 aetate
1480 1104 1562 1151 est,
1595 1100 1716 1154 Quin-

71 1179 109 1214 to
142 1176 353 1225 Smyrnaeo
395 1175 462 1213 lib.
494 1173 563 1214 VI.
606 1173 685 1212 init.
720 1174 768 1211 cf.
805 1172 898 1210 idem
929 1170 1086 1209 Nonnus
1117 1170 1296 1210 XLVIII.
1331 1173 1427 1209 680.
1464 1174 1498 1208 l.
1531 1173 1592 1220 et,
1632 1170 1717 1222 qui-

69 1245 140 1283 bus
172 1243 266 1282 locis
299 1244 392 1282 duos
417 1244 589 1282 Aurorae
620 1242 784 1280 amasios
816 1241 1058 1288 coniunctos,
1095 1238 1301 1290 Cephalum
1334 1252 1412 1278 cum
1440 1238 1612 1288 Orione,
1645 1238 1717 1278 ha-

69 1313 159 1361 bes,
196 1312 266 1352 lv.
310 1316 400 1351 193.
435 1315 472 1349 ⁴.
513 1311 583 1351 XI.
618 1316 714 1350 388.
747 1323 805 1363 sq.
843 1308 966 1348 XLII.
1001 1311 1093 1346 246.
1132 1312 1167 1347 ἶ.
1240 1307 1357 1347 Orion
1399 1310 1597 1359 praeterea
1635 1310 1716 1357 est,

71 1386 201 1431 raptus
242 1382 289 1420 ab
322 1382 491 1428 Aurora,
532 1380 581 1418 V.
615 1382 710 1419 516.
746 1383 782 1418 7.
847 1378 996 1416 Exitum
1028 1377 1123 1429 quod
1157 1377 1293 1415 attinet
1325 1376 1481 1416 Orionis
1513 1379 1551 1416 et
1581 1375 1716 1416 Auro-

70 1463 133 1488 rae
173 1462 355 1498 amorum,
397 1461 474 1487 curn
508 1449 691 1492 Homero,
735 1447 842 1496 aliiS,
885 1447 1076 1485 consentit
1105 1445 1285 1495 Nonnus,
1327 1446 1447 1484 fuisse
1483 1445 1713 1485 infaustum:

70 1519 120 1557 ita
144 1522 288 1567 tamen,
315 1522 352 1557 ut
384 1531 403 1555 a
430 1517 550 1555 Diana
582 1517 816 1554 intersectum
848 1515 968 1563 irata,
1001 1515 1100 1566 quod
1134 1515 1207 1552 vim
1240 1514 1382 1552 inferre
1413 1513 1447 1552 ei
1479 1514 1574 1552 deae
1604 1513 1718 1552 volu-

71 1588 160 1634 erit,
193 1586 370 1626 Orionem
395 1589 533 1624 narret.
593 1586 674 1624 Etsi
699 1585 731 1622 id
762 1596 832 1622 non
858 1584 996 1633 primus
1024 1584 1206 1621 narravit.
1270 1582 1317 1621 Et
1346 1582 1581 1621 intersectum
1602 1594 1713 1621 scor-

70 1657 130 1706 pio
171 1656 364 1693 immisso:
405 1654 471 1693 IV.
514 1658 608 1693 338.
651 1666 733 1704 sqq.
767 1652 817 1692 V.
851 1655 945 1690 510.
987 1656 1014 1689 1.
1058 1650 1287 1691 XXXVIII.
1321 1652 1416 1690 334.
1451 1654 1489 1689 5.
1526 1651 1713 1690 XLVIII.

70 1729 164 1763 32:2⁴.
200 1727 292 1762 102.
327 1726 375 1762 el'.
408 1723 458 1761 II.
491 1727 585 1763 306.
618 1721 805 1761 XXXIII.
841 1724 933 1759 126.
969 1721 1004 1759 ἶ.
1036 1719 1176 1759 XLIV.
1211 1724 1306 1759 305.
1392 1720 1493 1758 Hinc
1523 1723 1583 1760 est
1615 1721 1712 1774 quod

69 1792 298 1840 ‹ltwfaesnegaov
339 1793 432 1831 dicit
471 1791 645 1831 Orionem
685 1790 843 1829 Nonnus
885 1789 954 1828 lV.
992 1792 1087 1828 338.
1126 1789 1214 1827 XX.
1255 1793 1322 1829 83.
1364 1788 1512 1829 scilicet
1557 1794 1715 1841 propter

67 1864 237 1914 impetum
270 1863 304 1900 in
338 1861 526 1909 Dianam,
570 1872 642 1911 quo
675 1862 826 1898 mortem
858 1859 1002 1897 meruit.
1074 1856 1217 1897 Contra
1251 1859 1403 1897 Aurora
1441 1870 1506 1897 cur
1539 1856 1715 1905 ὸυσᾴιε-

68 1943 140 1978 ρος
177 1931 304 1969 audiat
342 1930 476 1968 Nunno
513 1927 700 1967 XXXIII.
736 1931 800 1966 Η.
843 1929 1019 1966 incertum
1051 1931 1125 1965 est.
1187 1927 1368 1965 Fortasse
1405 1930 1562 1977 propter
1593 1927 1711 1966 Orio-

67 2011 176 2037 nem:
210 2011 290 2036 nam
323 2001 493 2049 profecto
528 1995 756 2044 ὸνσιζιιερος
787 2001 870 2046 est,
913 1996 1019 2034 cuius
1049 2007 1197 2033 amores
1237 1996 1510 2034 interficiuntur
1540 1996 1587 2034 ab
1620 1996 1707 2034 alia.

67 2069 145 2107 Sed
184 2068 307 2118 potuit
344 2067 418 2105 alio
458 2067 564 2104 modo
606 2064 835 2112 ὸνσιζιιερος
886 2065 1035 2102 Aurora
1072 2064 1173 2102 dici:
1213 2076 1308 2115 quae
1347 2076 1528 2116 nunquam
1569 2065 1710 2105 desinit

65 2150 212 2184 zituare,
251 2149 346 2188 quae.
387 2147 535 2186 semper
565 2134 684 2172 ardet.
748 2133 796 2172 Ut
826 2145 940 2183 supra
980 2136 1061 2171 crat
1097 2132 1193 2182 apud
1229 2131 1530 2182 Apollodorum:
1573 2131 1708 2170 ἐποίει

65 2201 142 2254 γάρ
178 2201 310 2254 αὖῖὴν
337 2200 572 2253 Ἀφροδίτη
607 2201 801 2249 συνεχῶς
832 2200 945 2253 ἑρᾷν.
1006 2202 1077 2240 Est
1110 2200 1361 2249 ὸυσιζιιερος,
1410 2205 1448 2241 ut
1489 2200 1703 2251 δὐσέρως,

66 2288 114 2313 cx
147 2275 194 2312 iis
226 2273 446 2323 vocabulis,
491 2285 586 2325 quae
618 2274 829 2323 frequentat
861 2271 1018 2310 Nonnus
1051 2283 1169 2322 usque
1200 2270 1244 2308 ad
1278 2271 1449 2309 taedium.
1510 2271 1702 2319 Nonnmn,

65 2344 285 2393 scriptorem
318 2354 404 2381 cura
436 2355 505 2380 non
533 2342 747 2390 indignum,
782 2353 853 2392 quo
886 2353 961 2389 ego
995 2343 1173 2392 tamquam
1206 2339 1330 2377 lexico
1355 2339 1616 2390 mythologice
1648 2342 1701 2380 uti

64 2411 192 2453 soleo,
227 2416 420 2463 antequam
443 2411 668 2462 relinquam,
701 2409 850 2448 deloco
875 2408 1000 2460 paullo
1032 2412 1119 2447 ante
1149 2408 1263 2447 allato
1295 2408 1363 2447 lv,
1393 2414 1487 2448 338.
1519 2409 1700 2460 monebo,

64 2482 123 2532 qui
157 2482 320 2519 sortasse
353 2481 403 2518 ita
433 2480 685 2518 scribendus:

347 2540 426 2600 ᾗχί
463 2548 551 2584 ποῖ’
587 2544 766 2594 Ὠρίωνα
800 2546 1051 2595 ὸύσιζιιερον,
1086 2544 1181 2583 viga
1214 2544 1353 2594 γαίης,

63 2621 102 2656 ut
124 2618 296 2667 geminus
321 2618 383 2656 ssat
414 2617 500 2656 his:
532 2617 618 2656 XX.
647 2622 712 2656 83.
740 2612 790 2652 ου’
815 2611 985 2665 θρασύν
1013 2612 1193 2664 Ὠρίωνα
1228 2613 1474 2662 δὐσιζιιεςιον,
1512 2611 1563 2650 ου’
1594 2614 1693 2664 πρό..

61 2681 306 2735 μονἼ-Ιρης.
366 2685 543 2725 XLVIII.
568 2689 660 2724 ⁴19.
680 2683 730 2721 ου’
757 2685 848 2729 ι’ὲος
875 2681 1026 2734 Ὠρίων
1047 2698 1099 2731 με
1124 2682 1340 2732 βιάζεται,
1377 2679 1468 2727 υἱὸς
1494 2682 1693 2733 (ἰροιὲρης.

63 2755 110 2793 cf.
152 2754 201 2793 ΙΙ.
242 2759 336 2794 631.
398 2755 479 2793 Etsi
518 2754 614 2793 alios
655 2766 743 2794 esse
783 2755 887 2794 locos
918 2755 1020 2803 scio,
1063 2757 1122 2806 qui
1157 2754 1293 2793 Graeiii
1327 2753 1579 2802 distinctioni,
1622 2755 1692 2792 viri

62 2825 358 2873 accuratissimi,
393 2816 575 2873 ffizt'nnz’
607 2818 805 2871 Ὠρίωνα,
842 2822 1071 2871 δὐσιῖιιεςιον
1106 2819 1198 2859 νὶέιι
1230 2820 1369 2870 γαίης,
1407 2823 1586 2861 faveant:
1621 2822 1688 2861 IV.

63 2894 157 2929 331.
178 2892 266 2931 XX.
290 2897 357 2932 84.
375 2892 552 2932 XLVIII.
575 2895 669 2930 666.
729 2892 876 2930 Dubius
908 2895 1014 2932 etiam
1048 2893 1153 2931 locus
1184 2900 1241 2929 est
1264 2891 1372 2930 MV.
1406 2895 1472 2930 91.
1570 2891 1690 2929 Dein-

63 2959 108 2998 de
140 2959 227 2999 illud
259 2973 329 3000 non
363 2965 423 3001 est
453 2959 636 3000 aCatone
663 2959 842 3009 alienum,
872 2961 1073 3013 aliquoties
1093 2962 1260 3000 Nomium
1288 2962 1354 2997 tria
1386 2961 1479 2996 inter
1512 2972 1553 2995 se
1586 2972 1688 2998 com-

61 3040 202 3079 ponere
231 3031 336 3080 paria
367 3031 581 3079 amantium,
624 3029 776 3070 Lunam
808 3041 885 3068 cum
920 3030 1181 3083 Endymione,
1223 3029 1402 3068 Venerem
1434 3034 1470 3066 et
1500 3030 1683 3078 Adonin,

132 3119 283 3151 Valerius
308 3118 401 3151 Cato.
1355 3101 1377 3142 1
1387 3098 1418 3141 4
