2006 3365
539 136 594 177 IN
625 135 846 177 VALERII
878 135 1116 177 CATONIS
1146 134 1326 177 DIRAS.
1683 139 1751 184 83

113 254 152 291 et
181 250 348 304 reliquae
378 248 488 289 huius
519 251 689 300 generis.
806 252 881 304 fiat
911 251 1003 291 miro
1041 263 1252 301 consensu,
1291 252 1328 290 in
1367 250 1462 290 omni
1501 252 1635 291 vetere
1665 250 1749 289 edi-

113 319 217 360 tione
247 321 335 358 ante
365 318 627 358 Ascensianas
666 322 705 360 et
735 319 920 370 Aldinas,
960 323 998 359 et
1036 320 1071 358 in
1110 320 1247 359 Petav.
1277 319 1422 360 Medic.
1458 318 1562 369 aliis,
1599 321 1750 371 praeter

111 387 297 428 Venetam
326 388 444 425 1487.
464 400 525 438 ap.
550 388 672 426 Burm.
705 392 743 428 et
773 387 941 437 Argent.
969 391 1086 427 1502.
1110 391 1149 427 et
1172 388 1256 427 cod.
1279 389 1371 428 Bas.
1401 389 1437 428 in
1469 387 1605 441 quibus
1629 387 1751 440 fiant,

111 460 150 495 et
182 458 335 506 praeter
366 454 515 494 Thuan.
548 456 654 495 Mon.
679 456 708 495 Ι.
736 456 785 495 ΙΙ.
817 456 925 495 Vrat.
950 455 980 494 l.
1013 456 1048 493 in
1080 456 1215 507 quibus
1244 458 1358 508 feeit.
1389 457 1484 509 quod
1516 457 1635 508 ipsum
1659 454 1750 495 nihil

111 524 262 563 videtur
293 535 380 562 esse
411 523 509 562 aliud
543 537 648 576 quam
678 526 753 577 fiac
784 524 1030 573 negligenter
1059 525 1259 574 scriptum:
1292 538 1340 564 ex
1371 529 1385 565 ι’
1414 527 1551 565 iactum
1580 539 1624 576 e,
1653 527 1692 565 et
1715 527 1752 564 ci

111 604 162 631 ex
194 605 234 631 α.
294 591 370 631 lam
401 592 476 644 fiat
507 593 739 631 Burmannus
770 594 936 631 fortasse
975 593 1076 630 recte
1112 602 1161 629 ex
1197 591 1375 641 neglecto
1406 594 1617 644 scripturae
1647 605 1753 633 com-

110 661 250 712 pendio
282 663 421 710 ortum,
465 664 528 700 aut
565 674 586 700 e
617 660 880 699 recordatione
918 671 1055 698 versus
1088 663 1154 698 36.
1200 660 1262 698 ubi
1299 663 1403 701 cinis
1441 663 1542 702 haee
1580 662 1654 703 tibi
1690 662 1754 702 flat

109 736 284 783 oportet,
329 730 500 781 putabat.
563 728 638 768 Sed
671 730 795 767 mirum
827 731 967 777 tamen,
1009 727 1105 779 quod
1145 727 1274 767 eodem
1312 729 1420 768 modo
1459 731 1496 768 in
1525 730 1611 770 aliis
1640 730 1753 770 simili

109 798 301 838 sententia
333 798 430 838 locis
460 800 654 849 peccatum
686 799 759 835 cst.
819 795 861 834 In
893 794 1049 845 Virgilii
1082 795 1231 846 Ecloga
1261 796 1370 837 VIII.
1402 801 1469 838 58.

452 865 595 906 Omnia
625 864 691 904 vel
719 864 882 904 medium
912 863 1013 916 fiant
1042 877 1170 904 mare:

110 934 173 974 ubi
203 935 304 987 fiant
335 945 413 972 cum
443 932 530 972 aliis
561 945 664 972 meae
694 933 846 972 Veneta
877 931 978 972 Rub.
1011 935 1049 971 et
1078 932 1332 973 Lovaniensis
1365 936 1488 975 1475.
1541 936 1581 976 at
1609 935 1684 989 fiat
1715 937 1754 977 et

109 1004 147 1042 in
178 1003 284 1041 libris
315 1002 488 1053 scriptiS,
520 1004 559 1041 et
590 1002 625 1040 in
656 1000 879 1040 Mutinensi.
928 1000 1077 1040 Rursus
1107 1001 1205 1053 apud
1230 1001 1404 1042 Ovidium
1430 1002 1586 1044 Metam.
1604 1005 1638 1045 1.
1657 1007 1753 1044 292.

109 1071 173 1110 ubi
203 1082 324 1109 nunc:

452 1137 594 1179 Omnia
623 1145 772 1191 pontus
803 1145 941 1188 erant,

108 1207 193 1247 olim
225 1207 418 1247 serebatur
442 1214 544 1247 erat.
590 1206 722 1259 Itaque
747 1219 828 1245 mea
847 1207 1063 1246 coniectura
1086 1209 1165 1257 est,
1195 1207 1270 1260 fiat
1295 1208 1392 1260 apud
1417 1209 1618 1261 Catonem,
1642 1210 1754 1250 item-

108 1289 181 1330 que
211 1277 308 1329 apud
347 1275 570 1326 Virgilium,
613 1278 652 1315 et
681 1282 770 1315 erac
800 1275 898 1326 apud
931 1275 1127 1325 Ovidium,
1161 1276 1334 1316 consulto
1371 1279 1571 1330 scriptum,
1611 1281 1649 1319 et
1679 1279 1754 1320 tri-

108 1345 292 1385 buendum
323 1357 413 1384 esse
444 1345 599 1384 acumini
632 1344 774 1383 cuidam
804 1344 1063 1393 grammatico.
1111 1344 1160 1384 Ut
1189 1357 1260 1396 per
1285 1348 1544 1388 attractionem
1566 1347 1641 1400 fiat
1662 1348 1755 1399 dici,

108 1418 148 1453 et
177 1422 285 1464 erac,
316 1414 558 1465 putaverint,
596 1416 754 1464 propter
787 1413 911 1451 vicina
941 1415 1068 1464 einis,
1107 1427 1234 1465 mare,
1264 1423 1427 1467 pontus.
1488 1414 1590 1456 Sane
1621 1416 1754 1456 similis

108 1483 283 1523 attractio
313 1482 410 1534 apud
442 1482 679 1532 Propertium
710 1481 760 1520 ΙΙ.
796 1496 879 1530 xvi,
912 1484 978 1520 46.

334 1552 452 1591 Haec
482 1552 639 1591 videam
668 1551 844 1603 rapidas
876 1553 915 1589 in
946 1564 1091 1590 vanum
1119 1551 1230 1603 ferre
1256 1553 1466 1606 procellas

335 1620 449 1677 Quae
479 1619 553 1659 tibi
582 1627 714 1668 terra,
745 1619 881 1670 velim,
918 1633 1021 1674 quae
1050 1619 1124 1659 tibi
1154 1619 1217 1660 fiat
1246 1633 1370 1676 aqua.

106 1687 301 1728 Arnoldus
337 1688 382 1726 ad
424 1701 572 1727 versum
607 1691 672 1727 11.
705 1687 768 1726 ubi
801 1687 871 1726 hos
903 1700 1039 1727 versus
1076 1690 1243 1742 profert,
1289 1691 1342 1729 ita
1379 1690 1546 1742 scriptos
1585 1692 1751 1742 profert:

105 1757 273 1798 Portica
305 1770 385 1811 qua
415 1764 575 1797 nostros
606 1763 754 1796 metata
784 1763 848 1797 est
878 1759 905 1796 i.
937 1757 1095 1809 aqellos
1136 1758 1227 1814 Qua
1264 1761 1418 1799 nostros
1456 1759 1551 1800 fines
1588 1762 1698 1801 olim:
1731 1772 1753 1801 e

103 1838 174 1865 sna
203 1826 444 1872 coniectura,
477 1826 545 1865 sed
575 1826 613 1865 h.
645 1826 670 1865 l.
703 1829 910 1866 retractare
940 1838 984 1865 se
1015 1827 1267 1867 coniecturam
1299 1828 1405 1878 dicit,
1436 1840 1460 1868 a
1484 1828 1568 1868 viro
1595 1829 1752 1883 quodam

104 1894 214 1934 docto
245 1895 482 1934 admonitum.

189 2032 239 2072 V.
274 2036 340 2072 47.
388 2038 463 2073 Sic
490 2038 695 2072 PRECOR:
723 2038 781 2072 ΕΤ
805 2037 849 2071 Ν.
875 2038 915 2072 S.
943 2038 984 2072 Η.
1012 2039 1050 2073 G.
1077 2039 1120 2073 V.
1170 2033 1397 2085 Respondet
1421 2034 1549 2073 versui
1570 2037 1638 2074 25.
1676 2035 1752 2075 Hic

105 2107 147 2141 ue
178 2113 246 2152 pro
278 2108 317 2142 ee
349 2103 385 2141 in
416 2102 539 2141 Paris.
572 2101 641 2140 IV.
704 2107 866 2155 superet
906 2102 941 2140 in
974 2102 1116 2141 eodem.
1186 2109 1383 2155 superant
1412 2103 1448 2142 in
1478 2103 1575 2143 Ven.
1607 2102 1750 2145 Achat.

104 2171 237 2209 nostri
265 2173 350 2210 voti
378 2183 480 2210 suam
512 2171 763 2210 coniecturam
793 2182 924 2209 rursus
954 2170 1212 2222 adscripscrat
1241 2171 1437 2211 Heinsius.

193 2306 242 2345 V.
275 2309 341 2347 48.
403 2318 583 2359 UNDAE,
617 2317 743 2360 QUAE
779 2316 980 2351 VESTRIS
1011 2316 1242 2353 PULSATIS
1275 2318 1481 2353 LITTORA
1513 2319 1748 2354 LYMPHIS.

105 2375 255 2425 vulgo,
289 2376 324 2414 h.
358 2390 389 2415 e.
423 2378 457 2415 in
492 2377 689 2423 Romanis,
722 2380 760 2416 et
791 2377 954 2416 caeteris
984 2380 1072 2416 ante
1104 2377 1288 2428 Aldinas‚
1320 2377 1402 2419 sola
1433 2382 1597 2431 excepta
1626 2379 1748 2419 Muti-

105 2444 270 2492 tinensi,
303 2450 452 2484 nostris
484 2445 645 2496 legitur3
687 2448 723 2484 et
761 2446 818 2484 sic
854 2446 950 2496 apud
983 2446 1229 2485 Burmannnm
1268 2446 1469 2487 Mediceus
1499 2460 1522 2488 a
1551 2460 1657 2488 manu
1689 2460 1747 2499 pr.

103 2513 203 2564 apud
229 2525 285 2551 me
302 2513 426 2551 Paris.
447 2513 515 2552 IV.
548 2517 586 2553 ut
617 2517 759 2553 taceam
790 2514 887 2554 istos
918 2514 1100 2563 novitios,
1133 2516 1196 2567 qui
1227 2515 1274 2554 ab
1305 2516 1417 2555 editis
1443 2516 1627 2568 pendent,
1655 2517 1745 2556 Bas.

104 2581 216 2621 Vrat.
248 2580 297 2619 11.
332 2580 447 2618 Voss.
479 2580 528 2619 ll.
588 2586 737 2622 uestris
777 2594 914 2632 magno
955 2594 1145 2621 consensu
1176 2583 1296 2622 Voss.
1328 2584 1359 2623 I.
1401 2585 1433 2623 si
1464 2585 1490 2623 s.
1522 2597 1556 2623 s.
1597 2584 1744 2625 Thuan.

105 2650 228 2689 Paris.
260 2649 309 2688 ΙΙ.
342 2649 410 2687 111.
451 2649 572 2698 Angl.
610 2650 718 2699 Aug.
758 2650 867 2690 Mon.
900 2650 933 2689 Ι.
964 2650 1014 2689 ΙΙ.
1054 2650 1164 2691 Vrat.
1195 2651 1226 2690 Ι.
1266 2652 1520 2704 Mutinensis,
1559 2653 1746 2703 Aldinae,

104 2717 195 2757 MS,
213 2719 274 2770 qui
296 2718 436 2757 dicitur
460 2717 596 2763 Pierii,
623 2722 660 2757 et
679 2722 770 2770 post
791 2718 950 2758 Aldinas
972 2718 1128 2769 multae,
1159 2723 1224 2759 aut
1248 2720 1473 2773 pleraeque,
1507 2722 1615 2761 etiarn
1648 2721 1748 2760 Sca-

104 2786 314 2836 ligeranae.
360 2786 444 2826 Etsi
471 2784 709 2835 Scaligerum
741 2788 860 2838 ipsum
890 2790 1044 2827 nostris
1077 2787 1249 2828 voluisse
1280 2792 1440 2841 apparet
1469 2801 1518 2828 ex
1549 2790 1619 2838 iis,
1652 2801 1748 2841 quae

104 2855 239 2894 scribit
268 2854 314 2893 ad
348 2866 448 2893 vers.
476 2857 511 2891 1.
554 2852 615 2892 Ac
644 2855 773 2904 possis
802 2859 954 2896 nostris
986 2855 1112 2908 aliquo
1143 2857 1252 2896 modo
1283 2857 1507 2908 defendere,
1537 2858 1623 2909 quia
1646 2857 1744 2909 quod

104 2924 268 2962 vicinum
299 2923 410 2962 alicui
442 2934 537 2972 agro
568 2933 669 2961 mare
701 2927 783 2973 est,
821 2923 868 2962 ad
900 2924 1083 2963 dominum
1113 2926 1380 2977 quodammodo
1410 2925 1597 2975 pertinet,
1638 2926 1747 2977 eique

106 2990 329 3032 obstrictum
360 2992 433 3031 est.
493 2988 663 3029 Praetuli
701 2993 852 3031 vestris
891 2994 1073 3045 tamquam
1111 2992 1335 3045 simplicius.
1395 2992 1530 3045 Neque
1568 2993 1660 3034 male
1691 3007 1747 3033 me

1410 3063 1474 3107 6.
