2006 3365
209 156 275 200 70
763 148 1291 191 ANIMADVERSIONES

209 266 328 318 hanc,
364 267 520 316 Threx,
557 267 744 306 Threcis:
778 266 884 304 cuius
915 265 1125 315 scripturae
1157 276 1252 316 quae
1283 266 1435 303 exstant
1464 264 1658 316 exempla,
1691 267 1844 304 exstant

208 337 328 375 autem
358 334 558 386 permulta,
592 335 632 372 ut
661 335 814 384 praeter
845 332 939 371 alios
970 333 1202 372 Burmannus
1232 333 1276 371 ad
1302 332 1454 371 Petron.
1474 333 1594 373 XLV.
1613 346 1650 384 p.
1671 337 1765 372 301.
1784 346 1841 385 sq.

209 402 497 453 Oudendorpius
534 402 580 440 ad
612 402 721 442 Suet.
755 400 880 454 Calig.
914 416 1045 440 xxxv.
1115 400 1404 440 Drakenborch.
1444 402 1489 440 ad
1520 401 1604 440 Liv.
1635 400 1842 440 XXXVII.

209 486 368 521 xxxin,
393 474 432 509 3.
463 470 688 519 ostendunt,
720 469 753 509 si
782 483 854 509 non
886 471 1029 519 omnia,
1061 471 1182 509 tamen
1215 482 1349 518 magna
1380 481 1429 508 ex
1460 473 1565 521 parte
1597 472 1632 508 in
1664 482 1736 508 uno
1767 481 1843 518 ge-

206 551 296 578 nere
326 540 552 589 versantur,
591 551 663 577 non
694 542 734 578 ut
764 551 892 578 omnes
922 537 1115 587 Thraces,
1153 537 1190 576 h.
1224 551 1257 576 e.
1291 538 1437 577 incolae
1467 538 1678 587 Thraciae,
1717 539 1843 577 Thre-

206 620 274 646 ces
298 606 387 644 dicti
408 607 569 657 suerint,
601 608 669 646 sed
691 610 852 657 tantum,
878 620 974 660 quae
997 607 1132 645 eximia
1155 610 1214 645 est
1238 606 1494 658 Oudendorpii
1518 608 1561 645 ad
1588 608 1696 646 Suet.
1716 604 1843 654 Calig.

206 675 231 714 l.
251 674 274 714 l.
298 677 337 714 et
354 674 400 713 ad
418 674 542 714 Titum
561 688 643 727 cap.
664 691 749 715 v111.
779 679 837 725 et,
862 678 949 715 ante
970 675 1289 725 Oudendorpium,
1315 675 1502 714 'l'orrentii
1523 676 1569 714 ad
1589 675 1697 715 Suet.
1715 674 1844 723 Calig.

206 759 270 783 ιν.
301 744 543 793 observatio,
575 748 615 784 ut
645 744 892 794 gladiatores.
944 745 1070 796 Atque
1096 744 1129 782 id
1158 756 1230 781 non
1256 745 1380 795 poetis
1403 744 1613 794 proprium,
1646 744 1713 783 sed
1739 756 1844 782 com-

205 826 311 853 mune
342 814 429 852 suit:
472 817 512 853 ut
543 816 644 853 recte
675 812 771 852 haud
803 813 915 852 (lubie
945 813 1072 861 multi,
1104 817 1235 852 contra
1266 816 1421 851 mentem
1452 813 1624 863 Ernesti,
1662 813 1846 852 Threcem

206 882 374 922 scribant
403 883 439 921 in
472 881 672 922 Ciceronis
710 882 794 921 loco
834 882 881 920 de
911 881 1090 920 Provinc.
1124 880 1240 920 cons.
1275 897 1335 930 ιν,
1369 885 1407 920 9.
1468 881 1574 931 Ergo
1612 881 1684 920 hoc
1722 881 1847 929 magis

206 950 522 991 demonstratione
545 952 657 1000 eget,
690 963 734 988 an
758 950 884 1001 poetis
909 961 1063 1000 unquam
1089 950 1243 999 Threx,
1270 950 1455 1000 Three-is,
1481 950 1676 1001 placuerit.
1726 949 1846 1001 Equi-

207 1019 286 1058 dem
318 1022 357 1059 ut
392 1021 556 1059 Threcz's
588 1020 824 1058 restituerem
857 1017 1011 1063 Catoni,
1053 1019 1185 1068 partim
1217 1019 1421 1057 auctoritas
1453 1019 1548 1069 apud
1583 1031 1638 1057 me
1669 1018 1847 1056 librorum

206 1087 349 1139 effecit,
380 1089 511 1139 partim
544 1088 639 1140 quod
673 1087 781 1126 etiam
813 1086 898 1125 aliis
930 1087 1024 1125 locis
1054 1086 1262 1135 nonnullis,
1294 1087 1340 1125 ad
1372 1100 1467 1139 quos
1498 1100 1569 1125 non
1597 1087 1754 1139 quadrat
1783 1084 1848 1124 illa

207 1155 463 1207 Oudendorpii
494 1156 761 1208 Torrentiique
801 1157 1000 1206 exceptio,
1041 1168 1075 1194 e.
1106 1168 1149 1204 g.
1181 1156 1278 1206 apud
1310 1155 1476 1205 Livium,
1519 1154 1731 1195 Cornelium
1761 1154 1847 1193 Ne-

204 1228 348 1275 potem,
386 1225 558 1265 lereces
590 1226 826 1276 reperiuntur
856 1226 891 1263 in
923 1224 1031 1263 libris
1062 1223 1158 1262 haud
1192 1225 1497 1273 contemnemlis3
1539 1225 1698 1276 denique
1731 1236 1846 1274 repu-

206 1293 328 1332 tabam
358 1292 454 1333 banc
486 1306 560 1333 rem
592 1307 640 1333 ex
671 1294 719 1331 iis
752 1305 863 1343 esse,
904 1293 938 1330 in
971 1292 1107 1345 quibus
1145 1292 1253 1330 aliam
1291 1292 1366 1330 alio
1402 1296 1566 1343 tempore
1598 1292 1846 1331 consuetudi-

206 1375 289 1401 nem
320 1362 533 1402 obtinuisse
562 1361 760 1414 probabile
790 1363 863 1410 sit,
903 1373 1024 1413 neque
1056 1358 1234 1400 Catonem
1277 1362 1323 1399 iis
1354 1360 1508 1410 legibus
1539 1361 1848 1410 adstringendum

208 1443 316 1481 esse,
359 1432 494 1484 quibus
525 1432 700 1482 paruisse
737 1443 871 1470 aevum
904 1430 1074 1479 Augusti
1117 1430 1299 1468 videmus.
1361 1429 1496 1469 Catoni
1536 1431 1652 1468 forma
1693 1429 1849 1467 nominis

208 1513 276 1552 per
307 1513 350 1540 se
380 1501 522 1552 proha,
561 1500 702 1552 quippe
733 1500 803 1539 rite
844 1498 1026 1538 translata
1057 1510 1076 1536 e
1108 1510 1281 1536 sermone
1310 1509 1471 1547 gracco,
1514 1498 1565 1537 uti
1596 1497 1721 1548 licuit3
1752 1497 1843 1536 Vir-

207 1570 324 1620 gilius
355 1572 394 1609 ut
424 1581 468 1608 ea
498 1571 683 1617 uteretur,
724 1581 830 1621 quum
863 1569 931 1606 iam
964 1569 1069 1605 esset
1100 1570 1314 1616 contempto
1353 1565 1539 1605 bominum
1580 1566 1716 1615 generi
1754 1579 1846 1617 pro-

209 1640 290 1690 pria
321 1640 440 1688 sacta,
483 1639 646 1677 fortasse
684 1636 783 1676 nullo
820 1637 941 1687 pretio
980 1636 1084 1685 adigi
1115 1636 1317 1686 potuisset.
1387 1635 1513 1673 Veluti
1546 1637 1642 1674 Aen.
1675 1634 1745 1673 111.
1783 1637 1846 1673 14.

209 1708 305 1746 inter
330 1709 387 1746 tot
410 1706 528 1746 libros
551 1706 673 1745 nullus
697 1709 1016 1750 commemoratur,
1050 1704 1110 1756 qui
1141 1704 1311 1743 Threces
1337 1711 1458 1743 arant
1481 1704 1626 1743 offerat.
1721 1704 1846 1742 Thre-

209 1779 269 1816 eis
301 1776 437 1815 Pctav.
477 1775 624 1814 Tliuan.
662 1774 767 1814 Leid.
801 1772 959 1812 Helmst.
992 1773 1116 1811 Paris·
1148 1772 1196 1811 ll.
1229 1772 1299 1810 Ill.
1339 1773 1508 1821 August.
1544 1772 1698 1810 Monac.
1731 1771 1761 1810 Ι.
1794 1771 1844 1811 11.

208 1849 246 1884 et
276 1847 467 1891 Graecis,
500 1844 596 1896 quod
627 1844 723 1882 idem
753 1844 834 1891 est,
873 1842 1013 1893 quippe
1044 1843 1161 1880 ortum
1193 1854 1241 1879 ex
1279 1841 1464 1892 Threeis,
1504 1840 1566 1879 vel
1604 1854 1654 1879 ex
1690 1841 1845 1880 Thrae-

209 1916 293 1963 eis,
326 1926 420 1965 quae
449 1915 487 1953 et
517 1914 601 1964 ipsa
631 1913 782 1964 antiqua
805 1908 1081 1960 orthographia
1112 1912 1190 1957 est,
1223 1909 1346 1948 Paris.
1370 1909 1439 1949 IV.
1463 1908 1585 1958 Angl.
1623 1910 1846 1949 Tleeriscum

209 1982 368 2022 Vratisl.
401 1982 431 2021 Ι.
469 1985 507 2021 et
537 1982 593 2020 sic
623 1982 658 2019 in
690 1980 842 2019 Monac.
874 1979 904 2018 Ι.
936 1978 985 2017 11.
1029 1978 1247 2018 coaluerunt
1286 1979 1324 2016 in
1366 1990 1469 2016 uriam
1509 1991 1641 2016 vocem
1679 1979 1844 2018 Thr-eois

209 2059 298 2092 tum.
363 2052 533 2092 Thracis
566 2050 684 2099 vulgo
717 2060 859 2087 omneS.

295 2134 378 2160 cum
415 2133 481 2171 pro
520 2128 596 2159 tum
628 2117 786 2157 Vratisl.
820 2117 868 2156 11.
909 2116 1006 2155 Ven.
1041 2115 1180 2155 Achat.
1214 2116 1309 2154 iiiut.
1391 2116 1547 2155 Boreae
1582 2117 1744 2167 spirent
1773 2116 1846 2157 tibi

209 2189 350 2228 Medic.
383 2191 531 2228 imaum
561 2188 670 2227 Vrat.
703 2186 732 2225 I.
765 2187 940 2225 inmania
971 2185 1053 2223 cod.
1086 2185 1175 2224 Bas.
1207 2187 1244 2223 et
1276 2184 1383 2223 Vrat.
1416 2184 1464 2222 ll.
1604 2185 1774 2225 Thracis
1805 2188 1845 2225 in

209 2260 310 2299 hunc
340 2258 364 2296 i.
396 2271 430 2297 e.
462 2258 674 2306 Battarum,
706 2255 861 2295 Boreae
892 2256 1047 2308 spirent
1077 2254 1174 2292 coni.
1205 2253 1340 2292 Heius.

295 2395 344 2437 V.
376 2400 443 2436 38.
476 2399 514 2435 9.
564 2400 717 2434 EURUS
744 2399 872 2433 AGAT
896 2397 1091 2432 MIXTAM
1117 2397 1272 2430 FULVA
1297 2397 1521 2431 CALlGlNE
1547 2400 1614 2431 etc.
1658 2392 1726 2431 Sic
1750 2392 1842 2443 mel,

209 2465 357 2506 Thuan.
390 2465 511 2504 Paris.
531 2464 581 2503 Il.
606 2464 674 2503 111.
698 2464 769 2504 IV.
801 2463 921 2513 Angl.
953 2463 1060 2514 Aug.
1087 2462 1192 2500 ll'lon.
1213 2460 1243 2499 I.
1266 2461 1314 2499 Il.
1346 2461 1456 2500 Vrat.
1483 2461 1512 2500 Ι.
1545 2463 1705 2514 Itemque
1735 2460 1841 2510 libri,

210 2538 251 2574 ut
281 2534 447 2581 videtur,
490 2534 709 2582 Burmanni,
750 2534 821 2571 nisi
858 2533 955 2585 quod
988 2533 1125 2571 Purus
1163 2543 1230 2581 pro
1261 2531 1397 2570 Eurus
1436 2532 1471 2568 in
1508 2531 1691 2569 omnibus.
1749 2529 1842 2567 Tam

210 2602 383 2655 pusillum
413 2602 597 2646 mendum,
640 2602 797 2651 Purus,
839 2612 999 2650 magnae
1031 2612 1166 2638 caussa
1196 2600 1325 2638 ruinae
1356 2601 1436 2638 suit.
1497 2599 1613 2652 Quum
1643 2599 1738 2636 enim
1768 2596 1843 2636 boc

210 2672 340 2711 mendo
372 2671 496 2719 illat0,
529 2670 828 2719 coniungendam
855 2682 943 2707 esse
968 2669 1102 2708 Parus
1127 2669 1298 2721 Africus
1327 2669 1605 2716 existimarent,
1637 2679 1709 2719 quo
1740 2667 1839 2706 facto

211 2754 282 2779 non
313 2740 471 2791 amplius
503 2742 604 2786 erat,
643 2739 738 2777 unde
777 2738 959 2789 penderet
998 2737 1152 2777 imbrem
1181 2738 1446 2785 accusativus,
1487 2738 1691 2787 coeperunt
1722 2734 1841 2774 imber

212 2810 404 2861 scribere,
437 2808 518 2856 vel,
550 2811 589 2847 ut
619 2810 691 2847 tum
722 2806 914 2853 solebant,
945 2805 1125 2858 hymber3
1158 2808 1195 2845 et
1224 2806 1487 2856 mutantibus,
1522 2817 1590 2856 pro
1619 2806 1840 2843 minitanti-

215 2878 304 2925 bus,
339 2890 423 2916 cnm
454 2877 695 2915 distinctione
723 2877 813 2926 post
842 2876 1027 2927 Africus.
1069 2877 1107 2913 ut
1136 2875 1173 2912 in
1202 2873 1405 2913 Romanis:

494 2947 680 2997 Africus.
711 2946 904 2983 immineat
934 2944 1072 2983 nimbis
1103 2943 1343 2983 mutantibus
1373 2942 1541 2996 hymber-

212 3017 321 3065 atque
352 3015 404 3053 ita
434 3017 640 3065 conceptus
670 3025 808 3053 versus
838 3012 877 3051 in
907 3013 1001 3051 omni
1033 3012 1196 3052 editione
1226 3012 1377 3065 antiqua
1402 3010 1541 3050 saeculi
1556 3009 1645 3049 XV.
1680 3009 1839 3049 circum-
