2006 3365
508 133 562 172 IN
593 133 812 173 VALERII
844 131 1080 174 CATONIS
1111 131 1291 172 DIRAS.
1651 135 1713 178 71

71 250 202 288 fertur.
264 247 492 286 Mutinensis
532 251 670 287 tantum
710 249 808 287 bene
844 247 1116 288 minitantibus
1156 248 1372 286 conservat.
1415 248 1454 285 et
1483 244 1715 285 natantibus

72 302 254 365 in‘Virg.
287 315 401 365 Aldi,
439 315 555 354 Taur.
599 320 719 354 1518.
763 319 801 355 et
839 328 935 355 nunc
972 317 1006 354 in
1048 315 1222 366 exemplo
1260 315 1366 366 Lips.
1399 313 1448 353 V.
1480 313 1509 352 Ι.
1551 326 1572 352 a
1608 326 1715 352 manu

71 384 200 423 Gloss.
243 384 379 423 Eurus
406 384 546 434 primus
578 397 599 423 e
631 385 847 423 coniectura
878 385 1045 423 restituit
1074 384 1236 432 Badius,
1269 384 1306 421 iu
1329 383 1441 422 tertia
1464 382 1609 434 quidem
1632 382 1714 421 edi-

71 453 175 492 tione
205 464 295 501 sua,
327 452 393 490 sed
426 453 478 491 ita
505 455 545 491 ut
571 453 750 492 retineret
773 452 914 501 imber,
939 452 1044 504 quasi
1072 452 1301 500 iungendum
1321 452 1370 490 sit
1392 451 1509 491 imber
1529 451 1715 503 Africus.

72 521 279 560 Praeterea
308 520 404 558 idem
436 521 471 558 iu
503 521 630 558 eadem
663 520 896 560 nutantibus
928 519 1058 558 edidit.
1091 520 1228 559 Eurus
1257 541 1309 547 —
1332 520 1574 559 mutantibus
1605 520 1716 572 bym-

73 587 140 628 ber
169 588 267 627 lunt.
298 601 360 639 ap.
393 588 516 627 Burm.
650 588 824 639 Denique
855 586 968 638 illud,
1000 587 1099 639 quod
1132 600 1261 626 verum
1294 591 1375 637 est,
1407 589 1443 626 in
1475 587 1648 638 Alanus,
1679 591 1718 628 et

71 669 122 696 ex
152 656 304 695 Aldinis
336 657 372 695 in
406 657 495 696 Bas.
534 659 652 695 1543.
702 656 862 695 Venetis
899 657 1016 693 1544.
1055 658 1174 693 1555.
1209 658 1330 694 1558.
1368 655 1492 705 Lugd.
1525 658 1563 696 et
1593 656 1715 697 Antv.

79 728 196 764 1556.
244 726 333 764 Bas.
366 724 415 763 H.
448 726 491 765 P.
529 728 646 764 1561.
696 723 876 773 Sealigg.
907 722 1008 762 Pith.
1049 723 1205 776 reliquis
1241 723 1392 764 editum.
1466 724 1516 764 Et
1546 725 1602 764 sic
1633 725 1717 764 eod.

72 795 133 846 qui
164 794 297 833 dicitur
328 794 456 833 Pierii.

157 863 372 913 Supersunt
403 862 514 911 vitia,
546 863 584 900 et
614 859 919 911 orthographiae
949 859 1133 899 varietas.
1178 859 1229 899 V.
1251 863 1319 900 38.
1353 866 1479 912 ayant
1504 860 1626 899 Paris.
1643 859 1715 899 IV.

71 935 227 972 mistam
246 930 432 980 Aldinae,
456 931 543 980 post
561 927 723 968 Aldinas
743 929 861 979 aliae,
886 930 925 968 et
944 928 1192 968 recentiores.
1221 929 1343 969 nabes
1362 929 1470 968 Mon.
1493 928 1544 968 ΙΙ.
1579 929 1629 969 V.
1648 932 1716 968 39.

72 1001 278 1054 Apbrieas
290 998 556 1038 Ven.1ens.et
573 998 669 1037 Mut.
686 1000 905 1037 immineant
920 996 1063 1035 Medic.
1086 996 1192 1037 nibis
1209 996 1358 1036 Thuan.
1379 998 1532 1051 nymbis
1542 997 1714 1047 August.

72 1068 179 1107 Mon.
201 1068 230 1107 Ι,
249 1067 300 1107 ΙΙ.
321 1066 420 1106 Ven.
438 1066 540 1105 lens.
560 1067 713 1107 Vicent.
741 1065 986 1106 imitantibus
1006 1064 1169 1104 Helmst.
1195 1066 1336 1106 imbres
1359 1066 1478 1105 Voss.
1496 1066 1528 1105 I.
1551 1066 1718 1119 ymbrem

71 1137 178 1177 Mon.
198 1136 229 1175 Ι.
250 1135 301 1175 ΙΙ.
333 1135 495 1175 Vrat.1.
528 1137 566 1174 et
594 1134 753 1188 hymber
783 1135 818 1173 in
845 1134 1045 1178 Romanis,
1077 1136 1115 1173 et
1146 1133 1300 1186 reliquis
1330 1135 1473 1176 saeculi
1487 1135 1577 1175 XV.
1603 1147 1716 1187 prae-

72 1208 130 1246 ter
159 1204 258 1244 Ven.
290 1203 433 1244 Achat.
466 1204 502 1242 in
534 1216 606 1256 qua
635 1203 788 1257 ymber,
821 1206 859 1243 et
888 1202 987 1242 Ven.
1019 1202 1119 1242 lens.
1151 1203 1250 1243 Mut.
1283 1204 1320 1242 in
1350 1204 1486 1255 quibus
1518 1204 1648 1244 imber.

157 1275 266 1313 surva
295 1273 469 1325 ealiyine
507 1285 574 1324 pro
604 1274 726 1325 fulva
765 1273 863 1311 coni.
905 1271 1077 1321 Heinsii,
1115 1272 1183 1311 sed
1222 1272 1345 1311 obiter
1375 1273 1498 1323 sacta,
1538 1275 1577 1312 et
1607 1286 1715 1325 quam

72 1344 157 1394 ipse
188 1344 369 1381 retractat
407 1342 519 1381 docta
555 1341 812 1392 disputatione
852 1339 898 1379 ad
938 1340 1054 1379 Ovid.
1087 1339 1239 1380 Metam.
1272 1340 1342 1380 ΙΙΙ.
1374 1344 1471 1380 273.
1513 1341 1575 1380 ubi
1607 1342 1717 1381 inno-

73 1411 174 1450 xiam
206 1423 339 1450 vocem
368 1411 513 1462 fulvas
544 1413 617 1450 tum
648 1410 732 1448 aliis
763 1409 859 1448 loeis
890 1411 1020 1448 eontra
1051 1422 1141 1448 suas
1172 1409 1293 1460 ipsius
1320 1411 1603 1450 emendationes
1628 1412 1717 1449 vin-

74 1480 195 1530 dieat,
236 1482 308 1519 tum
340 1478 413 1518 hoe
443 1478 601 1519 Catonis
638 1478 721 1518 loco
759 1477 945 1517 ferendam
987 1490 1076 1517 esse
1116 1479 1199 1516 sine
1237 1478 1472 1519 dubitatione
1512 1479 1715 1529 significat.

73 1548 216 1588 Nostro
247 1548 381 1587 similia
411 1550 499 1587 sunt
529 1548 627 1599 apud
659 1547 855 1586 lleiusium
885 1546 984 1585 Stat.
1017 1546 1143 1586 Theb.
1175 1547 1245 1586 lx.
1279 1549 1373 1585 727.

698 1618 807 1656 venit
837 1619 877 1656 in
906 1616 1055 1656 medios
1087 1616 1254 1666 caligine
1284 1616 1390 1656 fulva

412 1685 538 1738 Septa
568 1684 724 1737 globos.

72 1754 133 1792 ubi
164 1753 331 1793 codicum
369 1754 597 1793 auctoritate
635 1753 932 1804 decernendum,
972 1756 1089 1794 utrum
1123 1755 1247 1806 salva
1276 1755 1449 1806 scribas,
1490 1767 1536 1794 an
1564 1756 1716 1807 farva3

73 1826 110 1863 et
140 1823 337 1862 Lucretius
368 1822 439 1863 VI.
473 1824 568 1861 460.

694 1890 824 1930 fulvae
854 1892 968 1931 nabis
1002 1891 1167 1941 caligine
1199 1905 1373 1932 crassa:

72 1959 156 2008 ubi,
187 1962 227 1999 ut
257 1959 510 1999 coniecturam
541 1959 706 1999 Bentleii
733 1961 885 2012 furvae
914 1963 1080 2011 taceam,
1108 1960 1383 1999 Wakefieldius
1414 1973 1494 2001 eum
1525 1959 1715 2000 Creechio

71 2029 200 2067 nescio
231 2029 317 2080 quid
349 2029 396 2068 de
425 2042 516 2068 auro
548 2033 587 2070 et
616 2029 770 2080 fulgore
801 2029 982 2080 somniat,
1013 2041 1090 2079 ego
1123 2042 1216 2069 vero
1247 2030 1456 2070 Lucretium
1486 2033 1561 2071 tum
1591 2043 1641 2070 ex
1671 2042 1716 2070 se

70 2098 177 2148 ipso,
209 2097 281 2147 hoe
312 2101 393 2148 est,
426 2111 475 2137 ex
506 2099 696 2138 sententia
727 2098 824 2148 loci,
866 2100 938 2137 tum
970 2110 1021 2136 ex
1051 2097 1206 2137 aliorum
1236 2102 1429 2151 poetarum
1461 2099 1558 2139 locis
1588 2100 1716 2139 aetate

72 2166 322 2215 proximorum
353 2178 425 2205 non
464 2166 654 2216 ambiguis
694 2167 955 2218 explicandum
995 2179 1154 2205 censeo:
1196 2167 1306 2207 Ennii
1337 2167 1477 2207 Annal.
1509 2168 1619 2209 Vlll.
1651 2180 1714 2221 ap.

71 2233 231 2272 Nonium
263 2247 300 2285 p.
334 2239 436 2284 217,
472 2239 535 2274 12.
570 2231 631 2287 ap.
664 2234 849 2274 Merulam
878 2248 916 2287 p.
951 2250 1212 2275 ccccnxxnu.

521 2305 661 2358 pulvis
693 2304 812 2343 Fulva
847 2305 974 2345 volat.

71 2370 117 2409 ad
150 2383 255 2423 quem
286 2371 403 2411 locum
435 2371 616 2413 Columna
645 2373 773 2413 laudat
803 2372 961 2414 Calvum
993 2373 1095 2425 apud
1129 2373 1343 2414 charisium
1369 2375 1400 2415 1.
1435 2377 1499 2415 73.
1539 2388 1601 2427 ap.
1630 2375 1714 2415 No-

72 2440 170 2478 nium
202 2453 238 2491 p.
275 2443 374 2490 198,
410 2444 473 2480 12.

415 2511 538 2567 Quam
569 2513 647 2550 iam
678 2511 783 2550 l'ulva
814 2513 915 2551 cinis
946 2512 1092 2564 fueris.

72 2577 135 2615 vel
164 2578 293 2630 s'aero.
327 2577 500 2616 Eumdem
531 2580 567 2618 in
597 2593 748 2619 sensum
778 2582 945 2620 sortasse
976 2581 1126 2621 dixerat
1156 2582 1301 2620 Ennius
1328 2582 1464 2621 Annal.
1480 2581 1628 2622 XVIII.
1650 2594 1711 2633 ap.

73 2645 232 2685 Gellium
262 2645 371 2685 XIH.
407 2661 477 2683 xx.

527 2721 626 2756 ae're
655 2718 772 2757 fulva.

73 2783 135 2822 vel
174 2787 272 2823 ae're
309 2784 447 2835 fulvo,
489 2785 529 2822 ut
565 2786 661 2835 apud
700 2787 864 2826 eumdem
899 2786 1058 2826 Gellium
1089 2787 1138 2826 ll.
1172 2803 1288 2826 xxv1.
1349 2788 1573 2843 Quamquam
1612 2787 1711 2825 aliud

72 2852 215 2891 sentire
254 2852 403 2891 videtur
440 2851 609 2891 Comus.-
658 2854 790 2907 Neque
829 2857 876 2895 ab
915 2855 986 2896 hac
1023 2857 1255 2909 antiquorum
1296 2860 1486 2908 poetarum
1528 2855 1712 2906 exemplis

75 2921 315 2972 comprobata
345 2921 627 2970 significatione
657 2922 857 2972 Virgilium
889 2926 1124 2976 recessisse,
1155 2928 1218 2965 aut
1249 2926 1447 2974 Ovidimn,
1487 2937 1593 2976 quum
1622 2926 1711 2976 sat-

74 3003 164 3030 vam
193 2989 326 3030 nubem
357 2990 502 3040 dieunt,
534 2989 596 3028 ille
621 2989 720 3030 Aen.
741 2991 830 3031 ΧΠ.
856 2996 948 3031 792.
981 2992 1041 3032 hie
1062 2993 1214 3033 Metam.
1238 2993 1306 3032 111.
1332 2994 1425 3030 273.
1459 2994 1522 3031 aut
1552 2992 1711 3034 Statium
