2006 3365
217 150 284 194 36
779 137 1304 181 ANlMADVERSIONES

220 263 373 310 dicam,
406 253 581 302 indicam,
625 254 872 306 imprecabor.
961 252 1020 291 De
1050 251 1232 302 Lycurgo
1265 251 1438 290 nonnulla
1468 251 1789 292 Lindenbruchius
1821 254 1860 292 et

222 331 471 377 Burmannnsg
503 326 586 364 add.
614 322 805 363 Plutarch.
836 323 884 360 de
911 321 995 360 aud.
1027 324 1129 372 poet.
1162 334 1199 372 p.
1237 324 1299 359 15.
1334 321 1377 359 Ε.
1410 324 1448 360 et
1478 323 1538 373 qui
1572 321 1737 360 Arabem
1769 323 1860 361 facit

220 399 456 448 Lycurgum,
488 394 646 432 Nonnus
663 391 754 430 XX.
774 390 997 430 236.XX1.
1030 393 1120 429 133.
1147 403 1202 428 ss.
1234 389 1312 428 Sed
1345 392 1459 428 totum
1493 390 1564 429 hoe
1594 390 1641 428 de
1673 390 1859 442 Lyeurqo

221 479 292 506 nen
325 465 485 503 feliciter
525 462 713 499 inventum
744 472 766 498 a
798 459 944 500 Catone
975 462 1077 509 puto.
1140 459 1349 508 Lycurgus
1390 459 1483 496 enim
1524 459 1587 498 ille
1616 459 1750 498 Thrax
1789 471 1860 497 non

219 540 291 576 tam
324 536 357 572 in
388 539 535 570 montes
569 534 607 569 et
637 529 772 569 silvas
811 531 1013 578 grassatus
1046 530 1126 576 est,
1166 540 1271 579 qnam
1304 528 1337 565 in
1372 528 1492 566 vites:
1534 531 1572 566 at
1605 529 1724 576 vites,
1757 529 1862 566 certe

221 603 400 647 Catonis,
434 613 505 638 non
537 600 573 638 in
604 598 715 637 silvis
747 602 872 646 erant,
905 598 972 637 sed
1005 598 1110 636 iuxta
1141 596 1298 634 silvam:
1332 596 1397 634 inf.
1423 609 1458 634 v.
1484 599 1548 634 42.
1581 596 1731 635 Deinde
1754 609 1861 649 quum

220 672 405 711 montibus
436 672 474 708 et
504 668 615 707 silvis
646 668 725 706 suis
756 679 891 705 novum
924 665 1085 718 aliquem
1108 665 1323 715 Lycurgum
1352 664 1539 714 postulat,
1565 666 1757 716 quaeritur
1778 666 1862 717 quis

220 742 283 780 ille
314 739 438 791 possit
470 750 571 777 esse.
618 732 762 775 Miles‘}
794 736 878 775 Non
911 740 1015 786 puto.
1048 734 1133 773 Non
1161 733 1242 772 vult
1274 734 1389 781 enim,
1423 736 1461 771 ut
1492 732 1597 772 miles
1629 736 1861 785 corrumpat,

221 812 370 849 evertat
400 820 555 857 agrum:
588 806 660 845 hoc
691 804 794 853 vult,
828 808 866 843 ut
896 803 1128 850 sterilescat,
1161 801 1362 851 langueat,
1401 804 1532 853 pereat
1563 815 1681 851 ager,
1715 815 1760 841 ne
1791 803 1863 841 frui

221 893 266 918 eo
296 878 404 917 miles
437 877 575 928 possit.
636 875 766 926 Itaque
797 873 928 912 melius
961 873 995 910 in
1028 872 1242 909 uuiversum
1275 871 1442 909 dixisset
1472 882 1515 908 se
1547 872 1654 909 etiam
1677 872 1864 910 montibus

221 961 265 987 ae
296 948 406 986 silvis
438 945 531 983 mala
563 944 706 982 minari.
751 940 827 981 Cur
857 944 978 980 antem
1010 944 1154 978 montes
1179 944 1216 978 et
1243 940 1363 978 silvas
1389 942 1670 989 connnemoret‚
1704 940 1739 978 id
1767 940 1865 979 bene

221 1017 308 1056 mihi
340 1016 471 1054 videor
503 1012 696 1052 declarare
727 1023 856 1062 posse.
903 1009 1062 1048 Scilicet
1087 1009 1156 1047 hac
1183 1010 1298 1059 prima
1324 1010 1615 1060 imprecatione,
1647 1021 1744 1061 qnae
1770 1020 1866 1048 eon-

224 1089 361 1126 tinetur
401 1083 578 1121 versibus
618 1094 711 1129 sex,
756 1079 841 1117 inde
872 1091 893 1116 a
926 1092 962 1116 v.
995 1081 1034 1117 8.
1079 1090 1196 1130 nsque
1238 1078 1281 1115 ad
1323 1092 1360 1115 v.
1400 1082 1458 1117 13.
1499 1091 1567 1116 sua
1608 1077 1867 1128 complectitur

224 1157 356 1194 onmia.
404 1154 519 1191 Erant
549 1154 670 1189 autem
704 1150 738 1187 in
770 1161 866 1197 agro
899 1146 1057 1187 Catonis
1087 1146 1182 1184 haee
1212 1147 1368 1184 maxime
1399 1147 1489 1184 tria:
1522 1151 1686 1192 montes,
1720 1146 1866 1195 silvae,

224 1237 321 1262 rura.
383 1223 430 1260 Et
462 1233 559 1266 rura,
592 1222 631 1257 ut
662 1230 729 1269 par
762 1219 863 1266 erat,
895 1216 1107 1253 accuratius
1140 1218 1399 1253 connnemorat
1432 1229 1469 1253 v.
1502 1219 1540 1254 9.
1574 1219 1638 1254 10.
1671 1216 1866 1265 montium,

222 1297 259 1332 et
291 1292 460 1338 collium,
494 1292 623 1328 iterum
655 1287 873 1325 mentionem
906 1285 995 1322 facit
1026 1297 1062 1321 v.
1096 1286 1159 1320 ll.
1193 1286 1230 1321 et
1258 1286 1322 1322 13.
1355 1283 1531 1322 silvarum
1564 1284 1694 1323 lterum
1726 1298 1765 1322 v.
1801 1288 1866 1324 13.

222 1364 339 1415 faeta
371 1374 419 1398 ex
452 1359 543 1397 meis
575 1355 850 1407 antiquioribus
883 1353 1003 1391 Paris.
1036 1352 1085 1390 ll.
1127 1354 1164 1390 et
1195 1351 1455 1400 Anglieanus3
1498 1357 1570 1390 tnm
1610 1354 1866 1402 recentiores,

224 1431 341 1469 Voss.
375 1429 424 1468 ll.
459 1434 496 1466 et
528 1423 758 1465 Vratisl.11.
791 1423 951 1473 denique
984 1422 1094 1463 editi,
1131 1421 1297 1460 Romana
1329 1420 1375 1459 ΙΙ.
1414 1421 1662 1471 Mutinensis,
1695 1420 1870 1460 Venetae

224 1501 324 1539 Rul).
357 1502 394 1537 et
426 1498 525 1536 lens.
558 1499 595 1533 et
626 1505 720 1546 quae
752 1492 847 1530 aliae
878 1491 925 1529 ab
959 1490 1015 1528 his
1057 1490 1239 1540 pendent,
1282 1491 1487 1529 vicentina
1526 1494 1711 1541 excepta;
1757 1491 1868 1530 etiam

224 1569 411 1614 Aldinae,
444 1566 620 1617 reliquae.
680 1564 775 1614 fata
808 1561 950 1600 Medic.
985 1560 1119 1597 Petav.
1150 1558 1298 1596 ΤΙιιιῑιιι.
1340 1563 1377 1596 et
1413 1558 1612 1597 Leidensis
1646 1559 1867 1608 Burmanni,

220 1637 347 1677 Paris.
375 1635 444 1675 lv.
479 1634 649 1682 August.
680 1631 834 1670 Monac.
857 1629 886 1667 I.
910 1628 959 1667 11.
993 1626 1150 1665 Vratisl.
1174 1626 1202 1664 l.
1235 1628 1295 1678 qni
1328 1628 1439 1665 miros
1472 1640 1684 1666 consensus
1710 1629 1745 1666 in
1769 1630 1869 1667 scri-

225 1710 334 1758 ptura
366 1705 531 1751 vitiosa,
563 1701 630 1739 sed
664 1701 828 1737 fortasse
860 1698 943 1735 inde
975 1696 1242 1747 explicandus,
1283 1696 1379 1748 qnod
1413 1696 1446 1733 in
1478 1696 1735 1748 antiquissimo
1768 1710 1866 1749 quo-

225 1777 305 1814 dam
344 1773 474 1812 codiee
512 1769 606 1808 male
644 1767 835 1806 distinctis
873 1765 1034 1816 syllabis
1071 1766 1224 1816 saccati
1261 1778 1382 1816 eurye
1423 1765 1555 1811 fuerit,
1597 1766 1692 1804 unde
1731 1768 1866 1816 postea

222 1844 350 1897 [Mali
380 1854 500 1891 curae
530 1840 679 1876 sactum.
727 1837 841 1875 Certe
873 1836 948 1882 sic,
979 1835 1108 1885 fatali
1138 1848 1272 1885 merce,
1305 1832 1443 1885 liquide
1476 1833 1615 1882 legitur
1647 1836 1681 1872 in
1705 1847 1763 1882 eo,
1795 1847 1867 1886 quo

223 1925 299 1961 ego
332 1909 466 1949 nullum
497 1908 744 1958 antiquiorem
775 1904 941 1943 codicem
974 1903 1121 1951 haheo,
1159 1902 1366 1951 Thuaneo,
1410 1902 1618 1940 Bnrmanno
1649 1915 1694 1941 ac
1725 1903 1869 1942 Vossio

225 1979 476 2027 testantibnsg
518 1979 556 2015 et
587 1976 641 2013 sic
675 1976 708 2012 in
742 1973 831 2020 illo,
874 1986 978 2024 quem
1012 1972 1234 2010 Leidensem
1276 1971 1366 2009 dicit
1406 1972 1650 2009 Burmannus.
1711 1971 1752 2010 In
1786 1973 1870 2011 Au-

226 2055 390 2099 gustano
423 2048 474 2085 ita
504 2045 627 2084 omnia
658 2044 742 2081 inde
773 2055 795 2080 a
826 2043 974 2085 dicam,
1017 2042 1172 2079 confusa
1211 2044 1319 2089 sunt,
1368 2042 1406 2078 ut
1447 2052 1518 2078 non
1557 2044 1738 2091 appareat
1775 2054 1871 2093 quo-

225 2118 334 2157 modo
384 2115 500 2154 dividi
544 2113 716 2163 syllabas
760 2111 934 2149 librarius
977 2109 1157 2147 veluerit:
1207 2109 1615 2160 dicam!mtfeetaliglur
1650 2123 1706 2148 ee.
1776 2111 1873 2162 fata

230 2188 338 2226 etiam
370 2185 454 2223 eod.
487 2182 604 2222 Basil.
637 2181 788 2220 Veneta
818 2179 958 2218 Achat.
991 2178 1213 2221 Vicentina,
1248 2178 1522 2216 Aseensianae.
1579 2178 1731 2229 liqut-ee
1762 2180 1873 2218 etiam

229 2256 351 2296 Paris.
384 2252 432 2291 ll.
484 2253 640 2303 liyurye
671 2249 829 2297 Anglie.
864 2248 1013 2286 Monac.
1047 2246 1096 2284 ll.
1146 2246 1313 2297 lyffltrqe
1344 2246 1498 2284 Monac.
1530 2246 1560 2284 Ι.
1594 2250 1631 2286 et
1665 2247 1821 2287 Vratisl.
1844 2248 1874 2287 Ι.

233 2325 406 2375 Licurqe
436 2321 546 2360 Rom.
569 2319 619 2357 ll.
652 2321 690 2356 et
720 2319 884 2370 lyemye
914 2317 1064 2355 Veneta
1095 2314 1279 2363 Achatis,
1312 2314 1500 2366 reliquae,
1534 2327 1612 2353 eum
1646 2316 1730 2354 eod.
1757 2315 1875 2355 Basil.

233 2397 271 2434 et
303 2394 418 2432 Voss,
450 2389 499 2428 II.

317 2462 429 2501 dieat
459 2456 564 2496 solae
596 2455 772 2494 Aldinae.
835 2453 941 2507 Quod
974 2465 1073 2502 nego
1107 2452 1194 2490 ferri
1229 2464 1357 2502 posse.
1413 2452 1561 2491 Versus
1592 2456 1736 2505 septem
1768 2455 1877 2506 prio-

234 2544 318 2579 res,
350 2532 390 2568 ut
420 2538 534 2577 supra
558 2525 824 2572 observatum,
854 2523 1056 2562 manlium
1081 2523 1191 2570 sunt,
1224 2522 1310 2559 sive
1332 2524 1588 2573 prooemium:
1621 2523 1717 2574 quod
1745 2535 1878 2562 nexam

239 2613 320 2639 cum
351 2595 522 2636 carminis
553 2593 656 2631 initio
689 2592 809 2642 ipsius
841 2590 1063 2629 sententiam
1096 2590 1240 2628 hahere
1265 2602 1337 2629 non
1365 2590 1486 2630 decet.
1535 2592 1645 2631 dieat
1668 2593 1880 2630 correctio-

241 2681 320 2707 nem
352 2668 440 2717 puto
474 2664 545 2701 viri
577 2661 677 2700 docti
709 2673 818 2709 esse,
849 2672 917 2711 per
948 2672 990 2697 se
1021 2659 1116 2697 satis
1150 2658 1386 2709 elegantem,
1418 2662 1582 2699 fortasse
1613 2660 1732 2710 ipsius
1762 2660 1880 2710 Aldi,

243 2738 303 2789 qui
343 2736 496 2784 recepta
535 2731 721 2780 scriptura
752 2728 836 2766 illa:
884 2728 1022 2767 Multa
1058 2730 1175 2779 prius
1205 2727 1324 2779 fient,
1367 2729 1523 2767 verbnm
1560 2727 1804 2767 desiderabat
1834 2729 1880 2768 ad

249 2817 377 2844 vocem
409 2813 539 2841 avena
570 2799 778 2850 pertinens.
838 2796 985 2835 Nullam
1015 2794 1156 2834 Aldina
1187 2797 1373 2847 scriptura
1403 2797 1450 2835 ab
1482 2796 1612 2845 libris,
1644 2808 1738 2848 quos
1770 2799 1882 2836 novi-

247 2888 325 2911 nms
356 2873 450 2911 satis
480 2868 637 2917 multos,
669 2865 1021 2905 commendationem
1052 2864 1180 2904 habet.
1242 2865 1283 2903 In
1322 2878 1392 2904 uno
1424 2865 1614 2904 Vossiano
1645 2864 1676 2903 Ι.
1716 2867 1884 2916 suspicio

250 2944 310 2980 est
340 2942 517 2990 scriptum
548 2938 659 2976 dicat
689 2936 821 2974 fuisse.
875 2934 924 2973 Et
954 2933 1186 2972 Burmannus
1217 2934 1362 2986 quidem
1394 2935 1535 2973 diserte
1564 2933 1655 2973 dicit
1686 2934 1737 2972 ita
1767 2935 1886 2974 fuisse

250 3021 295 3048 eo
326 3010 362 3047 in
393 3008 509 3056 lihr03
542 3018 610 3044 nos
642 3017 722 3043 cum
753 3004 945 3043 cautione:
987 3004 1026 3042 .ςί
1054 3002 1157 3055 fides
1189 3003 1350 3043 silentio
1390 3003 1538 3043 Vossii.
1583 2999 1643 3041 Cf.
1675 3002 1782 3042 Diss.
1815 3003 1885 3043 IV.
