2006 3365
456 170 509 209 IN
544 168 763 209 VALnnn
797 169 1034 210 CATONIS
1066 169 1246 209 DIRAS.
1575 172 1677 216 107

38 285 204 326 Occulec
234 283 344 322 Vrat.
378 283 408 322 l.
467 284 600 322 Habes
631 288 693 322 aut
735 285 933 335 perspicue
963 296 1205 334 expressam,
1245 287 1308 323 aut
1339 283 1515 322 latentem
1546 283 1580 321 in
1612 295 1677 321 er-

34 354 206 401 roribus,
246 365 397 404 quorum
430 352 594 390 nonnulli
625 365 765 390 manum
807 353 970 402 prodere
1010 354 1235 391 correctoris
1277 353 1470 401 videntur,
1511 354 1678 389 veterem

35 421 222 474 quamdam
254 422 475 471 scripturam
509 421 685 459 θοι-αἰεί.
745 421 820 459 Iam
853 421 1016 459 (r'ocnlet
1048 421 1132 472 quid
1164 423 1250 460 est?
1299 421 1427 459 Ortum
1461 432 1508 458 ex
1542 419 1677 459 Occu-

31 486 128 543 pet?
165 489 267 528 Sane
299 489 433 527 limites
465 489 587 527 nullos
619 490 726 528 novit
757 489 989 527 librariorum
1022 494 1154 539 stupor
1185 501 1230 527 ac
1262 490 1475 539 tenu-ritas,
1514 492 1552 527 et
1583 500 1676 539 pec-

35 561 151 597 catum
184 561 244 596 est
275 570 391 608 saepe
424 557 633 596 incredibili
674 557 913 606 negligentia
953 558 1064 595 etiam
1097 557 1130 593 in
1170 558 1426 594 usitatissimis
1465 556 1677 595 vocabulis.

35 626 112 665 Sed
145 628 311 664 tortasse
343 626 567 664 insolentius
599 626 799 677 quoddam,
833 625 931 663 inter
963 625 1115 664 σοι-υἱεῖ
1149 628 1186 663 et
1217 632 1380 677 occupet
1406 625 1560 662 medium
1587 637 1676 663 ver-

33 695 116 733 bum
148 695 326 744 scriptum
357 706 379 732 a
411 692 557 733 Catone
589 695 669 732 suit.
733 694 857 745 Quare
891 693 1067 732 (Jccnbet
1107 693 1267 742 scripsi:
1315 692 1408 730 unde
1449 692 1561 731 facile
1594 693 1676 732 Oc-

33 764 136 803 cnlet
168 763 247 801 lieri
280 764 421 814 potuit,
454 767 566 814 atque
598 763 685 801 inde
718 762 897 801 Coculet.
938 761 1021 799 Etsi
1055 762 1147 799 enim
1180 761 1251 799 alia
1283 759 1456 810 exempla
1476 761 1583 799 verbi
1608 774 1678 800 oc-

32 831 179 872 cubare
209 843 288 870 cum
327 832 548 870 accusativo
588 831 775 869 coniuncti
812 829 936 868 habeo
977 829 1098 878 nulla,
1145 828 1236 867 nihil
1278 832 1396 868 tamen
1436 830 1573 879 video,
1614 842 1681 868 cur

34 900 123 939 illud
156 901 274 938 minus
306 912 411 952 quam
444 900 582 938 incubo
613 911 807 937 assumere
838 899 1094 937 accusativum
1133 899 1272 949 possit.
1333 898 1381 937 Et
1419 902 1479 938 est
1516 897 1680 937 accubet

33 965 361 1018 yparptzw'rspov
395 980 499 1020 quam
532 975 709 1020 occupet.

118 1038 178 1077 De
218 1037 361 1087 gryllis
402 1050 450 1074 ex
491 1036 611 1075 Plinio
646 1037 692 1075 ΙΙ.
726 1036 774 1075 N.
806 1035 876 1075 Xl.
912 1051 1030 1074 xxix.
1073 1037 1186 1074 refert
1226 1036 1455 1087 Pomponius
1489 1036 1678 1075 Sabinus:

34 1119 104 1145 non
136 1119 294 1157 prorsus
326 1109 442 1144 recte.
506 1105 670 1144 Interest
701 1107 795 1143 enim
827 1105 963 1157 aliquid
998 1106 1095 1144 inter
1126 1105 1307 1143 locustam
1341 1109 1379 1144 et
1409 1104 1595 1155 gryllum,
1632 1104 1680 1143 de

33 1189 105 1227 quo
145 1175 282 1227 aliquid
318 1174 460 1213 Plinius
494 1175 542 1213 H.
575 1174 622 1213 N.
655 1174 804 1213 xxix.
837 1190 890 1213 v1.
952 1188 1059 1214 cava
1102 1179 1206 1212 recte
1245 1175 1539 1224 interpretantur
1576 1175 1679 1212 sora-

33 1245 126 1282 mina
158 1247 281 1282 terrae
313 1247 543 1281 excavatae:
589 1244 637 1281 ibi
671 1244 765 1281 euim
807 1243 949 1281 habitat
980 1243 1146 1293 gryllus.
1210 1243 1411 1292 Comparat
1445 1242 1680 1281 Wernsdor-

33 1313 102 1351 lius
122 1311 339 1350 Horatium:
373 1312 571 1351 Rusticus
605 1311 792 1351 urbanum
823 1327 963 1351 murem
994 1326 1078 1350 mus
1106 1324 1271 1361 paupere
1293 1313 1425 1363 fertur
1455 1313 1682 1363 Accepisse

33 1393 144 1420 cavo.
205 1381 253 1418 Et
284 1394 389 1432 quam
422 1388 590 1431 mynters
623 1382 673 1418 sit
704 1380 876 1430 gryllus,
921 1384 1027 1417 novit
1059 1380 1279 1432 quicumque
1319 1380 1538 1418 stridentem
1570 1379 1680 1417 audi-

33 1450 147 1488 verit.
209 1449 309 1487 Idem
343 1449 537 1499 epitheton
570 1450 778 1488 cicadarum
811 1452 884 1487 est.
946 1448 1136 1497 Virgilius
1169 1447 1300 1487 Culice
1334 1462 1371 1485 v.
1405 1451 1493 1486 151.
1543 1450 1680 1496 Argu-

34 1519 84 1555 tis
115 1525 153 1556 ec
184 1525 330 1557 cuncta
369 1519 541 1569 fremunt
579 1518 723 1556 ardore
763 1518 934 1556 cicadis.
981 1518 1024 1554 ad
1059 1530 1163 1568 quem
1203 1516 1321 1554 locum
1353 1514 1682 1555 Limlenbrucliins

34 1586 216 1625 Catonem
249 1585 396 1633 laudat,
430 1590 467 1625 et
498 1586 661 1624 Novium
695 1585 867 1624 Exodio:
902 1587 1126 1635 Arqumtur
1158 1587 1281 1638 quasi
1312 1586 1471 1624 cicada.
1526 1583 1684 1624 Carmen

34 1654 80 1692 de
111 1655 273 1694 vocibus
305 1654 533 1703 animalium,
566 1653 687 1692 Anth.
720 1654 801 1693 Lat.
835 1653 916 1692 Lib.
950 1654 997 1691 V.
1034 1669 1174 1691 cxmu.
1206 1666 1241 1692 a.
1276 1667 1335 1692 vs.
1368 1659 1434 1693 56.
1496 1654 1551 1693 Ec
1581 1653 1684 1705 qril-

33 1723 98 1763 lus
129 1723 293 1775 yrillat,
327 1727 364 1762 et
395 1736 457 1761 vs.
490 1727 555 1761 58.
619 1722 774 1760 Garrula
808 1723 962 1761 lImosis
996 1734 1083 1761 rana
1116 1730 1267 1762 conata!
1299 1725 1434 1777 aquis.

117 1792 228 1843 qrilli
266 1790 415 1830 'l'lruam
456 1795 493 1830 et
535 1792 675 1831 caeteri
717 1793 785 1829 mei
824 1792 979 1843 antiqui.
1028 1795 1064 1829 et
1104 1792 1159 1830 sic
1199 1791 1320 1830 Paris.
1355 1791 1422 1831 lV.
1468 1794 1531 1829 aut
1569 1790 1685 1842 quui.

34 1861 142 1900 crilli
172 1861 312 1899 Medic.
362 1860 402 1898 ln
435 1861 547 1899 editis
578 1861 704 1913 yrylli
735 1861 821 1899 inde
853 1874 871 1897 a
906 1860 1105 1907 Romanis,
1139 1860 1205 1898 sed
1238 1861 1351 1912 qrilli
1381 1872 1512 1898 rursus
1540 1860 1574 1897 in
1595 1859 1685 1897 Vir-

34 1929 129 1979 gilio
161 1930 276 1978 Aldi,
316 1932 354 1968 et
387 1929 551 1968 AldiniS.
612 1943 717 1968 cmm
751 1931 868 1969 Voss.
906 1929 934 1967 1.
997 1930 1216 1981 com-hylae
1255 1937 1292 1968 et
1332 1932 1515 1981 tamquam
1554 1929 1686 1967 conie-

36 2002 174 2037 cturam
204 2000 409 2050 adscripsit
440 1998 493 2037 Is.
527 1998 691 2036 Vossius
725 1999 759 2035 in
794 2011 912 2047 marg.
947 1998 1006 2035 ed.
1040 1997 1144 2035 Scal.
1183 2001 1302 2036 1573.

123 2067 243 2106 Simili
281 2067 407 2106 colore
446 2067 608 2107 Ovidius
651 2067 801 2106 Metam.
838 2067 867 2105 Ι.
908 2070 1004 2105 299.
1047 2068 1080 2104 in
1124 2066 1381 2117 descriptione
1421 2066 1577 2104 diluvii:
1633 2067 1689 2107 Et

35 2136 146 2175 modo
180 2149 258 2190 qna
288 2137 466 2188 qraciles
498 2150 659 2187 yrameu
691 2150 884 2189 carpsere
916 2136 1123 2188 capellae,
1158 2137 1277 2175 Nunc
1303 2135 1357 2175 ibi
1383 2136 1581 2187 deformes
1609 2149 1686 2188 po-

37 2212 131 2245 nunt
163 2219 239 2244 sem
272 2219 443 2258 corpora
470 2206 638 2257 phocae.

125 2342 174 2380 V.
209 2343 273 2380 75.
333 2353 551 2387 musanus
588 2353 677 2386 noc
711 2352 905 2386 nunsula
941 2351 1082 2385 nch‘r
1119 2351 1219 2384 MEA
1249 2351 1449 2384 ms'ruLA
1478 2351 1688 2385 CARMEN.

40 2413 150 2451 dica!
191 2411 281 2450 editi
323 2424 450 2450 omnes
492 2426 570 2451 cum
612 2413 721 2451 codd.
754 2413 845 2451 Bas.
881 2411 988 2449 Vrat.
1022 2411 1070 2450 11.
1114 2412 1231 2451 Voss.
1266 2411 1316 2450 Π.
1357 2414 1395 2450 et
1426 2412 1483 2450 sic
1514 2410 1625 2450 Vrat.
1657 2411 1687 2451 I.

39 2482 219 2519 Fortasse
251 2484 366 2519 recte.
431 2480 546 2521 Certe
586 2482 718 2520 melius
758 2493 863 2534 quam
896 2482 1018 2529 dicit,
1065 2480 1160 2532 quod
1203 2483 1262 2519 est
1303 2481 1338 2519 in
1372 2481 1508 2519 Pctav.
1539 2480 1689 2519 Thuan.

40 2549 161 2588 Paris.
194 2548 245 2587 11.
279 2548 347 2587 ΙΙΙ.
381 2547 449 2587 lv,
483 2549 604 2599 Angl.
636 2551 807 2599 August.
840 2550 946 2588 Mon.
980 2549 1009 2587 Ι.
1041 2549 1092 2588 ΙΙ.
1137 2552 1175 2588 et
1212 2563 1358 2589 rursus
1393 2550 1489 2588 dicit
1531 2550 1566 2587 in
1599 2550 1689 2588 Me-

41 2619 148 2657 diceo
180 2630 242 2669 ap.
276 2618 399 2656 Burm.
460 2617 520 2656 De
553 2630 613 2667 re,
646 2622 683 2657 et
713 2619 797 2670 quid
831 2619 882 2656 sit
912 2633 1096 2668 rursum,
1138 2631 1252 2670 supra
1291 2619 1464 2657 monitum
1497 2631 1587 2670 pag.
1621 2621 1689 2656 22.

41 2690 79 2726 et
108 2687 153 2725 ad
186 2699 337 2725 versum
370 2690 430 2724 14.
490 2686 573 2724 Non
607 2687 739 2726 celabo
772 2691 915 2730 tamen,
948 2688 1044 2739 quod
1079 2686 1165 2725 mihi
1198 2690 1335 2738 postea
1367 2688 1401 2725 in
1430 2691 1584 2726 mentem
1620 2700 1689 2725 ve-

42 2756 114 2806 nit,
155 2757 320 2795 fortasse
352 2756 506 2807 propius
538 2767 627 2793 esse
657 2756 701 2793 ad
734 2760 887 2795 veteres
920 2756 1038 2795 libros
1069 2756 1345 2806 accedendum,
1392 2757 1465 2794 ita:
1512 2756 1689 2795 Tristius

41 2825 115 2863 hoc
144 2838 300 2864 rursum
331 2824 428 2862 dixit
459 2837 544 2863 mea
574 2823 716 2874 fistula
746 2838 917 2865 carmen.
950 2828 989 2863 ut
1019 2838 1104 2864 mea
1135 2825 1278 2877 fistula
1305 2824 1427 2864 fistula
1453 2825 1505 2864 sit
1527 2824 1688 2870 Battari,

44 2895 81 2931 et
113 2893 302 2932 sententia
333 2893 550 2944 planissime
582 2893 811 2942 respondeat
842 2894 1021 2932 versibus
1053 2893 1153 2932 illis:
1192 2894 1368 2933 Tristius
1390 2894 1485 2937 hoc,
1516 2895 1689 2941 memini,

43 2964 250 3001 revocasti
270 2963 318 3002 B.
337 2976 370 3002 c.
421 2962 598 3001 Dulcius
631 2962 723 3010 hoc,
753 2965 926 3011 memini,
958 2965 1166 3001 revocasti
1186 2963 1235 3002 B.
1259 2976 1294 3001 c.
1336 2963 1438 3002 Sane
1467 2965 1538 2999 tum
1571 2973 1688 3011 egre-

45 3030 113 3080 gie
145 3031 217 3069 sibi
250 3031 346 3070 inter
377 3044 420 3070 se
451 3030 738 3082 respondebunt
774 3031 949 3071 Tristius
980 3032 1054 3071 Ιιοσ
1096 3053 1143 3058 -
1187 3032 1362 3071 Dulcius
1394 3032 1467 3070 hoc
1499 3051 1548 3057 —-
1595 3031 1689 3070 Tri-
