2006 3365
460 175 530 215 DE
561 175 783 217 VIRGILII
814 176 911 217 LIB.
937 176 1232 217 IUVENALIS
1263 176 1398 217 LUDI.
1644 178 1746 222 239

107 289 280 329 habeant
321 289 462 328 labra:
504 292 661 331 multum
699 293 889 344 eleqans,
929 298 1079 331 tantum
1116 298 1213 345 post
1253 306 1300 332 se
1330 291 1505 332 Culicem
1536 289 1744 344 relinquit:

110 365 296 412 (fruentum
325 359 382 397 ad
418 358 683 410 Vitye'lianam
715 376 818 415 quae
845 360 971 413 paulo
1000 367 1096 413 post
1127 361 1210 399 late
1240 362 1430 412 effulsit:
1463 360 1619 400 accedit
1647 371 1746 411 pro-

104 430 199 480 pria
230 429 440 467 suavitate
472 428 717 478 diffm'latem.
819 428 958 479 Copam
992 428 1088 480 quod
1120 429 1274 472 attinet,
1308 429 1435 467 nescio
1468 440 1513 466 an
1539 429 1622 479 ipse
1648 427 1747 465 nitor

107 496 301 544 carminis,
334 500 371 534 et
403 497 497 547 quod
532 500 601 535 tam
634 498 826 535 rotundum
852 499 933 544 est,
967 497 1054 535 sive
1079 496 1276 534 dictionem
1301 498 1506 547 respicias,
1539 497 1624 534 sive
1652 507 1745 534 ver-

105 577 204 613 sum,
256 565 502 602 recentiorem
545 566 665 614 magis
707 578 812 617 quam
853 564 1040 616 antiquam
1082 566 1240 601 aetatem
1277 568 1471 603 monstret.
1543 565 1743 602 Enimvero

104 633 349 671 recentiorem
381 646 487 684 quum
520 634 604 671 dieo
646 634 691 671 de
732 632 856 683 Copa,
900 644 970 670 non
1009 643 1152 679 seram,
1186 632 1251 669 sed
1285 646 1362 670 eam
1396 634 1475 670 sere
1507 633 1615 681 dieo,
1649 644 1744 684 quae

103 701 260 739 nondum
292 706 515 740 assueverat
546 714 707 739 sumnme
739 701 790 738 illi
822 701 855 738 in
886 700 1011 748 elegis
1036 699 1204 738 facilitati
1227 711 1271 738 ac
1297 699 1489 738 velocitati
1515 700 1742 739 Ovidianae.

102 768 238 807 Annos
270 770 302 806 si
335 771 575 817 consideres,
622 782 692 807 non
726 769 871 807 multum
904 769 1036 818 spatii,
1076 768 1108 806 si
1152 781 1242 806 vero
1284 772 1399 806 artem
1415 782 1436 816 ,·
1474 771 1744 820 poetarumque

101 848 286 875 numerum
318 850 362 876 ac
394 839 501 877 varia
542 839 686 886 studia,
728 838 875 876 multum
918 837 1079 875 interest
1119 836 1216 875 inter
1248 836 1450 885 Virgilium
1483 840 1521 875 et
1553 835 1743 875 Ovidium.

101 904 264 943 Fabulae
296 906 343 944 de
374 906 504 957 Copa,
550 906 786 945 Maecenatis
818 918 954 953 serva,
1000 905 1229 955 Pomponius
1262 905 1430 944 Sabinus
1462 905 1590 943 nescio
1624 908 1743 943 utrum

101 974 276 1013 inventor
306 988 350 1012 an
383 980 513 1013 auctor
543 968 834 1027 antiquissimus.
912 975 979 1013 Sic
1011 978 1083 1012 tum
1116 973 1293 1012 solebant
1324 973 1471 1012 fabulas
1504 973 1671 1021 lingere,
1705 977 1745 1013 ut

101 1042 233 1080 melius
265 1043 538 1092 intelligeretur
571 1043 773 1093 Virgilius.
833 1042 948 1096 Quem
980 1043 1251 1092 interpretandi
1280 1042 1423 1080 modum
1448 1046 1487 1081 ut
1511 1041 1623 1081 facile
1650 1054 1744 1081 con-

101 1111 278 1149 donamus
309 1113 421 1150 aetati
455 1112 527 1160 illi,
572 1113 623 1150 ita
664 1112 821 1151 moleste
861 1112 1036 1159 serimus,
1083 1111 1203 1149 sicubi
1237 1111 1431 1150 obtrusum
1466 1112 1576 1150 etiam
1608 1123 1743 1150 recen-

100 1180 259 1219 tioribus
291 1180 521 1230 temporibus
562 1181 709 1230 poetis,
751 1182 789 1218 ut
820 1180 1005 1228 Horatio,
1039 1179 1228 1217 videmus.

186 1249 327 1289 Rosae
357 1248 442 1287 olim
485 1248 730 1287 veliementer
769 1248 971 1298 placebant
1009 1247 1219 1295 Politiano,
1267 1247 1408 1286 Pierio.
1479 1247 1608 1296 Nunc,
1656 1248 1742 1287 sive

101 1319 357 1357 tractationem
390 1319 566 1368 spectes,
600 1331 719 1370 neque
752 1317 813 1355 illa
845 1319 879 1355 in
912 1317 1166 1355 describenda
1189 1321 1321 1355 natura
1353 1329 1518 1355 rosarum
1551 1316 1742 1355 subtilitas

100 1398 145 1424 ac
174 1385 368 1434 luxuries,
401 1398 494 1438 quac
526 1387 637 1425 nobis
668 1387 846 1424 novitiam
879 1386 963 1424 olim
996 1386 1091 1436 apud
1125 1398 1194 1424 nos
1226 1388 1418 1436 poetarum
1443 1384 1621 1433 scholam,
1638 1385 1741 1437 prul-

101 1456 173 1494 tum
205 1456 239 1492 in
272 1455 428 1493 floribus
460 1467 504 1494 ac
535 1455 657 1494 stellis
689 1455 915 1504 ludentium,
956 1454 991 1492 in
1023 1457 1179 1492 mentem
1210 1457 1392 1503 revocat,
1433 1454 1596 1504 optimae
1626 1455 1743 1493 aetati

102 1524 302 1572 convenit,
344 1525 429 1562 sive
472 1524 696 1571 dictionem,
737 1526 974 1574 reperiuntur
1004 1523 1038 1560 in
1071 1534 1115 1560 eo
1148 1523 1308 1560 carmine
1339 1522 1460 1560 verba
1498 1521 1660 1574 aliquot,
1701 1526 1742 1563 ut

100 1599 315 1645 vegetare,
363 1597 608 1645 anticipare,
651 1605 747 1645 quae
784 1593 828 1630 ad
863 1591 1081 1629 inferiorem
1114 1590 1203 1628 illud
1235 1593 1394 1629 aetatem
1425 1591 1556 1628 referri
1589 1590 1741 1642 iubent,

101 1662 214 1701 etad
253 1666 399 1712 poetam
439 1661 570 1711 talem,
618 1661 739 1713 qualis
778 1660 988 1698 Ausonius.
1051 1659 1133 1697 Etsi
1174 1671 1276 1697 suam
1316 1659 1467 1698 carmini
1513 1659 1742 1708 elegantiam

100 1743 171 1769 non
210 1743 405 1780 negamus.
478 1730 583 1783 Quod
634 1730 743 1768 verbi
793 1731 1022 1781 (mancipare
1061 1740 1164 1765 usum
1203 1727 1388 1766 Varronis
1430 1727 1603 1778 exemplo
1646 1730 1742 1768 tueri

97 1803 209 1852 atque
241 1800 445 1838 defendere
477 1803 654 1847 conatur,
696 1798 730 1837 id
764 1803 836 1837 tum
870 1801 1008 1836 tantum
1041 1796 1197 1848 aliquam
1230 1797 1302 1835 vim
1336 1796 1514 1846 baberet,
1554 1798 1587 1835 si
1618 1809 1740 1837 sermo

98 1869 282 1908 Rosarum
316 1872 417 1907 totus
449 1869 493 1907 ad
528 1863 775 1917 ιίρχαὶῖηιόν
808 1867 993 1906 Varronis
1024 1865 1238 1904 accederet.
1310 1864 1361 1904 Ut
1390 1877 1487 1904 nunc
1518 1870 1599 1913 est,
1633 1879 1741 1918 quum

99 1940 213 1976 totum
246 1949 391 1976 carmen
425 1937 646 1985 longissime
677 1936 778 1974 absit
809 1936 856 1974 ab
888 1936 1039 1986 antiquo
1072 1937 1109 1973 et
1130 1933 1365 1973 Varroniano
1399 1935 1547 1973 dicendi
1577 1947 1738 1984 genere,

99 2005 188 2044 nihil
220 2006 405 2045 Varronis
437 2004 645 2055 exemplum
678 2004 854 2055 probabit
884 2002 1063 2054 amplius,
1104 2015 1209 2054 quam
1241 2003 1273 2040 si
1305 2015 1399 2054 quae
1430 2003 1527 2054 apud
1560 2003 1739 2056 GellIum,

99 2074 320 2125 Apuleium,
363 2075 597 2124 reperiuntur
639 2073 822 2110 Varronis
853 2076 917 2111 aut
948 2071 1102 2109 aliorum
1134 2071 1364 2122 antiquorum
1397 2071 1596 2110 vocabula.

186 2144 265 2182 Est
295 2149 332 2182 et
365 2142 458 2182 Non
499 2146 534 2181 et
577 2142 642 2181 l'ir
674 2142 798 2180 bonus
831 2140 1012 2193 quomodo
1044 2140 1209 2178 adscribi
1244 2139 1432 2190 Virgilio,
1478 2152 1522 2178 ac
1554 2142 1739 2180 numerari

99 2212 196 2250 inter
228 2211 441 2260 Virgiliana
473 2212 582 2249 etiam
614 2210 660 2248 ab
694 2210 872 2257 eruditis,
918 2213 956 2247 ut
989 2209 1151 2258 Bembo,
1183 2209 1394 2258 potuerint,
1441 2210 1507 2248 vix
1548 2211 1739 2262 quisquam

99 2280 289 2327 intelliget
330 2279 463 2329 bodie,
505 2280 574 2317 nisi
616 2282 653 2317 et
697 2278 1028 2328 superstitionem,
1070 2290 1176 2329 quam
1216 2277 1291 2315 late
1334 2289 1514 2328 serpere,
1557 2291 1738 2330 quamque

98 2349 341 2400 pertinaciter
372 2348 588 2397 inhaerere,
631 2349 662 2386 si
709 2345 824 2385 semel
858 2348 1001 2396 ceperit
1033 2348 1160 2394 initia,
1194 2345 1343 2394 soleat,
1376 2349 1413 2385 et
1445 2346 1531 2384 illud
1565 2351 1736 2397 reputet,

98 2417 194 2469 quod
227 2417 352 2467 paullo
384 2420 471 2456 ante
511 2417 745 2464 observavi,
793 2415 837 2453 ad
883 2415 1081 2463 Virgilium
1124 2415 1256 2466 cupide
1296 2414 1474 2453 retulisse
1514 2416 1736 2465 posterioris

97 2488 233 2525 aetatis
265 2487 526 2535 grammaticos
566 2497 818 2537 quaecumque
863 2484 1055 2535 placerent
1094 2483 1297 2533 plurimum.
1360 2483 1586 2522 Placuerunt
1615 2488 1736 2522 autem

98 2568 194 2595 nunc
226 2554 370 2603 mollia,
412 2554 574 2602 ludicra,
607 2567 703 2594 nunc
734 2555 843 2592 etiam
875 2556 1005 2602 seria,
1048 2552 1213 2601 sterilia,
1256 2553 1398 2602 ieiuna,
1430 2553 1538 2591 modo
1571 2554 1735 2603 speciem

97 2624 282 2663 haberent
314 2623 505 2661 doetrinae
536 2625 598 2661 aut
628 2623 852 2673 sapientiae.
928 2622 987 2661 De
1019 2622 1180 2660 carmine
1207 2622 1287 2661 Est
1317 2628 1356 2660 et
1386 2622 1481 2660 Non
1513 2634 1585 2660 non
1618 2621 1735 2659 solum

98 2693 326 2743 Pomponius
359 2691 525 2729 Sabinus
557 2691 767 2740 dubitavit,
811 2692 872 2744 qui
905 2704 1027 2732 suam,
1068 2694 1180 2741 puto,
1221 2690 1488 2729 dubitationem
1520 2690 1733 2739 significat,

99 2762 180 2800 dum
213 2761 323 2800 dicit:
367 2760 568 2799 Habitant
601 2760 759 2812 quidam
791 2773 843 2798 an
872 2761 914 2800 1ιί
945 2762 1028 2799 sint
1065 2759 1235 2811 Verqilii
1265 2774 1436 2809 versus,
1468 2772 1506 2810 p.
1540 2762 1633 2797 594.
1666 2758 1735 2796 sed

98 2832 207 2869 etiam
238 2830 389 2869 codices
421 2829 558 2880 antiqui
579 2828 772 2866 Prisciano
804 2828 916 2878 illud,
950 2841 1045 2881 quae
1075 2828 1187 2867 multo
1216 2829 1370 2879 propior
1408 2840 1501 2867 vero
1520 2827 1732 2875 sententia,

101 2899 173 2938 etsi
205 2900 240 2937 in
275 2899 505 2938 Priscianum
538 2908 608 2934 non
641 2897 863 2946 iuraverim,
897 2898 1076 2936 tribuunt.
1139 2895 1199 2937 Cf.
1219 2897 1263 2935 P.
1287 2897 1466 2935 Bondam.
1499 2897 1591 2935 Var.
1624 2895 1732 2936 Lect.

99 2967 148 3007 ΙΙ.
182 2984 251 3007 vu.
293 2982 331 3020 p.
375 2971 464 3006 199.
533 2966 764 3005 Burmannus
805 2966 923 3006 Anth.
965 2965 1047 3005 Lat.
1090 2965 1157 3004 lib.
1198 2966 1248 3005 V.
1289 2979 1466 3004 cxxxix,
1534 2963 1606 3003 Ubi
1639 2977 1732 3017 quos

101 3037 330 3077 Burmannus
361 3049 383 3077 a
413 3048 456 3075 se
487 3033 677 3074 adhibitos
716 3034 810 3073 duos
841 3033 990 3074 codices
1030 3034 1236 3074 Leidenses
1275 3033 1427 3084 scribit,
1471 3044 1538 3073 eos
1571 3034 1732 3086 spondet
