2006 3365
460 183 514 221 IN
546 182 763 221 VALERII
796 180 1032 222 CATONIS
1064 180 1334 231 ECLOG'AM.
1617 183 1716 226 159

166 299 215 339 V·
241 301 307 337 33.
333 300 400 336 34.
435 296 548 345 (136.
583 300 640 347 7.)
688 306 795 340 SIVE
821 307 913 339 'Plssl
941 306 1096 340 SILVIS
1122 306 1250 339 NOVA
1282 305 1321 339 P.
1348 303 1596 338 FASTIDIRE
1622 305 1692 336 etc.

167 368 288 407 Nova
317 367 472 420 pabula
501 363 725 418 fastidire]
774 366 1000 414 Taedulos,
1045 368 1082 404 et
1110 367 1360 418 fastidiosos
1403 367 1556 403 veteres
1596 375 1718 401 voca-

81 436 193 484 bant,
233 436 366 487 quibus
398 435 558 486 palatum
590 436 700 473 novis
733 435 826 473 cibis
858 434 1094 472 reficiendum
1132 438 1224 472 erat.
1287 434 1378 472 Nam
1410 432 1600 471 fastidiosi
1632 435 1717 470 sto-

81 503 199 543 machi
231 506 270 542 ut
301 504 495 542 consuetis
527 503 623 541 cibis
654 508 883 551 gravantur,
927 504 976 540 ita
1008 514 1186 540 novorum
1217 506 1332 550 gustu
1365 502 1551 540 levantur.
1611 501 1717 550 Ergo

81 572 279 620 eleganter
309 572 450 611 dixerit
482 574 514 609 in
548 585 626 609 eum
659 584 835 619 sensum,
881 571 1078 622 fastidire
1107 583 1212 608 noca
1240 570 1409 620 pabula.
1470 570 1626 608 Plautus
1659 568 1718 609 Ο-

79 655 187 680 mnes
218 642 390 680 homines
423 641 479 679 ad
510 655 621 679 sturm
655 646 860 694 quaestum
892 639 1064 686 callent,
1089 644 1127 676 et
1148 638 1385 690 fastidiunt.
1412 638 1481 676 boc
1507 642 1588 688 est,
1620 638 1716 690 quod

81 709 201 759 vulgo
233 710 410 759 dicimus,
443 710 609 749 delicati
641 714 746 747 sunt.
807 707 944 746 Putavi
977 711 1014 745 et
1044 706 1241 758 aliquando
1274 706 1354 756 legi
1386 719 1526 757 posse:

535 799 588 805 --
620 790 724 816 nava
753 776 908 828 pabula
939 782 1006 815 sat
1037 778 1093 815 sit
1123 775 1251 815 adire.

80 850 120 885 ut
151 846 285 885 dictum
317 848 386 895 sit,
419 850 478 886 sat
509 847 575 885 tibi
608 849 667 884 est
697 845 820 890 adire,
854 845 951 882 utin
976 846 1254 895 comparativo,
1288 846 1423 884 satius
1451 844 1610 883 esttibi
1640 844 1719 883 ad-

80 917 152 954 ire.
215 916 292 955 Sed
326 914 516 964 vulgatam
550 913 745 953 lectionem
779 914 1016 952 coniecturae
1048 926 1150 952 meae
1182 914 1370 964 praefero.
1414 922 1661 956 SCALIGER.

81 984 240 1023 Omnino
273 988 375 1023 recte
408 983 710 1022 Wernsdorfius:
752 996 858 1021 nova
887 982 1042 1034 pabula
1070 983 1271 1035 fastidire
1304 1005 1347 1009 —
1394 985 1432 1021 in
1463 995 1609 1032 maqna
1637 994 1720 1036 pa-

81 1054 163 1092 buli
193 1055 312 1105 copia
342 1059 499 1091 tentare
529 1059 567 1090 et
596 1058 765 1103 qustare
795 1065 900 1090 noua
938 1052 1061 1089 multa
1104 1064 1187 1090 cum
1225 1052 1396 1105 plurium
1435 1052 1636 1104 fastidio,
1678 1058 1722 1090 uc

80 1125 263 1174 optimum
293 1122 451 1173 eIIqas,
485 1124 575 1160 sice
607 1122 825 1160 delicatius
854 1122 990 1172 pasci.
1064 1119 1355 1159 Observaverat
1387 1119 1507 1166 Cato.
1549 1124 1587 1158 ut
1615 1121 1722 1158 erant

80 1194 237 1229 veteres
268 1194 443 1239 naturae,
476 1191 583 1228 etiam
616 1191 650 1228 in
683 1191 797 1228 rebus
829 1190 999 1237 minutis,
1022 1189 1293 1228 observatores
1322 1189 1625 1238 diligentissimi,
1653 1201 1720 1227 ca-

79 1258 220 1309 pellas,
253 1259 319 1297 sed
352 1259 460 1298 etiam
494 1258 566 1297 alia
596 1259 785 1306 animalia,
817 1258 899 1296 dum
932 1261 1153 1309 pascuntur,
1187 1258 1249 1296 ubi
1282 1258 1416 1296 multus
1448 1258 1558 1296 cibus
1589 1258 1718 1306 adest,

79 1340 152 1365 non
186 1328 312 1366 eadem
345 1329 463 1365 omnia
495 1328 698 1378 cupiditate
730 1327 938 1376 devorare,
972 1328 1038 1365 sed
1072 1339 1168 1366 nunc
1200 1327 1292 1376 boc,
1324 1339 1421 1366 nunc
1445 1327 1594 1375 eligere
1616 1325 1718 1365 illud.

82 1396 265 1447 Capellae
296 1400 437 1439 autem,
471 1398 501 1434 si
536 1400 637 1435 recte
668 1397 832 1443 memini,
865 1409 955 1447 prae.
988 1396 1072 1434 aliis
1104 1396 1325 1435 animalibus
1358 1396 1580 1434 fastidiosae
1611 1401 1718 1442 sunt,

81 1478 125 1503 ac
155 1465 355 1504 delicatae.
417 1465 506 1503 Eum
539 1466 574 1503 in
606 1478 755 1504 sensum
789 1464 883 1505 Cato
914 1466 1112 1517 fastidire
1142 1465 1260 1514 dixit,
1301 1466 1501 1513 au‹lactcr‚
1534 1465 1600 1503 sed
1632 1464 1720 1503 seli-

82 1535 192 1573 citer.
311 1534 442 1573 Dousa
471 1536 670 1586 fastidire
700 1547 765 1585 pro
798 1535 956 1573 reiicere
988 1534 1183 1585 capiebat:
1233 1546 1303 1572 non
1341 1534 1452 1572 video
1485 1546 1557 1586 quo
1590 1546 1719 1572 sensu.

83 1602 261 1652 Silligius
302 1604 499 1655 fasticlire
538 1604 671 1642 dictum
713 1616 800 1641 esse
846 1599 958 1651 παρά
1000 1601 1262 1651 προσδοκίαν
1302 1607 1456 1641 censet:
1505 1603 1722 1653 exspectari

83 1672 200 1720 onim,
232 1683 331 1709 nova
361 1671 500 1722 pabula
533 1686 736 1727 quaerere.
799 1671 905 1724 Quod
939 1685 1011 1711 non
1043 1674 1138 1711 satis
1170 1672 1357 1722 intelligo.
1418 1672 1513 1711 Nam
1545 1672 1576 1710 si
1609 1670 1722 1719 παρὰ

83 1738 344 1787 προσδοκίαν
375 1741 509 1780 dictum
542 1745 602 1780 est
630 1741 857 1793 fastidire,
898 1754 964 1792 pro
1006 1755 1218 1796 quaerere,
1262 1753 1335 1779 non
1374 1742 1542 1792 pascitur
1582 1752 1722 1792 caper:

83 1810 178 1861 quod
213 1813 342 1848 contra
372 1815 527 1848 mentem
561 1815 718 1861 poetae,
751 1823 898 1860 caprum
930 1810 1208 1860 describentis,
1241 1811 1303 1862 qui
1335 1812 1515 1861 pascitur.

169 1882 207 1918 si
237 1882 299 1918 uis
331 1891 398 1930 pro
440 1880 561 1919 silvis
595 1879 749 1918 Monac.
781 1879 812 1917 I.
845 1879 894 1917 II.
934 1879 1095 1917 Vratisl.
1128 1881 1160 1918 Ι.
1219 1880 1439 1931 fastidiere
1471 1879 1613 1918 Medic.
1649 1880 1724 1932 fa-

86 1948 249 1986 stidilur
289 1948 448 1986 Hclmst.
538 1949 718 1987 Heinsius
751 1949 846 1987 coni.
896 1949 995 1987 Sive
1023 1948 1097 1987 tibi
1129 1949 1251 1987 silvis
1284 1962 1321 1986 n.
1351 1962 1393 2000 p.
1423 1950 1566 2000 fastus
1599 1949 1722 1996 adiri,

85 2018 184 2056 Sive
214 2017 319 2056 iubet
349 2031 383 2056 c.
438 2017 499 2056 vel
540 2019 613 2068 sas
655 2020 709 2057 sit
747 2019 884 2065 adire,
929 2018 1029 2057 Sive
1070 2020 1178 2057 iuvet
1209 2031 1243 2057 c.
1293 2018 1505 2056 Burmanno
1537 2021 1656 2057 autem
1688 2019 1724 2056 in

87 2090 243 2124 mentem
275 2089 434 2124 venerat
462 2088 605 2139 fastus
639 2088 776 2134 adire,
810 2087 909 2126 St‘ce
935 2089 1048 2139 piqet
1078 2100 1112 2126 c.

174 2155 222 2193 V.
257 2157 321 2193 34.
355 2154 454 2193 liber
485 2156 624 2194 Medic.
687 2156 785 2194 Idem
818 2159 855 2194 ot
886 2156 1008 2194 Paris.
1042 2155 1111 2194 IV.
1153 2156 1323 2195 omittunt
1354 2163 1417 2195 est
1454 2157 1488 2194 in
1529 2156 1600 2194 fine
1634 2169 1725 2195 ver-

87 2237 166 2261 sus,
227 2223 362 2262 Totum
403 2236 549 2262 versum
586 2225 720 2263 omittit
764 2224 916 2263 Monac.
950 2224 999 2263 ΙΙ.
1060 2232 1137 2264 tum
1178 2237 1245 2276 pro
1286 2231 1412 2264 tecum
1450 2226 1550 2265 ven.
1582 2225 1723 2264 Acbat-

88 2293 194 2331 loeta
226 2292 345 2342 Angl.
406 2293 489 2332 tela
521 2293 628 2332 Rom.
661 2293 690 2331 I.
723 2293 773 2332 11.
805 2293 902 2332 mut.

175 2429 223 2468 V.
255 2433 320 2468 35.
355 2435 420 2469 36.
455 2429 569 2477 (138.
603 2433 660 2481 9.)
704 2440 762 2474 ΕΤ
787 2441 887 2475 MAS
914 2441 1191 2483 QUICUMQUE
1217 2442 1323 2483 EST,
1350 2442 1445 2475 ILLI
1471 2443 1565 2476 SUA
1590 2444 1629 2476 F.
1654 2446 1724 2477 etc.

89 2499 138 2538 Et
169 2510 388 2551 quocunque
419 2512 502 2550 sup.
535 2499 617 2539 loco
651 2505 710 2539 est
740 2513 845 2539 mas.
872 2502 896 2539 i.
930 2501 1142 2540 masculus:
1176 2501 1258 2540 illi.
1286 2502 1310 2540 i.
1343 2501 1419 2540 illic
1451 2508 1510 2541 est
1541 2516 1609 2541 sua
1639 2505 1725 2542 foe-

89 2569 206 2606 mina:
241 2567 302 2605 vel
335 2569 390 2606 sic
413 2567 460 2606 Et
491 2570 698 2621 quicunque
728 2583 825 2608 mas.
859 2571 884 2608 i.
917 2570 1103 2609 masculus
1134 2570 1230 2609 alius
1262 2574 1343 2610 est:
1378 2571 1429 2610 illi
1460 2575 1520 2611 est
1551 2585 1618 2611 sua
1643 2574 1724 2611 foe-

89 2637 186 2675 mina
216 2637 361 2675 iuncta:
395 2639 432 2675 et
462 2637 545 2675 ideo
576 2650 755 2691 nunquam
782 2639 947 2690 ploravit
966 2651 1113 2677 amores
1145 2639 1433 2691 interpellatos.
1468 2642 1492 2680 i.
1526 2643 1724 2693 impeditos

91 2718 135 2744 ac
166 2718 234 2756 per
265 2711 410 2757 tempus
444 2707 685 2756 interruptos.
746 2714 836 2748 101).
863 2715 1036 2749 BADIUS
1065 2715 1164 2750 Asc.
1208 2708 1385 2749 Pcrhona
1416 2711 1636 2749 observatio
1667 2713 1724 2748 at-

93 2788 164 2828 que
197 2775 423 2823 emendatio,
465 2777 696 2831 quicumque
733 2791 800 2829 pro
842 2793 1095 2835 quocumque.
1159 2793 1399 2834 quocumque
1437 2792 1504 2830 pro
1538 2793 1726 2834 quacum-

95 2859 170 2899 que
200 2845 354 2895 partim,
397 2846 436 2883 ut
467 2847 568 2883 recte
598 2850 720 2885 monet
752 2847 951 2900 Heinsius,
984 2850 1100 2888 minus
1131 2848 1304 2899 latinum,
1343 2850 1478 2900 partim
1510 2848 1726 2899 perturbat,

94 2914 157 2952 vel
189 2914 384 2953 obscuram
418 2914 537 2952 reddit
568 2915 801 2955 sententiam.
848 2918 890 2958 Si
922 2919 1016 2957 enim
1049 2932 1308 2973 quocumque,
1342 2918 1409 2956 vix
1440 2917 1608 2967 poteris,
1641 2918 1727 2969 quin

95 2996 239 3022 marem
269 2982 463 3033 intelligas
495 2995 663 3033 caprum,
693 2984 880 3035 feminam
911 2986 1109 3037 capellam,
1142 3000 1192 3026 ex
1222 2986 1557 3037 praecedentibus:
1597 2989 1638 3027 ut
1667 2987 1726 3026 in-

97 3051 236 3103 telligit
267 3051 396 3092 Gloss.
429 3052 478 3091 V.
510 3051 539 3090 Ι.
600 3052 657 3092 At
687 3050 844 3093 Catonis
881 3057 1070 3096 sententia
1104 3058 1186 3106 est,
1226 3056 1287 3107 qui
1327 3056 1480 3106 praeter
1518 3056 1658 3095 taurum
1688 3057 1728 3098 et
