2006 3365
504 175 636 217 VITA
675 174 913 217 CATONIS
943 175 1013 216 ΕΤ
1043 173 1287 216 SCRIPTA.
1614 175 1714 220 253

449 290 599 331 Mirati
627 305 789 341 sumus,
821 294 975 331 unicum
1004 293 1258 341 maqistrum‚

447 359 640 399 Summum
668 363 984 411 qrammafficum,
1017 362 1197 411 optimum
1224 364 1404 412 poetam,

449 426 588 467 Omnis
620 429 779 467 solvere
805 441 933 481 posse
964 429 1246 483 quaestiones,

451 495 573 535 Unum
604 496 776 548 ‹lisfi'cz'le
805 497 995 548 expedire
1024 508 1171 534 nomen.

446 563 512 603 En
542 577 610 603 cor
644 563 860 612 Zenodoti,
901 577 948 604 en
979 565 1091 603 iecur
1122 564 1318 603 Cratetis.

735 697 852 730 IDEM
876 697 985 730 11311).
1012 698 1057 731 11.

78 768 271 808 Hactenus
312 769 432 806 tamen
473 767 624 814 imitati,
669 770 710 806 ut
740 768 924 817 carmina,
969 779 1097 818 parum
1128 765 1250 805 adhuc
1280 765 1502 816 divulgata,
1547 766 1611 805 vel
1643 767 1714 806 de-

77 839 285 877 functorum
315 837 534 886 amicorum,
574 834 636 874 vel
668 836 701 873 si
739 847 889 887 quorum
920 835 1074 874 aliorum
1104 835 1356 886 probassent,
1397 834 1619 884 diligentius
1650 847 1714 874 re-

78 907 303 954 tractarent,
338 917 382 944 ac
412 905 579 954 legendo
611 904 964 956 commentandoque
995 905 1107 943 ctiam
1139 904 1302 943 caeteris
1333 906 1422 943 nota
1451 904 1643 942 facerent:
1675 905 1716 943 ut

79 973 124 1015 C.
156 974 342 1014 Octavius
373 973 577 1024 Lampadio
615 972 753 1012 Naevii
795 973 970 1011 Punicum
1011 971 1175 1022 bellum,
1217 972 1313 1024 quod
1355 984 1426 1011 uno
1458 971 1646 1010 volumine
1676 973 1715 1011 et

78 1043 284 1082 continenti
315 1043 502 1093 scriptura
540 1041 775 1092 expositum,
816 1041 946 1080 divisit
978 1041 1013 1079 in
1045 1043 1189 1091 septem
1233 1040 1373 1079 libros:
1420 1042 1460 1079 ut
1498 1043 1634 1091 postca
1665 1039 1712 1093 Q.

77 1111 340 1161 Vargunteius
371 1109 524 1149 annales
545 1110 676 1154 Ennii,
710 1122 805 1161 qnos
836 1109 951 1148 certis
983 1109 1119 1148 dicbus
1151 1110 1186 1147 in
1218 1121 1353 1158 magna
1383 1109 1592 1161 frequentia
1621 1121 1714 1160 pro-

77 1180 302 1219 nunciabat:
336 1182 375 1218 ut
404 1178 556 1218 Laelius
587 1177 826 1228 Archelaus,
859 1178 1092 1230 Vectiusquc
1122 1177 1362 1217 Philocomus
1392 1176 1522 1217 Lucilii
1553 1178 1714 1224 satiras,

78 1248 268 1287 familiaris
300 1248 380 1286 sui:
413 1260 506 1299 quas
538 1246 685 1296 legisse
716 1259 759 1285 sc
789 1246 886 1298 apud
917 1245 1147 1286 Archelaum
1169 1247 1368 1298 Pompeius
1394 1246 1586 1297 Lenaeus,
1617 1247 1715 1298 apud

79 1316 330 1356 Philocomum
367 1315 553 1356 Valerius
585 1315 711 1364 Cato,
745 1315 977 1366 praedicant.

733 1460 850 1494 IDEM
874 1461 981 1494 11311).
1007 1462 1067 1495 lv.

80 1532 241 1572 Eosdem
289 1532 535 1572 litteratores
576 1532 791 1580 vocitatos,
831 1530 1016 1570 Messalla
1056 1529 1248 1571 Corvinus
1287 1531 1322 1570 in
1362 1532 1516 1583 quadam
1554 1531 1716 1583 epistola

80 1601 267 1650 ostendit,
306 1602 398 1640 Non
428 1614 522 1640 esse
552 1600 658 1649 sibi,
699 1599 852 1648 dicens,
897 1613 975 1638 rem
1005 1613 1090 1639 cum
1122 1599 1244 1638 Furio
1276 1599 1498 1651 Bibaculo,
1531 1614 1603 1640 nec
1633 1615 1717 1640 cum

80 1670 229 1721 Siyida
262 1670 438 1722 quidem,
471 1675 542 1708 aut
573 1669 797 1708 litteratore
818 1668 1000 1707 Catone:
1033 1667 1226 1717 significat
1258 1669 1351 1707 enim
1382 1667 1479 1708 haud
1502 1669 1615 1708 dubie
1634 1668 1716 1709 Va-

80 1737 208 1777 lerium
241 1738 439 1789 Catonem,
480 1741 628 1790 poetam
670 1736 776 1775 simul
807 1737 1158 1788 grammaticumque
1188 1737 1432 1776 notissimum.

646 1872 883 1906 nonanus
916 1872 1019 1905 SAT.
1045 1861 1076 1901 Ι.
1102 1872 1150 1905 x.

363 1942 523 1990 Lucili,
559 1955 675 1996 quam
707 1944 769 1982 sis
799 1942 1036 1993 mendosus,
1067 1949 1172 1982 teste
1202 1940 1372 1993 Catone,

366 2011 597 2062 Defensore
626 2017 724 2055 tuo,.
745 2013 1002 2064 pervincum,
1036 2013 1104 2065 qui
1133 2012 1237 2051 male
1264 2013 1405 2064 factos

366 2079 591 2119 Emendare
617 2086 741 2132 parat
772 2092 933 2120 versus.
964 2081 1038 2119 ltoc
1069 2080 1197 2120 lenius
1230 2080 1299 2120 ille
1318 2110 1329 2131 ‚

368 2148 449 2187 Est
481 2160 555 2201 quo
585 2149 650 2186 vir
678 2148 836 2187 melior:
876 2149 990 2200 lonye
1020 2148 1207 2188 subtilior
1237 2150 1332 2200 illo,

368 2216 446 2271 Qui
474 2217 631 2256 multum
658 2231 758 2270 puer
794 2224 857 2257 est
888 2217 988 2257 loris
1018 2224 1057 2257 et
1086 2218 1252 2271 funibus
1283 2219 1376 2260 udis

367 2286 601 2336 Exorata-9,
631 2292 674 2325 ut
703 2293 811 2326 esset
842 2299 949 2340 opem
981 2290 1048 2341 qui
1075 2287 1187 2339 serre
1214 2290 1347 2339 poetis

366 2356 558 2409 Antiquis
587 2360 730 2407 posset
759 2361 900 2395 contra
928 2357 1113 2408 fastidia
1143 2363 1305 2408 nostra,

368 2424 717 2464 Grammaticorum
746 2426 917 2480 equitum
954 2425 1228 2466 doctissimus.

597 2559 788 2594 OVIDIUS
813 2560 964 2595 TRIST.
989 2550 1040 2590 Π.
1074 2553 1168 2590 435.
1201 2555 1239 2591 6.

200 2630 330 2671 Cinna
362 2642 515 2683 quoque
543 2630 607 2669 his
639 2643 765 2671 comes
797 2636 884 2682 est,
918 2632 1126 2686 Cinnaque
1153 2634 1369 2683 procacior
1398 2634 1554 2673 Anser:

257 2700 312 2739 Et
344 2699 432 2738 lece
462 2698 671 2751 Cornifici,
708 2712 866 2754 parque
895 2697 1053 2740 Catonis
1084 2713 1199 2753 opus.

624 2833 869 2870 eunucus
901 2825 1003 2866 LVI.
1042 2825 1181 2878 (mn.)

429 2903 464 2944 O
495 2917 572 2943 rem
602 2904 834 2956 ridiculam,
866 2905 986 2957 Cato,
1017 2913 1056 2947 et
1087 2908 1292 2958 iocosam,

428 2973 682 3027 Dianamque
711 2973 902 3023 auribus,
940 2981 977 3014 et
1016 2982 1082 3015 tuo
1114 2977 1319 3015 cachinno.

429 3042 562 3093 Ride,
595 3041 791 3095 quidquid
821 3056 957 3093 amas,
990 3042 1114 3095 Cato,
1147 3043 1360 3084 Catullum.
