2006 3365
244 178 311 223 14
796 171 1327 212 ANIMADVERSIONES

245 292 347 330 certe
384 291 418 329 id
460 301 581 342 neque
620 287 715 339 apud
748 286 893 326 Livium
925 285 1036 327 VIII.
1072 298 1122 324 ix.
1160 297 1282 338 neque
1319 286 1417 337 apud
1458 285 1692 326 Macrobium
1723 285 1793 326 111.
1826 298 1878 325 ix.

244 359 443 398 Invenitur.
488 359 558 396 Est
586 356 722 408 aliquid
755 356 898 405 simile,
932 355 1001 393 sed
1034 358 1156 394 tamen
1189 355 1378 393 diversum
1403 356 1438 393 in
1461 356 1667 395 devotione
1689 356 1797 394 Decii
1820 354 1885 394 filii

244 440 305 478 ap.
335 428 480 467 Livium
500 426 550 466 X.
574 439 716 463 xxvui.
749 426 1004 473 coelestium,
1038 425 1252 476 inferorum
1285 422 1366 471 (vel
1399 426 1735 479 infernorumque)
1771 426 1886 472 iras,·

243 503 514 536 contacturum
537 495 771 547 funebribus
805 495 908 533 diris
941 496 1088 546 siqua,
1120 493 1226 541 tela,
1251 495 1324 530 etc.
1371 492 1495 542 Igitur
1519 494 1634 533 dirae
1656 495 1742 532 sunt
1770 487 1885 541 α’ραί.

244 565 293 604 Et
324 567 497 611 constat,
541 566 582 603 ut
613 577 634 603 a
665 563 824 603 Graecis
853 559 985 613 Ἀραί
1009 563 1133 601 dictae
1172 564 1260 600 sunt
1290 561 1507 612 Erinnyes,
1551 564 1732 614 tamquam
1772 561 1888 599 vivae

243 636 357 684 atque
388 633 571 672 animatae
597 633 910 684 imprecationeS,
944 633 995 671 ita
1026 631 1206 671 Romanis
1237 631 1370 669 Diras
1403 630 1477 668 diei
1508 630 1658 669 Furias:
1691 633 1776 669 uta
1795 628 1889 667 Vir-

243 701 360 751 gili03
394 703 442 740 cf.
474 702 662 753 Apuleius
694 702 744 741 ΙΙ.
778 715 816 753 p.
854 705 947 751 127,
980 703 1048 739 29.
1097 699 1204 738 Unde
1235 698 1414 747 Scaliger
1445 699 1672 738 Eumenidas
1697 696 1889 748 Aeschyli

243 781 317 809 non
347 770 442 809 male
474 771 715 822 nuncupabat
746 772 894 810 Diras.

329 837 434 892 Quae
456 839 503 878 ab
527 839 658 887 Livio,
681 839 789 889 aliis,
822 840 1153 878 commemorantur
1177 837 1352 876 dirarum
1381 836 1577 888 exempla,
1600 848 1622 874 a
1642 836 1748 875 Diris
1768 834 1891 875 Cato-

243 907 304 946 nis
335 909 468 958 partini
501 921 546 947 eo
578 908 778 957 differunt,
810 908 908 959 quod
941 908 1084 946 breves
1116 907 1221 944 suere
1252 904 1492 956 plerumque,
1524 907 1658 956 partim
1691 917 1759 949 eo,
1792 903 1890 956 quod

244 977 282 1015 in
312 975 483 1015 homines
507 976 644 1016 dictae.
710 977 761 1015 At
793 977 890 1016 Cato
922 988 995 1014 non
1027 974 1232 1022 hominem,
1266 986 1336 1012 non
1367 974 1540 1024 militem,
1573 974 1743 1012 devovet
1774 974 1892 1020 diris,

244 1045 311 1084 scd
343 1058 496 1095 agrum:
539 1046 708 1085 devovet
739 1048 884 1093 autem,
917 1048 956 1083 ut
988 1056 1059 1082 non
1092 1042 1249 1093 amplius
1283 1055 1413 1090 suum,
1447 1054 1492 1081 ne
1523 1043 1645 1094 prosit
1676 1042 1772 1082 aliis.
1835 1041 1894 1080 De

243 1116 365 1154 Diris
397 1114 494 1164 apud
528 1118 662 1164 poetas
687 1114 716 1153 Ι.
745 1114 789 1153 C.
817 1113 1000 1161 Scaliger
1034 1111 1229 1160 singulare
1261 1115 1373 1161 caput
1404 1112 1495 1150 fecit
1525 1112 1559 1149 in
1592 1112 1770 1159 Poetica,
1791 1110 1892 1150 LIII.

244 1184 329 1222 libri
363 1184 489 1234 primi,
523 1186 560 1221 et
591 1182 768 1231 longius,
802 1181 888 1220 libri
915 1181 961 1219 V.
990 1181 1169 1219 decimum
1204 1181 1374 1228 tertimn,
1408 1180 1469 1217 ubi
1501 1192 1580 1218 cum
1605 1181 1747 1219 nostris
1768 1180 1894 1227 Diris,

244 1264 338 1304 quas
372 1251 536 1301 Virgilio
568 1252 778 1299 tribuebat,
811 1253 1004 1300 comparat
1037 1249 1121 1287 Ibin
1156 1248 1306 1293 Ovidii,
1346 1245 1583 1292 Οἰδίποδος
1615 1245 1744 1298 (ἱράν,
1778 1248 1896 1299 Thy-

245 1324 374 1359 esteas
399 1332 558 1371 preces,
589 1320 663 1358 alia
685 1319 906 1357 huiusmodi.
952 1317 1059 1356 Italis
1084 1318 1340 1369 desperatum
1371 1331 1528 1357 carmen
1559 1319 1690 1356 vocari
1716 1320 1895 1356 testatur.

245 1389 283 1428 A
306 1389 508 1438 Scaligero
536 1401 603 1427 sua
627 1389 820 1427 maximam
847 1390 992 1438 partem
1023 1386 1182 1436 sumpsit
1201 1384 1354 1423 Delrius
1374 1387 1544 1424 Advers.
1566 1387 1600 1424 in
1619 1385 1895 1434 Senec.Trag.

247 1458 312 1507 (P.
338 1458 389 1496 II.
425 1458 692 1507 syntagmatis
724 1457 847 1505 Trag.
880 1455 983 1503 Lat.)
1017 1468 1053 1505 p.
1082 1456 1148 1492 44.
1191 1452 1251 1493 Cf.
1276 1455 1326 1492 Il.
1351 1453 1532 1493 Columna
1555 1456 1589 1493 in
1611 1455 1762 1504 Fragm.
1786 1455 1898 1493 Ennii

246 1540 285 1579 p.
313 1529 410 1567 275.
443 1526 599 1565 IIessel.
633 1526 870 1575 Salvagnius
903 1525 1041 1563 Boess.
1075 1522 1293 1571 Prolegom.
1328 1524 1361 1561 in
1383 1523 1465 1561 Ibin
1491 1535 1574 1574 cap.
1597 1523 1645 1562 ll.
1696 1524 1778 1562 Huc
1804 1536 1897 1574 per-

248 1598 342 1636 tinet
365 1594 662 1635 Lindenhruehii
692 1594 913 1633 observatio
955 1594 991 1631 in
1024 1591 1232 1642 exemplari
1260 1591 1456 1630 Guelferb.
1485 1592 1574 1631 edit.
1602 1591 1750 1641 Scalig.
1774 1596 1896 1631 1595.

248 1667 420 1718 scripsit
451 1672 488 1704 ec
521 1664 662 1704 Moero
697 1664 860 1717 quidam
893 1662 1032 1701 librum
1064 1662 1269 1700 Dirurum.
1305 1675 1413 1714 quem
1445 1664 1546 1700 citat
1577 1661 1826 1701 Parthenius
1858 1664 1899 1700 in

248 1735 348 1774 libro
381 1734 430 1774 cle
461 1741 627 1772 ornator.
661 1733 810 1785 affect.
842 1745 935 1784 cap.
970 1737 1038 1770 27.
1103 1725 1263 1778 ῘΙΙοιρεὸ
1297 1727 1342 1765 ἐν
1372 1732 1466 1773 ταῖς
1499 1726 1637 1777 dvo-CC·
1683 1731 1733 1769 Et
1762 1731 1898 1770 Moero

249 1804 394 1856 quidem
433 1802 496 1840 illa
534 1801 629 1840 haud
669 1802 781 1839 dubie
820 1813 892 1839 non
926 1813 1055 1849 unam,
1095 1797 1309 1837 Nicandrac
1341 1802 1379 1837 et
1409 1798 1618 1842 meismes,
1655 1794 1784 1848 (ἱράν,
1828 1799 1897 1838 sed

249 1873 378 1924 plures
411 1867 517 1919 (ἱράς
548 1875 771 1909 narraverat
804 1869 899 1908 libro
933 1882 1016 1907 suo.
1078 1867 1127 1906 Ut
1160 1879 1356 1918 perparum
1396 1867 1461 1906 tali
1499 1867 1594 1906 libro
1638 1881 1718 1907 cum
1751 1868 1902 1909 Catone

251 1954 441 1980 commune
465 1940 592 1978 fuerit.
627 1938 787 1978 Omnino
814 1951 933 1990 neque
952 1938 1034 1976 lhin
1053 1937 1201 1979 Ovidii,
1225 1940 1307 1984 aut,
1331 1936 1376 1974 dc
1404 1949 1475 1988 quo
1499 1938 1749 1976 coniecturam
1776 1939 1902 1976 t'acere

251 2024 300 2048 ex
329 2009 468 2048 Ovidio
496 2009 606 2053 licet,
626 2006 872 2054 Callimachi,
898 2007 993 2045 satis
1020 2011 1109 2056 apte
1137 2005 1342 2054 comparari
1369 2017 1447 2043 cum
1473 2004 1619 2045 Catone
1641 2009 1752 2056 puto,
1780 2019 1901 2059 neque

250 2078 349 2117 aliud
383 2080 576 2130 quicquam
609 2077 723 2122 novi,
765 2077 860 2128 quod
894 2075 1017 2114 simile
1059 2075 1176 2112 fuisse
1208 2074 1311 2111 Diris
1343 2072 1502 2113 Catonis
1534 2074 1672 2124 dicam,
1711 2076 1743 2113 si
1775 2075 1901 2114 obiter

253 2147 315 2185 liic
349 2147 426 2185 illic
456 2148 620 2186 insertas
659 2158 680 2183 a
712 2147 839 2196 poetis
880 2144 1173 2195 imprecationes
1214 2145 1428 2194 exceperis.
1499 2144 1544 2183 Ε.
1577 2156 1618 2193 g.
1651 2156 1757 2196 quam
1788 2144 1818 2185 l.
1851 2143 1897 2185 C.

255 2215 437 2264 Scaliger
454 2216 561 2254 Poet.
576 2214 625 2253 V.
643 2227 730 2254 x111.
755 2216 1036 2260 commemorat,
1067 2212 1247 2250 Damonis
1278 2213 1312 2250 in
1335 2212 1479 2261 Vin-gil.
1501 2212 1583 2251 Ecl.
1603 2212 1715 2252 VIII.
1732 2216 1798 2252 52.
1813 2226 1898 2266 sqq.

254 2286 327 2324 etsi
359 2284 453 2323 llaec
484 2295 630 2335 quoque
662 2284 855 2334 pertenuis
879 2281 1098 2321 similitudo.
1145 2280 1334 2320 Contrarii
1357 2281 1535 2329 generis,
1562 2282 1658 2333 quod
1685 2282 1785 2321 bona
1807 2285 1899 2322 vota

256 2353 538 2404 complectitur,
572 2353 725 2401 insigne
757 2351 966 2402 exemplum
997 2349 1095 2401 apud
1133 2348 1314 2389 Catonem
1346 2348 1392 2387 de
1417 2349 1476 2389 Re
1500 2353 1594 2388 rust.
1628 2363 1734 2388 οκω.
1761 2362 1898 2401 preces

257 2425 292 2462 in
326 2421 517 2460 lustrando
547 2433 656 2469 agro,
718 2421 779 2459 Ex
811 2421 958 2471 poetis:
992 2422 1084 2457 vota
1115 2418 1355 2456 Eumenidum
1388 2418 1484 2468 apud
1509 2418 1766 2470 Aeschylum,
1799 2431 1898 2471 quae

257 2492 435 2530 Minerva
466 2503 505 2527 v.
532 2493 627 2528 904.
658 2502 716 2541 sq.
749 2493 978 2540 praeeunte,
1011 2489 1158 2525 vovent
1190 2499 1227 2523 v.
1252 2489 1347 2525 938.
1377 2499 1460 2538 sqq.
1524 2486 1632 2526 Unde
1662 2488 1897 2527 Hermannus

258 2571 469 2611 expressos
492 2558 648 2609 putabat
671 2570 808 2595 versus
834 2557 1166 2606 elegantissiinos,
1199 2568 1294 2607 quos
1317 2555 1361 2593 ad
1384 2554 1509 2594 Dirar.
1536 2569 1573 2594 v.
1604 2560 1666 2595 16.
1687 2558 1894 2608 proferam:

544 2627 706 2665 Caelum
737 2628 954 2675 nitescere,
987 2625 1155 2664 arbores
1185 2625 1472 2676 frondescere,
1506 2628 1581 2665 etc.

346 2765 388 2804 In
420 2764 686 2815 componendis
713 2763 818 2801 Diris
849 2762 962 2801 multa
988 2774 1067 2800 cum
1095 2762 1273 2801 libertate
1300 2765 1476 2801 versatus
1502 2765 1562 2802 est
1587 2764 1718 2813 poeta,
1750 2762 1817 2801 sed
1850 2775 1895 2802 ea

263 2834 461 2883 libertate,
493 2845 588 2885 quae
620 2833 730 2871 decet
760 2835 919 2882 poetam.
975 2831 1098 2869 Primo
1131 2843 1280 2869 scenam
1313 2831 1486 2870 carminis
1517 2832 1552 2870 in
1583 2833 1666 2882 ipso
1697 2843 1793 2881 agro
1824 2844 1893 2870 suo

262 2904 410 2952 posuit,
443 2906 480 2940 et
505 2913 547 2940 se
577 2913 674 2939 nunc
704 2901 855 2952 primum
887 2899 1029 2950 expelli
1060 2900 1165 2948 agris
1197 2900 1319 2948 fingit.
1373 2899 1456 2952 Quo
1486 2899 1686 2949 neglectas
1712 2911 1801 2938 esse
1826 2912 1893 2939 ra-

263 2970 386 3009 tiones
413 2970 590 3021 temporis
614 2972 791 3020 apparet,
823 2969 857 3006 si
885 2969 1031 3019 quidem
1056 2968 1176 3019 Cato,
1202 2980 1309 3021 quum
1334 2969 1447 3007 Diras
1469 2969 1642 3019 scripsit,
1664 2969 1733 3007 iam
1759 2968 1893 3007 dudum

265 3038 465 3079 exsulabat
488 3039 534 3078 ab
559 3050 654 3089 agro
681 3050 771 3090 suo,
804 3040 842 3078 et
872 3037 982 3087 alibi,
1015 3039 1199 3088 sortasse,
1233 3038 1329 3090 quod
1356 3037 1436 3076 veri
1461 3036 1699 3089 simillimum,
1730 3038 1766 3077 in
1790 3037 1892 3077 Urbe
