2006 3365
628 152 897 194 RECENSIO
931 154 1224 196 LIRRORUM.
1670 159 1770 203 429

116 277 218 303 esse.
281 263 372 304 Cum
416 266 691 317 Antverpiensi
740 271 857 306 1590.
899 268 1100 321 aliquoties
1144 270 1439 309 consentientem
1481 269 1667 318 vidimus,
1707 269 1770 307 ubi

116 333 211 372 haec
242 334 452 383 singularia
484 338 521 374 et
553 348 637 373 raro
668 337 756 375 alibi
790 338 904 375 obvia
937 336 1079 375 habet:
1115 351 1153 374 v.
1177 342 1245 376 93.
1277 341 1485 379 los.1125.
1513 341 1606 376 138.
1659 338 1770 376 etiam

116 402 150 439 iu
185 403 291 439 vitiis
323 403 556 452 inanil'estis,
591 407 629 442 ut
663 418 700 443 v.
722 408 788 442 52.
824 405 951 461 Quam
979 404 1093 442 habet
1121 407 1485 444 cu111Antv.15s‹).
1548 409 1585 444 ct
1617 419 1656 443 v.
1679 407 1769 443 147.

117 483 234 522 qvam
275 482 353 508 eum
396 471 538 508 eadem.
609 471 685 510 Sed
727 478 975 511 accesserunt
1022 485 1121 510 nova
1161 473 1274 520 vitia,
1329 472 1558 523 Egenolpho
1602 474 1770 523 propria.

114 537 264 576 Deinde
297 539 332 576 in
365 537 437 576 hac
469 539 775 577 Franeot'urtensi
809 552 887 578 eum
921 540 1043 592 aliqua
1076 540 1283 578 industriae
1315 541 1464 591 speeie,
1498 541 1564 578 sed
1599 553 1668 579 non
1702 553 1770 579 sa-

114 607 164 644 tis
196 610 372 644 aeeumte
405 608 572 644 varietas
606 606 781 645 lectionis
814 608 997 646 cumulata
1040 611 1100 646 est
1141 609 1175 645 in
1215 609 1434 656 margines:
1475 610 1609 658 partim
1642 608 1770 647 Scali-

112 674 223 721 geri,
261 688 308 711 ex
343 673 634 718 Coniectaneis,
671 676 801 724 partim
833 675 1010 720 aliorum,
1053 675 1118 713 sed
1152 688 1201 713 ex
1234 675 1342 713 libris
1374 677 1487 714 editis
1519 677 1660 725 onmia,
1699 678 1769 715 mi-

114 741 225 793 hique
257 742 407 781 aliunde
440 746 548 787 nota,
583 746 735 792 praeter
767 744 893 792 inepta
926 742 1124 789 nonnulla,
1158 756 1252 793 quae
1284 755 1333 780 ex
1367 744 1498 781 nescio
1528 756 1599 795 qno
1628 745 1769 783 vitioso

113 810 318 860 exemplari
352 810 547 861 desumpta
594 813 710 848 sumt:
749 811 794 848 ad
827 825 865 848 v.
906 813 995 848 138.
1036 812 1124 847 159.
1164 812 1256 847 165.
1325 808 1524 850 Caeterum
1558 810 1629 850 boc
1660 812 1769 863 quic-

113 878 198 928 quid
236 879 432 916 varietatis
464 881 545 927 est,
588 890 660 916 non
702 879 784 928 ipse
816 877 978 927 collegit
1011 876 1252 916 Christitmus
1284 878 1563 928 Egenolplrus,
1597 880 1664 917 sed
1698 880 1770 918 de-

113 945 194 983 beri
227 946 371 984 duabus
404 947 553 996 optimis
595 945 756 985 Clariss.
803 945 976 983 Virorum
1009 945 1063 983 Io.
1097 958 1117 983 a
1151 946 1295 996 nyen
1331 947 1563 996 Bergizomii
1598 947 1768 998 Belgae,

113 1015 151 1052 et
183 1013 363 1063 Gregorii
395 1014 615 1052 Bersmanni
653 1014 813 1053 doctiss.
848 1014 990 1053 Poetae
1023 1015 1254 1053 editionibus
1286 1018 1423 1054 monet.

198 1172 352 1212 Poetae
381 1173 565 1222 Satyrici
599 1173 783 1212 Nlinores
802 1200 815 1221 9
849 1173 917 1212 De
948 1174 1146 1227 Corrupto
1177 1174 1445 1227 Reipublicae
1470 1176 1608 1215 Siata.
1642 1176 1766 1216 Mat-⁴

111 1253 182 1280 cas
218 1239 392 1279 Zaerias
413 1241 672 1280 Boxlzornius
704 1245 928 1290 recensuit,
964 1247 996 1283 ἀ
1020 1244 1327 1283 Conmentariis
1360 1245 1603 1284 illustrat-il.
1651 1245 1768 1296 Lay-

111 1309 209 1347 dmzi
246 1309 513 1348 Batavorum.
547 1309 606 1346 clo
639 1308 672 1347 lo
703 1325 881 1347 exxxrn.
922 1314 982 1349 12.
1045 1311 1202 1360 Insunt,
1236 1313 1325 1350 mira
1367 1313 1627 1361 consociatIO,
1667 1314 1768 1352 snt-

107 1379 240 1430 piliae
276 1379 454 1429 Satyra,
494 1378 690 1430 Anonymi
728 1381 920 1418 Auctoris
959 1380 1112 1418 Franci
1147 1381 1303 1432 Satyra
1350 1381 1400 1419 de
1446 1380 1561 1429 Lite,
1617 1381 1770 1421 Valerii

110 1446 283 1485 Catonis
316 1447 471 1494 Dirae,
504 1448 685 1498 Satyra,
721 1459 799 1485 cum
832 1448 1222 1486 animadxers-ionibus
1256 1448 1480 1487 Boxliornii.
1542 1449 1625 1487 Non
1661 1451 1768 1489 visus

110 1513 266 1552 libellus
298 1514 523 1552 BurmannO.
587 1514 734 1553 Deinde
770 1515 1013 1554 Boxlnornius
1046 1515 1092 1553 de
1127 1517 1275 1555 Catone
1308 1517 1484 1555 nonnulla
1517 1530 1642 1567 parum
1674 1531 1768 1569 pro-

110 1581 254 1620 babilia
296 1582 430 1621 scribit
474 1583 520 1620 ad
562 1582 592 1621 I.
625 1583 682 1621 Fr.
724 1583 986 1623 Gronovium:
1029 1585 1079 1623 V.
1113 1583 1173 1623 Cl.
1216 1584 1340 1623 Marci
1382 1585 1511 1623 Zuerii
1558 1586 1769 1625 Boxhornii

109 1649 309 1700 Epistolae
340 1652 378 1688 et
408 1650 599 1690 Poemata.
648 1651 822 1690 Francos.
857 1656 895 1690 ct
925 1652 1033 1702 Lips.
1073 1653 1191 1691 1679.

194 1808 406 1848 Boxhornii
439 1808 633 1848 eonsilium
666 1813 821 1849 secutus
862 1810 1069 1860 Satyrieos
1110 1811 1297 1858 minores,
1339 1811 1512 1863 interque
1544 1825 1613 1851 eos
1645 1812 1767 1853 Cato-

108 1889 215 1925 nem,
248 1878 308 1916 Io.
342 1878 474 1917 Mich.
508 1878 727 1917 Dillierrus
761 1878 899 1927 edidit,
953 1877 1066 1916 lenae
1101 1881 1223 1917 1636.
1262 1882 1325 1916 12.
1388 1879 1515 1918 Edidit
1545 1883 1694 1929 autem,
1729 1884 1768 1921 ut

108 1948 268 1984 testatur
300 1946 612 1995 Wernsdortius,
644 1946 852 1984 auditorum
885 1959 1036 1984 suorum
1062 1947 1213 1995 gratia,
1249 1959 1370 1999 neque
1387 1947 1584 2000 quiequam
1616 1952 1769 2000 praeter

106 2015 377 2065 praefationem
409 2014 456 2053 de
489 2015 580 2053 vitis
610 2018 802 2053 auctorum
833 2014 970 2054 adiecit
1010 2016 1276 2054 commentarii.

200 2173 291 2212 Val.
342 2174 515 2213 Catonis
562 2174 824 2213 Grammatiei
869 2174 1012 2212 Dirae.
1064 2174 1382 2226 Cliristophoras
1428 2175 1638 2215 Arnoldas
1700 2176 1769 2216 Ex

107 2241 351 2281 editionibus
385 2245 416 2280 ἃ
460 2243 801 2281 emendationibus
843 2242 1050 2281 Variorum
1081 2243 1314 2294 expressit,
1363 2245 1395 2281 ἀ
1425 2247 1767 2295 repraesentavit.

108 2311 279 2349 Accedit
311 2311 503 2349 Eiusdem
526 2311 580 2349 ad
603 2313 735 2349 omnia
758 2310 918 2349 Poe'tae
948 2311 1260 2349 Commentarius
1283 2309 1422 2349 Liber.
1458 2310 1587 2362 [Δαμώ
1610 2312 1766 2351 Balav.

109 2377 169 2415 clo
203 2378 238 2416 10
273 2393 293 2415 c
327 2393 393 2417 mr.
430 2382 494 2417 12.
555 2378 695 2427 Diras,
741 2380 820 2417 sere
853 2378 989 2429 ubique
1020 2377 1064 2415 ad
1099 2381 1256 2416 :nentem
1290 2380 1516 2417 constitutas
1549 2378 1766 2428 Scaligeri,

108 2447 305 2497 excipiunt
344 2447 493 2486 Variae
524 2447 763 2494 Lectiones,
797 2447 864 2485 sed
898 2457 1067 2496 paucae,
1100 2448 1138 2485 et
1170 2446 1418 2495 negligenter
1450 2447 1660 2495 collectae3
1694 2451 1767 2487 tum

108 2515 301 2552 verbosus
333 2515 406 2553 iste
438 2513 749 2554 Commentarius,
812 2515 956 2553 Postea
989 2515 1213 2564 poenitebat
1237 2515 1445 2553 Arnoldum
1476 2527 1640 2552 errorum
1672 2528 1766 2553 suo-

108 2594 207 2630 rum,
247 2582 479 2634 optabatque
512 2585 550 2621 ut
582 2583 707 2622 recudi
741 2583 918 2622 iuvenile
952 2584 1212 2621 schediasma
1243 2583 1346 2621 illud
1378 2595 1398 2620 a
1432 2583 1655 2633 bibliopolis
1689 2584 1766 2622 Ba-

108 2650 210 2689 tavis
242 2652 405 2700 posset:
447 2650 646 2688 Burmann.
681 2651 852 2700 Sylloge
887 2651 1094 2701 Epistolar.
1127 2651 1200 2689 To.
1238 2652 1283 2689 V.
1327 2664 1363 2701 p.
1397 2654 1493 2690 3⁴3.
1527 2664 1584 2703 sq.
1647 2652 1767 2691 Atta-

108 2730 189 2755 men
224 2718 478 2766 Burmannus,
511 2719 682 2757 Dirarum
716 2720 856 2767 editor,
893 2731 965 2757 non
998 2720 1049 2757 ita
1081 2723 1321 2758 contemnere
1340 2719 1546 2758 Arnoldun·
1570 2719 1766 2764 debuerat,

109 2790 148 2824 ut
180 2798 338 2836 prorsus
370 2785 605 2834 negligeret.
667 2786 804 2826 Latent
836 2788 871 2825 in
893 2786 1169 2827 Commentario
1198 2787 1356 2825 Arnoldi
1383 2786 1584 2825 nonnullae
1616 2787 1768 2825 doctio-

107 2866 185 2892 rum
218 2855 381 2891 virorum
415 2853 736 2897 observationes,
782 2868 876 2907 quas
916 2855 967 2893 illi
1001 2867 1081 2893 eum
1121 2855 1316 2900 Arnoldo,
1360 2856 1441 2893 dum
1474 2855 1701 2894 elaborabat
1732 2856 1768 2894 in

110 2919 277 2970 Catone,
320 2923 445 2970 rogati
485 2923 835 2961 eonmmnieavere:
877 2922 1078 2971 Salmasii,
1123 2923 1168 2961 ad
1210 2936 1248 2960 v.
1283 2926 1350 2962 63.
1389 2924 1478 2973 his,
1519 2923 1564 2961 ad
1599 2936 1636 2960 v.
1677 2926 1766 2961 146.

115 2992 207 3029 169.
252 2991 345 3030 1ἶ3.
392 2990 563 3042 idemque
601 2993 662 3030 cst
703 2989 798 3030 baud
842 2991 981 3039 dubie,
1025 3003 1132 3043 quem
1181 2990 1375 3031 Arnoldus
1416 2991 1462 3030 ad
1505 3004 1545 3030 v·
1576 2992 1615 3030 9.
1648 2992 1767 3035 dicit:
