2006 3365
590 154 658 193 ΒΕ
692 153 845 195 POESI
878 153 1213 195 CATONlANA.
1624 154 1722 199 281

886 264 997 278 ‘3⁴1

88 334 336 387 δορίτμητος
368 335 701 386 κατηναρίσθης.
771 337 996 391 Quamquam
1038 350 1159 390 neque
1199 337 1272 377 hoc
1310 336 1566 387 Aeschyleum
1611 334 1724 374 valde

83 406 219 458 placet.
280 405 320 444 In
341 406 554 445 coniectura
573 407 619 445 de
638 406 838 445 Memnone
869 418 950 444 mea
981 407 1210 458 acquiesco:
1243 419 1349 458 quem
1382 406 1418 444 in
1450 418 1600 445 sensum
1618 404 1722 443 Her-

83 486 234 512 mannus
266 475 375 513 etiam
407 475 609 513 candidus
642 475 721 523 legi
756 487 872 525 posse
903 474 1196 513 animadvertit:
1235 474 1342 521 mihi,
1375 477 1414 514 ut
1445 473 1566 523 solet,
1605 484 1721 511 meum

82 543 271 582 eaerulus
304 543 441 594 placet.
502 543 661 586 Verum,
704 546 860 593 propter
891 542 987 594 quod
1020 553 1116 580 nunc
1154 546 1238 580 utor
1278 543 1500 593 Propertio,
1541 541 1722 581 intolera-

80 612 158 651 bile
189 615 274 660 est,
308 613 378 650 nisi
410 611 542 660 fallor,
577 612 726 650 duorum
760 611 1015 649 continuorum
1036 609 1276 649 distichorum
1308 613 1380 650 tam
1407 610 1526 650 simile
1551 611 1720 650 initium:

420 680 528 719 Nam
561 694 636 734 quo
666 686 747 719 {cem
778 679 935 718 dubiae·

421 750 499 788 Cui
529 752 568 789 si
597 755 677 788 tam
707 749 852 799 lonyae

79 817 229 858 Ferrem
262 819 450 867 sortasse,
483 818 515 857 si
547 830 676 857 omnes
709 818 760 856 ita
791 816 962 855 iuberent
994 816 1171 866 codices,
1203 828 1248 855 ac
1277 817 1412 856 serrem
1444 815 1479 854 in
1502 815 1718 866 Propertio,

79 887 184 925 cuius
216 899 288 926 non
320 886 408 925 illud
441 888 476 926 in
509 887 686 926 versibus
726 885 966 936 expoliendis
1006 885 1199 924 artificium
1232 888 1312 935 est,
1358 885 1455 938 quod
1488 885 1652 925 cernitur
1682 885 1719 923 in

79 955 234 995 Ovidio.
295 955 403 995 Nunc
434 969 541 1008 quum
573 955 669 994 alius
695 955 903 1004 scripturae
928 954 1101 1003 vestigia
1128 956 1302 1001 exstent,
1331 953 1594 1005 amplectemur
1614 965 1716 992 eam:

419 1025 496 1064 Cm·
526 1028 564 1064 .ςί
593 1025 817 1076 lonyaevue
845 1026 1056 1062 minuisset
1090 1024 1211 1076 facta
1249 1030 1436 1063 senectae

77 1096 117 1133 ut
148 1093 343 1132 Heinsius.
406 1095 531 1142 Igitur
561 1101 640 1132 tam
671 1093 823 1131 fulcrum
856 1095 916 1131 est
947 1093 1073 1139 metri,
1106 1092 1277 1131 adhiberi
1310 1097 1503 1144 coeptum,
1528 1103 1635 1144 quum
1654 1092 1719 1131 aut

76 1163 300 1215 lonqueeae
330 1164 366 1201 in
399 1163 541 1214 longsae
571 1162 736 1205 abisset,
769 1164 833 1200 aut
865 1162 940 1201 cm·
971 1163 1010 1200 si
1041 1162 1075 1200 in
1109 1161 1235 1219 Quis,
1278 1165 1318 1200 ut
1348 1161 1495 1213 quidem
1527 1160 1613 1199 libri
1644 1159 1717 1199 ha-

76 1231 168 1271 bent
199 1244 270 1270 non
304 1233 432 1282 pauci,
467 1234 679 1282 corruptum
712 1232 860 1269 suisset.
921 1231 977 1269 At
1008 1230 1095 1269 alibi
1128 1243 1200 1270 non
1232 1231 1457 1282 [onyaevae
1471 1230 1714 1280 Propertius,

76 1301 144 1339 sed
175 1301 320 1351 lonycce
350 1301 441 1339 dicit
469 1301 564 1353 fata
597 1306 796 1339 senectae.
857 1299 974 1353 Quasi
1016 1313 1108 1339 vero
1148 1300 1245 1352 quod
1287 1298 1401 1339 semel
1442 1298 1561 1347 dixit,
1606 1299 1716 1337 etiam

75 1368 138 1408 bis
170 1369 296 1407 dicere
327 1369 513 1408 debuerit.
573 1369 627 1408 At
658 1381 763 1408 nemo
794 1369 891 1407 alius
930 1369 1166 1421 lonyaevam
1203 1369 1298 1408 dixit
1337 1374 1548 1407 senectam.
1609 1367 1717 1407 Haec

76 1439 234 1490 gravior
264 1439 363 1477 foret
393 1438 579 1482 obiectio,
615 1439 646 1476 si
678 1440 876 1477 monstrari
910 1439 943 1476 in
977 1438 1139 1477 dictione
1170 1440 1242 1477 ista
1268 1441 1426 1489 posset,
1454 1437 1552 1490 quod
1577 1435 1716 1488 displi-

78 1519 165 1546 cere
209 1507 380 1546 deberet.
450 1506 681 1558 Adscriptos
721 1506 842 1545 liabeo
883 1507 989 1545 locos
1033 1507 1252 1555 nonnullos,
1294 1519 1444 1559 quorum
1485 1519 1598 1554 unus,
1647 1505 1717 1545 sed

77 1579 213 1628 poetae
246 1575 356 1614 valde
388 1577 552 1614 recentis
571 1607 579 1621 ‚
612 1577 782 1627 proxime
813 1576 858 1614 ad
880 1576 1116 1626 Propertium
1148 1576 1307 1614 accedit.
1369 1574 1585 1626 Sophocles
1617 1574 1715 1614 Oed.

77 1644 127 1683 R.
161 1649 256 1683 518.
288 1642 382 1692 βίου
415 1642 720 1693 μακραίωιόςς
767 1645 859 1683 idem
898 1645 1021 1683 Aiace
1061 1659 1099 1683 v.
1137 1649 1227 1684 194.
1267 1642 1510 1693 μακραίωνι
1551 1642 1716 1695 σχολᾷ,

77 1713 141 1752 uhi
171 1711 436 1761 μακραίωνα,
472 1716 511 1752 ut
540 1714 636 1765 apud
670 1714 905 1765 Propertium
943 1714 1188 1766 lonquecae,
1229 1714 1275 1752 ad
1313 1726 1388 1752 rem
1427 1726 1499 1753 non
1544 1714 1718 1753 maiorem

76 1782 151 1821 vim
183 1781 323 1832 hahet,
355 1795 459 1834 quam
491 1782 649 1822 haberet
681 1783 843 1833 simplex
873 1781 1032 1835 μακρᾷ..
1093 1783 1251 1823 Antbol.
1286 1784 1372 1823 Lat.
1397 1784 1522 1823 Burm.
1554 1783 1619 1822 lib.
1645 1782 1716 1822 IV.

80 1866 240 1889 cccvm.
262 1856 299 1890 5.
339 1851 484 1891 Viez‘sti
512 1856 677 1904 priseos
710 1852 912 1903 lonyaeea
943 1860 1078 1892 aetate
1104 1861 1310 1906 purenles.
1370 1852 1437 1892 lib.
1465 1852 1534 1891 Vl.
1559 1851 1718 1891 Luxorii

80 1921 205 1970 epigr.
238 1936 333 1959 1.v11.
367 1926 404 1959 3.
443 1922 612 1960 Tantam
644 1923 730 1961 (lum
763 1936 941 1962 numeres
974 1923 1174 1973 longsaeva
1206 1929 1342 1962 aelate
1372 1929 1584 1962 senectam.
1629 1921 1718 1960 alibi

79 1989 176 2040 apud
208 1990 370 2028 eumdem
402 1994 570 2040 poetam,
613 2004 703 2041 pag.
738 1994 832 2029 614.
862 1993 978 2043 fama
1009 1992 1235 2043 longsaeva‚
1268 1993 1305 2031 ct
1343 1991 1440 2042 apud
1471 1990 1579 2029 alium
1611 1990 1718 2029 elus-

80 2058 161 2097 dem
193 2060 272 2097 sere
303 2063 436 2107 notae,
470 2072 560 2109 pag.
594 2062 688 2097 406.
721 2061 922 2110 lonffleeva
953 2063 1122 2099 incuria.

166 2127 330 2176 ignarus
362 2127 463 2177 legis
494 2127 593 2166 illius
618 2127 714 2168 Cato
746 2141 866 2181 neque
897 2129 1004 2180 plura
1035 2130 1210 2168 continua
1242 2128 1359 2168 verba
1389 2130 1583 2179 repetere,
1616 2140 1717 2166 eum-

80 2197 237 2248 demque
268 2197 450 2235 orationis
483 2195 643 2235 colorem
677 2198 814 2236 inferre
847 2198 1013 2237 diversis
1045 2198 1139 2236 locis
1179 2198 1456 2247 relbrmidavst,
1497 2209 1569 2250 qua
1599 2197 1646 2236 de
1677 2209 1718 2236 re

80 2267 149 2304 iam
182 2266 314 2304 dictum
347 2270 427 2312 est,
470 2269 508 2305 et
540 2266 658 2305 verba
690 2267 840 2316 singula
872 2280 1007 2306 secure
1039 2267 1207 2306 iteravit.
1268 2267 1401 2320 Neque
1433 2279 1477 2306 eo
1509 2265 1718 2317 reprehen-

80 2335 193 2373 derim
226 2334 434 2383 Catonem,
481 2339 520 2374 ut
552 2335 754 2374 Putsclnius
786 2337 874 2375 l'aeit
905 2337 949 2375 ad
990 2336 1072 2375 Ecl.
1106 2339 1171 2374 22.
1205 2339 1271 2375 60.
1333 2336 1451 2375 Unum
1483 2336 1626 2388 quidem
1657 2335 1718 2373 al-

81 2407 251 2443 terumve
284 2403 410 2442 horum
442 2405 477 2443 in
515 2404 660 2443 deliciis
691 2406 810 2443 fuisse
843 2404 976 2445 Catoni
1009 2405 1105 2444 haud
1139 2405 1302 2444 absurde
1335 2406 1540 2444 coniicias:
1581 2408 1619 2444 ut
1648 2405 1718 2456 fe-

81 2473 162 2522 lim,
193 2474 419 2525 formosus,
445 2474 615 2513 umbrae.
676 2474 757 2513 Dir.
780 2488 817 2512 v.
840 2478 903 2513 10.
935 2475 1082 2527 felicia
1114 2488 1212 2514 rura
1271 2488 1309 2513 v.
1343 2477 1410 2514 33.
1438 2474 1583 2527 felicia
1607 2474 1719 2525 liqna

80 2555 120 2581 v.
155 2547 221 2581 90.
251 2543 357 2594 felir
387 2556 518 2582 nomen
549 2544 686 2594 ccyellz'.
747 2544 830 2583 Dir.
863 2558 902 2583 v.
935 2546 1002 2582 27.
1032 2544 1225 2595 formosis
1255 2546 1398 2583 viretis
1459 2556 1497 2582 v.
1531 2548 1597 2582 32.
1627 2544 1718 2595 for-

79 2624 217 2651 mosae
248 2611 432 2650 nmbrae:
465 2623 537 2649 non
570 2612 666 2651 addo
697 2625 746 2651 ex
777 2613 905 2652 eodem
938 2626 976 2651 v.
1005 2615 1072 2652 32.
1102 2614 1343 2665 formosior,
1377 2613 1460 2665 quia
1490 2612 1562 2650 hoc
1594 2624 1643 2650 ex
1670 2611 1718 2649 iis

81 2683 164 2730 est,
197 2693 291 2732 quac
323 2679 494 2719 consulto
526 2682 687 2731 repetita
717 2682 837 2720 videri
878 2682 1039 2728 debent,
1081 2683 1122 2720 ut
1159 2681 1257 2732 apud
1299 2680 1498 2731 Virgilium
1540 2681 1719 2720 Formosi

79 2753 238 2802 peeoris
272 2757 436 2798 eustos,
468 2750 683 2801 formosior
714 2753 816 2803 ipse.
878 2749 938 2790 Cf.
981 2750 1062 2789 Ecl.
1099 2754 1133 2788 1.
1167 2753 1205 2789 2.
1238 2753 1304 2789 25.
1339 2753 1404 2790 68.
1462 2749 1545 2788 Dir.
1578 2763 1616 2788 v.
1650 2752 1717 2788 28.

88 2818 287 2858 Tondebis
321 2832 358 2857 v.
393 2819 551 2857 umbras
639 2832 677 2857 v.
711 2822 777 2858 32.
820 2820 865 2859 F.
900 2834 936 2874 q.
971 2820 1116 2859 eadent
1149 2819 1320 2859 umbrae.

170 2887 332 2939 Reliqua
364 2900 578 2925 enmnerare
608 2886 718 2937 nolo,
760 2889 824 2927 sed
866 2890 1066 2938 indicabo,
1101 2890 1162 2928 ubi
1195 2892 1371 2928 assuetos
1410 2887 1650 2936 Virgilianae
1680 2889 1719 2927 et

86 2956 213 2995 Ovidii
245 2958 331 2995 sive
363 2956 583 3005 diligentiae
615 2957 700 2995 sive
730 2959 911 2997 anxietati
943 2960 1048 2998 viros
1087 2959 1221 2998 doctos
1250 2957 1344 2997 male
1373 2956 1565 3005 hahuerit,
1606 2959 1718 3009 atque

85 3025 180 3064 adeo
212 3026 432 3065 emendandi
463 3024 651 3065 libidinem
683 3025 914 3068 excitaverit
946 3027 1138 3080 repetitio.
