2006 3365
568 171 638 211 DE
669 169 823 211 POESI
856 169 1192 211 CATONIANA.
1594 168 1655 213 31
1665 171 1695 214 7

293 287 346 325 Ee
373 289 489 338 piqer
519 293 664 326 aurato
695 285 867 336 procedit
898 297 1040 336 vesper
1070 284 1120 324 ab
1154 284 1272 324 Oeta.

67 356 113 394 Et
145 353 205 393 luc
236 355 378 406 quidem
410 367 481 393 non
515 355 683 401 dubium,
726 355 811 406 quin
845 367 972 393 verum
1004 355 1054 393 sit
1081 354 1263 406 procedit
1292 365 1460 405 vesper,
1492 363 1598 403 quem
1629 362 1695 388 or-

66 424 183 462 dinem
216 424 475 473 praescribunt
497 422 722 471 Thnaneus,
749 422 1001 468 petavianus,
1037 422 1310 470 Augustanus,
1344 424 1381 459 et
1398 420 1611 459 Vossianus
1629 423 1694 457 Sl.

65 492 105 531 In
139 493 221 531 cod.
257 491 487 540 Basileonsi,
518 495 554 529 et
587 491 763 542 reliquis,
797 491 905 529 ctiam
938 490 1172 537 Mutinensi,
1206 489 1361 527 inverso
1393 489 1521 527 ordine
1552 501 1696 540 vesper

62 562 243 614 procedit
293 560 440 611 legitur.
514 567 661 598 (nn-ula
702 561 737 597 in
787 560 905 598 trihus
945 558 1155 608 prioribus,
1204 569 1298 607 qnos
1341 558 1445 605 dixi,
1489 557 1695 595 codicibus.

64 630 241 669 Profecto
281 628 393 667 multo
432 628 660 679 simplicius,
705 630 742 666 et
781 628 815 665 in
855 627 1111 675 descriptione
1152 625 1229 672 rei,
1277 637 1371 675 quae
1417 624 1611 676 tranquille
1653 635 1697 662 ac

64 698 252 749 paullatim
298 698 513 747 peragitur,
565 698 706 747 aptius.
758 696 943 747 procedit
981 698 1131 745 vesper
1169 705 1275 744 (piam
1315 698 1466 744 vesper
1501 694 1696 745 procedit·

64 766 193 817 Atque
224 767 273 803 ita
307 765 489 814 Virgilius
522 765 683 803 Aeneid.
716 763 745 802 1.
779 765 873 802 374.
914 768 1115 814 componet
1145 774 1291 813 vesper
1323 759 1503 813 Olympo.
1535 773 1626 808 non,
1659 763 1699 801 ut

65 834 100 872 in
132 833 344 878 nonnullis,
376 847 523 887 vesper
553 846 673 884 comp.
708 831 757 871 Ο.
820 830 898 871 Sed
945 831 1158 883 quaeritur,
1198 842 1244 868 an
1287 829 1339 868 ita
1385 841 1533 879 semper
1562 832 1699 879 poetae

64 903 327 941 iudicaverint.
389 902 450 940 Ad
482 902 627 942 Manilii
667 900 698 940 l.
737 903 826 939 160.
868 899 931 938 uhi
972 899 1089 949 vulgo
1132 900 1404 952 Convenitque
1433 900 1553 948 vaqis
1592 898 1699 936 limus

64 971 273 1022 permixtus
305 973 470 1019 arenis,
502 969 698 1009 Bentlcius
730 970 809 1007 ita:
842 968 1019 1007 Meliore
1049 968 1189 1006 ordine
1218 968 1370 1007 vetusti
1401 979 1560 1005 omnes:
1594 964 1698 1005 Con-

65 1040 245 1092 venitque
289 1041 400 1088 vagis
439 1041 659 1092 permixtus
701 1039 816 1077 limus
855 1037 996 1076 arenis.
1056 1042 1099 1076 ut
1143 1036 1279 1084 limus,
1321 1035 1427 1089 quod
1466 1037 1699 1075 sententiam

67 1109 197 1157 ducit,
231 1111 270 1147 in
300 1110 390 1147 arsi
419 1115 457 1147 et
488 1107 560 1147 sub
592 1110 673 1146 ictu
700 1114 890 1159 ponatur.

150 1177 276 1215 Durus
308 1180 390 1226 est,
430 1189 549 1229 eoquc
591 1175 781 1227 displicuit
811 1187 881 1214 non
914 1174 1031 1214 solum
1062 1173 1114 1213 Is.
1147 1173 1316 1221 Vossio,
1357 1172 1541 1222 Heinsio,
1579 1172 1698 1211 Fran-

67 1246 146 1295 cio,
179 1246 244 1284 scd
277 1245 387 1285 multo
418 1249 503 1284 ante
534 1244 648 1293 aliis,
684 1247 721 1284 ut
753 1244 904 1283 codices
936 1242 1163 1291 ostendunt,
1195 1242 1255 1294 qui
1287 1241 1410 1291 illum,
1441 1240 1512 1280 hac
1541 1242 1699 1281 maxime

66 1314 113 1353 de
145 1326 280 1353 caussa
312 1314 405 1352 liaud
438 1314 570 1362 dubie,
603 1311 864 1363 interpolatum
890 1312 1054 1360 habent,
1087 1310 1257 1350 Dirarum
1291 1322 1428 1349 versus
1460 1313 1526 1349 31.

298 1383 452 1422 Militis
494 1383 615 1434 impin
648 1394 760 1435 quom
791 1382 977 1420 succedet
1008 1381 1178 1420 dextera
1206 1380 1331 1431 ferro.

68 1451 126 1490 cui
158 1451 191 1489 in
224 1454 301 1489 toto
320 1450 589 1499 Georgicorum
612 1448 767 1497 Virgilii
799 1461 915 1499 opere
946 1450 1042 1487 inter
1073 1460 1210 1488 versus
1241 1446 1384 1486 similes
1414 1445 1511 1486 hand
1543 1459 1700 1498 paucos,

69 1533 174 1558 unum
207 1519 355 1570 repperi
388 1532 490 1570 quem
522 1530 646 1568 parem
680 1517 810 1565 dieas,
843 1517 892 1556 ll.
927 1521 992 1555 61.

296 1588 463 1627 Scilicet
493 1586 668 1625 omnibns
700 1592 763 1625 est
793 1586 907 1625 labor
938 1586 1242 1638 impendendus:
1276 1590 1314 1624 et
1344 1598 1489 1624 omnes.

70 1657 142 1696 etsi
174 1670 218 1694 ne
249 1655 310 1694 liic
342 1656 487 1707 quidem
521 1655 608 1693 nihil
642 1654 767 1693 differt
798 1669 817 1693 a
850 1668 963 1693 versu
997 1652 1238 1693 Catoniano:
1271 1660 1334 1692 est
1365 1653 1459 1691 enim
1491 1665 1559 1704 per
1589 1655 1702 1691 natu-

67 1738 141 1763 ram
173 1738 274 1763 suam
305 1726 444 1763 arctius
477 1724 652 1772 coniungi
688 1723 963 1774 pronunciando
998 1735 1076 1761 cum
1109 1723 1313 1771 onznibus,
1347 1727 1383 1760 et
1410 1723 1514 1774 quasi
1536 1724 1569 1760 in
1596 1734 1702 1759 unum

68 1792 218 1832 conflari
251 1805 329 1831 cum
362 1804 406 1830 ea
437 1804 534 1830 voce
566 1795 714 1842 potest,
756 1805 860 1843 quam
891 1792 986 1842 apud
1021 1790 1202 1830 Catonem
1236 1805 1346 1845 quom
1379 1794 1416 1830 et
1446 1793 1580 1844 impia.
1623 1792 1702 1829 sci-

67 1861 158 1900 licet
189 1874 292 1899 nemo
325 1861 376 1899 ita
408 1862 579 1899 metietur
611 1860 787 1912 leg-etque
819 1873 967 1899 versum
999 1860 1186 1911 Virgilii:
1218 1861 1382 1901 Scilicet
1413 1861 1585 1900 omnibns
1623 1856 1704 1912 lest

69 1926 203 1983 labor}
239 1930 305 1968 sed
337 1930 455 1981 magis
487 1930 565 1967 ita:
598 1929 764 1967 Scilicet
785 1929 959 1967 omnibus
987 1935 1049 1968 cst
1078 1923 1212 1978 {labor
1240 1933 1300 1968 im.
1361 1931 1416 1967 At
1433 1927 1588 1968 Catonis
1617 1940 1704 1966 vcr-

69 2011 149 2036 sum
182 1999 249 2035 vix
280 1997 369 2035 licet
400 1997 507 2035 aliter
538 1997 696 2045 legere,
737 2010 841 2048 quam
874 1998 1030 2037 Militis
1063 2000 1182 2050 impia
1218 1995 1370 2051 lqvmm}
1436 1997 1580 2036 Deinde
1611 2009 1703 2035 ver-

70 2080 148 2105 sum
182 2065 426 2106 Catonianum
466 2077 536 2103 non
577 2064 694 2103 solum
734 2077 891 2103 caesura
922 2066 955 2104 in
997 2066 1068 2104 line
1110 2066 1219 2116 pedis
1249 2066 1402 2105 secundi
1435 2065 1560 2103 durum
1592 2067 1704 2116 atque

70 2135 325 2174 inconcinnum
358 2134 469 2181 facit,
504 2134 569 2172 sed
603 2135 710 2172 etiam
753 2133 872 2182 illud,
906 2134 1002 2186 quod
1035 2134 1107 2171 duo
1139 2134 1299 2173 membra
1329 2135 1487 2185 priora:
1523 2130 1701 2187 Militisl

70 2199 209 2256 impia}
255 2203 360 2240 nimis
392 2205 477 2240 sunt
509 2203 602 2240 inter
633 2215 674 2240 sc
705 2202 887 2254 aequalia.
949 2202 1125 2241 Sentiunt
1149 2204 1258 2253 periti
1290 2202 1401 2241 multo
1431 2204 1547 2240 minus
1580 2203 1702 2241 oil'cn-

71 2273 189 2311 sionis
221 2271 426 2310 liahiturum
458 2284 568 2319 esse,
603 2272 633 2308 si
667 2270 739 2308 tale
771 2271 854 2322 quid
887 2272 1141 2322 scripsisset:
1174 2272 1361 2311 Militiae
1388 2274 1463 2324 pin
1497 2286 1607 2325 quom
1628 2276 1700 2311 etc.

70 2340 112 2380 Id
143 2340 254 2379 aliter
284 2352 326 2378 sc
357 2339 471 2378 habet
501 2340 596 2390 apud
630 2339 856 2388 Virgilium,
890 2352 996 2392 quein
1028 2341 1084 2378 sic
1116 2342 1385 2390 pronunciasse
1417 2354 1567 2379 versum
1598 2354 1702 2378 suum

70 2409 267 2461 probabile
298 2412 382 2448 est:
414 2408 612 2449 Scilicet!
650 2409 825 2448 omnibus
863 2415 925 2448 est
959 2412 1032 2447 etc.
1077 2409 1242 2448 Scilicet
1283 2409 1588 2456 exhortativum,
1623 2421 1701 2446 cum

72 2478 343 2518 exclamatione
389 2478 564 2529 quadam,
609 2482 646 2516 et
677 2489 757 2516 cum
796 2490 932 2528 pausa.
975 2491 1068 2529 quae
1099 2479 1205 2529 sequi
1239 2477 1544 2516 exclamationem
1576 2477 1700 2515 solet:

72 2560 144 2599 quo
175 2548 291 2585 minus
322 2547 626 2584 animadvertitur
642 2546 847 2598 aequalitas
871 2546 1111 2584 membrorum
1129 2547 1317 2595 Scilicet,
1351 2547 1540 2585 omnibus.
1589 2544 1702 2595 Apud

72 2615 281 2655 Lucretium
314 2614 413 2653 multi
444 2617 530 2654 sunt
561 2616 687 2653 versui
720 2614 877 2655 Catonis
910 2614 1049 2652 similes
1081 2627 1125 2653 ac
1156 2628 1293 2666 pares:

356 2683 384 2721 l.
420 2686 508 2721 ΙῙΙ.
542 2683 641 2722 Inde
681 2686 890 2723 enascitur
930 2690 1052 2736 atque
1081 2696 1193 2723 oras.

414 2754 508 2789 211.
540 2752 650 2791 Esse
679 2753 866 2792 videlicet
897 2755 937 2791 in
971 2755 1106 2792 terris.

413 2822 507 2858 321.
539 2821 620 2860 Sed
651 2834 753 2874 quae
783 2834 952 2874 corpora
981 2821 1189 2861 decedant.

415 2892 508 2927 387.
542 2888 650 2927 Inter
681 2903 851 2941 corpora
883 2890 988 2945 quod
1015 2892 1151 2942 sucat.

416 2960 508 2996 150.
543 2958 634 2997 Cmn
665 2958 869 2997 videamus
901 2960 944 2998 id
973 2967 1194 2998 estremmn.

416 3030 510 3065 5⁴35.
546 3026 660 3066 Ossa
691 3027 878 3067 videlicet
907 3042 929 3067 e
956 3028 1169 3081 pausillis.
