2006 3365
299 146 397 191 354
878 138 1244 179 DISSRRTATIO
1277 141 1344 180 lv.

299 257 474 296 distinxit
504 257 637 295 librum
669 255 778 293 istum
808 254 856 293 ab
888 253 973 293 aliis
1004 253 1136 298 libris,
1169 255 1231 293 vel
1264 256 1391 306 potius
1417 256 1528 307 ipse,
1560 270 1668 310 quum
1699 254 1940 297 animadverss

299 327 429 364 siones
461 336 549 362 suas
592 323 878 372 conscriberet,
920 326 958 363 et
996 324 1219 362 varietatem
1259 324 1471 374 scripturae
1512 337 1561 364 ex
1591 328 1710 365 variis
1743 327 1850 365 libris
1881 325 1941 363 di-

298 406 412 432 verso
443 394 609 442 tempore
641 391 837 430 collectam
878 392 1143 440 concinnaret,
1191 395 1304 443 atque
1336 392 1371 430 in
1404 392 1567 432 ordinem
1612 396 1827 444 redigeret,
1870 406 1941 432 non

296 462 512 500 distinctum
542 461 590 499 ab
631 460 715 498 aliis
756 459 937 499 habuisse
976 460 1140 500 videtur,
1209 460 1307 499 Hinc
1349 464 1430 508 est,
1478 463 1574 514 quod
1614 464 1659 502 ad
1702 464 1854 511 Rosas,
1896 463 1942 501 ad

296 529 462 580 Copam,
494 529 539 567 ad
574 529 703 568 Virum
735 530 889 578 bonum,
924 529 1088 568 codicem
1121 529 1231 567 istum
1262 529 1430 580 appellat
1449 530 1708 571 Leidensem:
1744 545 1814 570 non
1847 532 1942 570 satis
1967 544 1976 555 Χ

295 601 491 648 accurate,
524 610 605 636 nam
643 598 870 638 Vossianus
905 601 977 637 est.
1039 598 1101 636 Ad
1135 598 1308 646 Eli-giam
1340 599 1375 636 in
1395 598 1631 638 Maecenatis
1655 601 1718 639 ob.
1753 586 1947 648 eumdem,

295 670 333 706 ut
364 667 591 706 observavit
622 665 798 713 Gordius,
846 679 943 705 nunc
982 667 1223 706 Vossianmn
1253 667 1440 717 appellat,
1476 680 1572 706 nunc
1605 669 1862 708 Leidensem:
1905 671 1944 707 et

294 747 387 774 sane
419 735 711 774 communicatae
752 747 890 773 mecum
921 748 942 774 a
975 735 1108 774 Geelio
1149 736 1330 774 Vossiaui
1362 736 1411 774 N.
1446 741 1509 775 96-
1545 738 1579 775 in
1612 750 1656 776 eo
1689 739 1850 776 carmine
1882 737 1942 775 le—

295 805 439 843 ctiones
470 816 566 842 nnnc
599 816 678 842 cum
715 804 913 844 Vos-siano
948 805 1172 852 Burmanni,
1207 816 1300 842 nuuc
1333 816 1412 842 cum
1437 805 1630 844 Leidensi
1662 807 1825 845 eiusdem
1851 818 1942 845 con-

294 874 451 925 spirant.
492 872 562 927 Qui
594 876 716 911 autem
748 873 798 911 sit
827 873 924 912 alter
946 872 1200 921 Vossianus,
1235 874 1320 911 sive
1352 873 1603 923 Leidensz's,
1637 887 1742 926 quem
1773 875 1818 913 ad
1852 875 1943 913 Ele-

293 943 393 991 giam
425 941 522 980 illam
568 941 738 980 adhibuit
784 942 1041 990 Burmannus,
1082 943 1231 990 ignoro.
1307 942 1365 980 Ne
1406 943 1490 994 quis
1522 946 1661 981 temere
1693 943 1773 981 fieri
1804 946 1940 994 putet,

294 1012 389 1063 quod
424 1011 668 1050 Burmannum
700 1010 794 1049 male
825 1011 975 1060 legisse
1000 1011 1141 1062 aliquot
1163 1010 1268 1049 locos
1295 1011 1476 1060 diximus,
1509 1012 1643 1050 bonam
1673 1016 1786 1064 atque
1819 1011 1943 1050 utilem

295 1080 415 1119 Geelii
456 1079 763 1117 observationem
805 1092 854 1117 ex
893 1079 1033 1118 litteris
1074 1080 1154 1117 eius
1193 1079 1237 1118 ad
1279 1093 1335 1119 me
1379 1081 1476 1119 datis
1517 1082 1691 1119 inseram.
1759 1080 1874 1130 Eleg.
1907 1081 1942 1118 in

296 1149 420 1187 Maec.
454 1149 517 1187 ob.
552 1160 665 1186 versu
700 1152 766 1187 39.
809 1149 1042 1186 Burmannus
1081 1160 1150 1198 pro
1184 1151 1348 1202 impz‘yer
1393 1163 1481 1188 esse
1514 1151 1549 1188 in
1582 1151 1776 1190 Vossiano
1808 1152 1944 1201 inqere

295 1221 432 1256 monet.
481 1216 665 1256 Geelius:
708 1219 748 1255 ni
777 1217 1021 1255 vehementer
1049 1217 1204 1268 fallor,
1252 1219 1414 1257 eundem
1452 1218 1572 1258 Voss.
1605 1223 1672 1259 96.
1707 1219 1942 1271 siqnz‘fieat:

295 1287 350 1325 ibi
380 1290 477 1325 enim
509 1288 572 1325 sie
602 1289 793 1339 seriptum
824 1292 887 1324 est
925 1286 1017 1334 inge
1057 1299 1140 1324 eam
1172 1290 1286 1337 siqno
1327 1289 1549 1339 compendii
1580 1291 1619 1327 in
1651 1288 1791 1327 littera
1822 1299 1865 1336 e,
1905 1294 1943 1327 et

293 1356 417 1394 medlo
448 1355 646 1394 vocabulo
674 1357 993 1407 superscriptum
1024 1358 1084 1403 te,
1117 1356 1221 1393 unde
1244 1369 1314 1407 eqo
1335 1356 1469 1408 efficio
1501 1357 1667 1405 integer.
1727 1356 1810 1396 Sed
1840 1357 1944 1396 illud

294 1427 634 1477 superseriptmn,
670 1424 868 1479 quidquid
898 1430 983 1473 est,
1013 1425 1103 1476 fere
1133 1428 1321 1473 evanuit,
1357 1425 1458 1464 adeo
1490 1431 1531 1465 ut
1553 1425 1775 1465 Burmanni
1805 1426 1943 1465 oculos

293 1494 444 1545 fallere
471 1497 658 1546 potuerit.

380 1563 515 1601 Diras
548 1574 669 1614 neque
700 1563 735 1600 in
767 1561 842 1599 illis
875 1562 1091 1612 codicibus,
1125 1575 1220 1614 quos
1252 1563 1349 1608 dixi,
1383 1575 1505 1615 neque
1529 1565 1563 1601 in
1590 1563 1696 1613 aliis,
1730 1563 1791 1603 ubi
1824 1563 1943 1602 latere

295 1643 413 1682 posse
444 1630 646 1669 videbatur
677 1642 822 1668 carmen
855 1630 966 1677 illud,
1000 1632 1224 1669 invenimus.
1287 1632 1436 1670 Eminet
1468 1632 1567 1670 inter
1597 1632 1694 1671 alios
1726 1632 1943 1671 Vossianus

296 1701 447 1739 membr.
480 1700 528 1738 N.
561 1702 628 1737 81.
661 1697 784 1738 Catal.
826 1713 862 1749 p.
897 1703 992 1739 389.
1036 1700 1142 1738 cuius
1175 1703 1212 1738 et
1244 1700 1349 1738 Diss.
1384 1700 1413 1739 Ι.
1455 1701 1653 1753 aliquoties
1692 1702 1941 1747 mentionem,

297 1775 335 1808 et
366 1770 519 1819 saepius
551 1769 622 1806 feci
654 1768 849 1807 Diss.111.
913 1768 1028 1806 Dirae
1060 1780 1130 1805 non
1164 1770 1302 1806 insunt.
1365 1769 1505 1807 Evolvi
1538 1771 1647 1808 etiam
1681 1770 1831 1808 codices
1850 1769 1943 1808 Vir-

276 1825 488 1888 gilianos,
519 1836 593 1875 hoc
625 1839 707 1885 est,
739 1838 912 1874 maiorum
945 1837 1101 1886 Virgilii
1135 1849 1310 1887 operum,
1353 1838 1413 1889 qui
1446 1837 1574 1888 plures
1607 1841 1693 1877 sunt
1724 1839 1758 1876 in
1794 1837 1943 1877 Biblio-

295 1908 406 1945 theca
436 1905 649 1943 Leidensi:
693 1905 728 1942 in
761 1904 861 1943 nullo
904 1905 1042 1952 Dirae,
1084 1908 1235 1955 praeter
1266 1918 1373 1953 eum,
1414 1906 1461 1944 de
1494 1919 1565 1958 quo
1598 1919 1767 1945 seorsum
1801 1907 1946 1945 dicetur

295 1976 418 2021 iutra,
451 1973 681 2011 Vossianum
714 1972 762 2011 ΙΙ.
825 1972 874 2012 Ut
906 1974 951 2012 de
983 1974 1112 2011 codice
1144 1974 1337 2013 Dirarmn
1370 1974 1591 2023 Lez‘densi,
1632 1977 1692 2027 qui
1734 1977 1865 2023 fuerit,
1897 1988 1943 2014 an

295 2044 434 2083 Leidae
467 2044 598 2090 suerit,
630 2043 729 2081 unde
762 2044 927 2081 notitiam
952 2044 1032 2081 eius
1056 2042 1231 2081 habuerit
1258 2044 1515 2092 Burmannus,
1548 2044 1639 2082 nihii
1670 2044 1825 2083 babeam
1845 2044 1943 2096 quod

296 2115 436 2161 dicam,
471 2113 541 2150 uisi
574 2111 646 2150 hoc
676 2124 811 2150 unum:
856 2112 977 2150 videri
1012 2112 1097 2149 milii
1130 2111 1227 2151 hunc
1258 2113 1481 2152 Leidensem
1515 2127 1586 2152 non
1618 2127 1746 2152 verum
1779 2113 1944 2152 codicem

296 2194 408 2229 esse,
448 2180 515 2218 sed
548 2183 686 2219 tantum
719 2180 880 2218 umbram
912 2184 1023 2232 atque
1057 2176 1233 2217 εἰδωλον
1267 2183 1424 2221 codicis.
1487 2183 1748 2233 Suspiciosum
1777 2195 1831 2219 me
1854 2182 1944 2220 illud

298 2250 412 2297 fecit,
455 2248 552 2300 quod
593 2249 813 2287 Leidensem
854 2249 1054 2287 Burmanni
1094 2251 1172 2287 sere
1213 2250 1348 2301 ubique
1388 2251 1602 2288 consentire
1641 2261 1719 2288 cum
1759 2249 1944 2288 Tliuaueo

298 2317 655 2356 animadvertebam.
727 2316 859 2368 ltaque
905 2316 965 2355 hic
1009 2318 1101 2355 idem
1139 2319 1329 2355 accidisse
1369 2318 1577 2356 Burmanno
1619 2319 1798 2367 coniicio,
1846 2317 1943 2370 quod

298 2387 418 2425 eidem
450 2386 660 2424 Burmanno
692 2386 727 2423 in
760 2385 845 2423 aliis
878 2387 1124 2433 carminibuS,
1156 2390 1193 2424 et
1226 2385 1466 2434 Schradero,
1511 2387 1801 2436 Friesemanno,
1840 2388 1943 2425 acci-

300 2456 402 2493 disse
434 2455 525 2492 dixi.
587 2454 821 2493 Enotaverat
851 2454 986 2506 aliquis
1019 2467 1068 2492 ex
1100 2453 1162 2492 illo
1205 2455 1377 2505 exemplo
1425 2455 1600 2506 Append.
1635 2455 1784 2504 Scalig.
1821 2459 1942 2495 1573.

300 2525 396 2576 quod
430 2523 573 2561 Leidae
621 2525 868 2569 asservatur,
915 2522 1149 2561 collationem
1190 2523 1333 2561 codicis
1378 2523 1575 2574 Tliuanei,
1615 2524 1663 2562 ab
1706 2524 1757 2563 Is.
1801 2524 1943 2563 Vossio

301 2596 459 2631 iactam:
501 2604 581 2630 eum
615 2591 782 2629 codicem
812 2604 921 2643 quum
953 2591 1168 2629 Tliuaneum
1202 2604 1290 2630 esse
1323 2592 1566 2641 ignorarent,
1608 2595 1814 2643 coeperunt
1845 2592 1943 2631 Lei-

302 2664 459 2702 densem
497 2659 713 2711 appellare,
751 2660 836 2710 quia
876 2659 1028 2697 collatio
1070 2659 1211 2697 Leidae
1252 2665 1402 2710 reperta
1442 2662 1576 2700 suerat.
1646 2661 1755 2699 Haec
1785 2661 1817 2698 si
1850 2672 1944 2699 vera

301 2735 407 2777 sunt,
440 2729 622 2767 delendus
652 2730 765 2779 atque
793 2728 1098 2765 exterminandus
1130 2728 1266 2780 ubique
1299 2742 1348 2767 ex
1380 2729 1511 2768 ordine
1543 2729 1708 2767 codicum
1740 2730 1841 2767 totus
1874 2740 1942 2767 co-

301 2801 377 2838 dex
408 2798 621 2837 Leidensis.
682 2796 765 2834 Nos
797 2799 942 2844 tamen,
975 2808 1081 2847 quum
1113 2808 1174 2834 res
1206 2798 1241 2834 in
1267 2798 1482 2836 coniectura
1513 2798 1564 2835 sit
1591 2798 1743 2849 posita,
1770 2808 1865 2849 quae
1892 2810 1943 2835 ex

304 2867 488 2906 Leidensi
510 2864 664 2916 protulit
705 2866 959 2914 Burmannus,
1000 2864 1181 2916 religiose
1228 2867 1431 2917 repetimus
1473 2866 1621 2915 omnia,
1663 2865 1731 2904 sed
1763 2867 1802 2905 ut
1833 2865 1942 2904 fidem

304 2949 443 2975 ornnem
476 2946 595 2986 penes
631 2934 874 2973 Burmannum
907 2945 995 2972 esse
1026 2934 1231 2973 iubeamus.
