2006 3365
240 91 342 137 412
844 89 1209 129 nlSSER'rA'rlo
1247 89 1318 129 lv.

239 207 471 254 correctum,
503 203 785 254 exprimendum
818 203 1018 241 curavisse
1051 202 1222 242 videtur:
1256 204 1423 241 fortasse
1454 203 1640 242 Venetum
1679 206 1798 243 1499.
1834 206 1899 243 aut

244 277 364 313 1500.
399 272 496 311 unde
528 274 663 309 lactum
696 273 781 319 est,
829 275 868 309 ut
907 271 943 309 in
987 270 1156 309 Ascens.
1190 271 1220 309 Ι.
1272 271 1424 320 legatur
1454 272 1543 312 lata
1591 286 1630 312 v.
1664 274 1730 311 Π.
1763 285 1899 312 vacua

239 355 280 381 v.
299 345 387 380 129.
407 341 573 379 Gaudia
594 341 629 391 f.
656 353 691 379 s.
708 340 865 390 glandia
898 353 935 378 v.
961 343 1052 378 171.
1117 342 1155 378 et
1186 340 1349 390 ineptum
1382 340 1470 378 illud
1494 341 1710 381 rubuerunt
1741 357 1779 380 v.
1807 344 1897 380 164.

239 410 277 448 in
312 408 565 447 Ascensianis
598 408 690 446 meis
723 408 865 446 restitit
891 407 1078 446 omnibns.
1141 407 1290 445 Versus
1310 411 1377 447 38.
1399 409 1433 446 in
1456 410 1566 447 tertia
1585 411 1726 448 demum
1741 411 1899 449 Ascen-

239 479 346 515 siana
385 477 585 514 restitutus
626 480 838 526 comparet,
883 475 1084 527 praeclara
1124 476 1191 513 sed
1236 476 1336 514 facili
1377 477 1651 516 emendatione.
1715 478 1900 516 Emenda-

239 546 367 594 tione,
399 544 574 595 inquam:
608 556 689 582 nam
723 543 829 582 libris
861 545 1019 594 seriptis
1054 544 1193 583 Badius
1227 557 1350 597 neque
1384 546 1418 583 in
1453 544 1558 583 Diris
1591 558 1714 598 neque
1746 547 1781 584 in
1814 546 1899 584 aliis

240 612 448 663 Opusculis
482 625 573 650 usus
605 615 680 652 est.
741 611 802 652 Cl'.
836 617 873 651 ut
907 613 1060 661 discas,
1105 613 1189 664 quid
1224 615 1302 651 l'ere
1333 613 1508 651 dill'erant
1539 614 1636 651 inter
1667 627 1711 652 se
1743 615 1895 653 Ascen-

238 681 395 729 sianae,
430 694 469 720 v.
502 685 569 721 31.
603 685 671 721 39.
706 685 772 719 63.
809 684 847 720 et
881 686 946 720 86.
981 681 1042 719 ubi
1088 681 1329 720 Ascensiana
1363 681 1391 720 l.
1436 682 1574 720 retinet
1616 683 1790 732 cumulo,
1826 683 1899 722 etsi

238 750 275 788 in
307 751 554 800 expositione.
586 753 647 789 est
668 751 829 790 tumulo.
892 749 1082 789 Infelicem
1107 751 1401 788 emendationem
1432 750 1551 789 habes
1577 764 1614 789 v.
1642 756 1708 790 SS.
1741 752 1772 789 si
1805 750 1901 790 haec

239 821 300 856 est
332 819 438 856 Badii
472 819 711 868 emendatio,
745 822 783 858 ut
816 819 965 857 videtur
996 831 1099 857 esse.
1163 819 1313 858 Rursus
1349 819 1496 858 felicem
1528 833 1568 859 V.
1597 822 1686 859 138.
1751 819 1901 859 Deinde

238 886 383 925 Badius
415 888 549 925 tertius
591 891 672 936 est,
713 890 803 938 post
835 887 1079 939 Pomponium
1112 887 1292 925 Sabinum
1326 891 1364 927 et
1397 888 1596 926 Domitium
1637 887 1899 933 Calderinum,

239 954 518 1005 Opusculorum
550 956 753 1007 interpres.
816 955 899 1007 Qua
932 957 966 993 in
1000 968 1041 994 re
1073 955 1158 1007 quid
1193 959 1391 1006 praestare
1419 956 1605 1005 voluerit,
1639 957 1746 1006 ipsae
1770 957 1901 1007 operis

237 1024 512 1073 inscriptiones
544 1023 761 1064 declarant,
795 1036 891 1075 quae
924 1024 1133 1062 Aeneidem
1175 1025 1394 1074 promittunt
1441 1038 1523 1063 cum
1566 1025 1901 1077 familiarissima

237 1091 381 1130 lodoci
410 1091 541 1130 Badii
570 1093 768 1131 Ascensii
798 1092 1069 1131 elucidatione
1100 1099 1224 1145 alque
1254 1093 1411 1132 ordinis
1444 1099 1655 1142 contextu,
1699 1096 1736 1132 et
1768 1105 1900 1131 rursus

244 1159 483 1211 Veryiliana
514 1160 715 1213 opuscula
754 1161 1022 1213 familiariter
1062 1163 1266 1213 exposita.
1309 1161 1345 1222 in
1386 1174 1459 1213 quo
1505 1162 1738 1200 observabis
1769 1161 1900 1200 mode-

236 1228 376 1267 stiam:
408 1229 676 1280 familiariter
706 1241 750 1268 se
784 1229 939 1278 Virgilii
982 1241 1099 1279 opera
1142 1232 1180 1268 et
1219 1229 1402 1280 opuscula
1434 1229 1648 1268 elucidasse
1682 1229 1743 1269 vel
1776 1242 1899 1281 expo-

238 1297 367 1335 suisse
399 1297 522 1335 bonus
556 1298 695 1336 Badius
727 1297 900 1345 dicebat,
942 1298 1059 1337 docte
1091 1297 1290 1345 Servium,
1323 1297 1534 1348 Donatum,
1566 1299 1750 1347 Probum,
1785 1299 1901 1337 Man-

238 1364 437 1414 cinellum,
489 1365 739 1416 Beroaldum,
788 1366 988 1405 Domitium
1038 1364 1292 1406 Calderinum.
1369 1366 1508 1405 Verum
1547 1370 1608 1406 est
1648 1366 1744 1406 haec
1792 1369 1902 1406 nimia

237 1433 451 1478 modestia,
496 1447 604 1486 quum
648 1434 921 1485 interpretandi
961 1435 1081 1485 ratio,
1126 1448 1231 1488 qnam
1274 1436 1416 1474 Badius
1455 1436 1647 1488 sequitur,
1680 1448 1803 1488 neque
1835 1448 1902 1487 per

237 1514 282 1540 sc
314 1503 442 1553 inepta
474 1505 547 1552 sit,
588 1506 625 1542 et
657 1503 769 1542 l'acile
801 1507 972 1554 praestet
1004 1505 1275 1542 connnentandi
1307 1504 1415 1542 modo
1448 1505 1504 1553 ei,
1549 1505 1583 1542 in
1617 1518 1689 1557 quo
1723 1504 1900 1543 elabora-

237 1583 332 1609 vere
365 1570 552 1609 Domitios
585 1576 624 1610 et
655 1572 902 1622 Pomponius.
964 1573 1128 1611 Fabulas
1162 1573 1417 1626 historiasque
1451 1576 1488 1612 et
1520 1586 1582 1612 res
1613 1573 1901 1624 geographicas

238 1638 457 1689 explicare,
498 1640 651 1689 singula
688 1642 834 1689 verba,
876 1640 1094 1693 plerumque
1126 1643 1222 1680 satis
1254 1643 1464 1692 expedita,
1508 1642 1734 1693 paraphrasi
1767 1641 1900 1681 decla-

236 1719 341 1756 rare,
376 1720 448 1759 quo
481 1709 516 1746 in
549 1721 694 1757 genere
727 1709 980 1759 Pomponius,
1022 1714 1060 1749 et
1099 1712 1223 1759 magis
1257 1711 1368 1749 etiam
1401 1711 1594 1761 pueriliter
1626 1710 1816 1749 Domitius
1849 1711 1902 1749 ita

237 1777 413 1826 occupati
446 1782 551 1822 sunt,
586 1782 625 1816 ut
656 1777 764 1816 locos
797 1778 1031 1816 difficiliores
1064 1791 1148 1816 raro
1180 1779 1392 1827 attingant,
1425 1778 1459 1816 id
1494 1779 1780 1817 excusationem
1813 1778 1900 1830 qui-

238 1843 320 1882 dem
354 1844 467 1884 habet
498 1846 545 1883 ab
587 1846 825 1896 imperfecta,
868 1850 906 1885 ut
946 1850 1019 1884 tum
1053 1851 1154 1898 erat,
1203 1853 1308 1896 arte,
1349 1849 1571 1898 praesertim
1604 1848 1639 1886 in
1672 1848 1900 1898 Pomponio,

237 1924 344 1964 quem
378 1914 450 1951 ista
482 1914 717 1952 disseruisse
749 1927 874 1953 coram
907 1915 1129 1966 discipulis,
1172 1929 1243 1955 non
1286 1917 1589 1967 conscripsisse,
1630 1918 1790 1955 scimus:
1832 1916 1901 1954 sed

237 1981 412 2020 utilitatis
445 1995 517 2021 non
550 1982 699 2021 multum
733 1982 885 2021 haurias
918 1997 967 2022 ex
1001 1985 1182 2023 eiusmodi
1212 1986 1490 2024 comnwntario.
1552 1985 1608 2024 At
1628 1986 1769 2024 Badius
1793 1985 1901 2035 peri-

237 2049 392 2101 phrasin
425 2055 644 2102 perpetuam
676 2052 801 2098 dedit,
835 2053 869 2090 in
903 2066 975 2105 qua
1008 2054 1129 2091 verba
1161 2058 1355 2104 poetarum
1378 2055 1456 2091 fere
1480 2053 1602 2091 omnia
1635 2054 1794 2101 retinet,
1829 2052 1899 2091 sed

238 2119 285 2156 de
317 2132 386 2157 suo
418 2119 571 2170 supplet
602 2124 716 2172 atque
749 2121 902 2166 inserit,
936 2134 1033 2173 quae
1065 2122 1279 2172 supplenda
1311 2134 1400 2160 esse
1432 2121 1478 2159 ad
1510 2121 1773 2160 declarandum
1806 2133 1900 2159 ver-

238 2188 368 2225 borum
399 2189 741 2240 sententiarumque
773 2202 907 2227 nexum
950 2190 1201 2238 videbantur,
1246 2194 1284 2230 et
1315 2191 1358 2228 ad
1393 2191 1513 2229 verba
1546 2190 1757 2228 difficiliora
1788 2192 1902 2242 atque

238 2255 461 2293 obscuriora
493 2255 565 2294 alia
596 2258 779 2307 apponit,
813 2257 1084 2308 explicationis
1117 2271 1278 2302 caussa,
1314 2259 1498 2309 simplicia
1528 2270 1572 2297 ac
1598 2260 1722 2307 magis
1744 2259 1899 2297 usitata.

238 2323 341 2363 Utile
388 2325 599 2375 inceptum,
653 2329 824 2376 quantum
867 2339 943 2375 ego
989 2327 1123 2376 video,
1171 2327 1340 2377 inprimis
1388 2327 1423 2364 in
1465 2327 1606 2366 talibus
1645 2327 1897 2375 carminibus,

238 2394 364 2445 qualia
396 2392 543 2443 Culex,
577 2392 698 2441 Ciris,
739 2398 775 2434 et
809 2401 940 2433 nostra
980 2393 1166 2434 Catonis:
1213 2408 1307 2447 quae
1351 2397 1513 2434 carmina
1551 2408 1659 2447 quum
1698 2395 1900 2434 dictionem

238 2473 312 2500 non
354 2475 437 2500 raro
479 2462 763 2501 insolentiorem
811 2465 926 2514 atque
965 2463 1222 2501 obscuriorem
1277 2463 1462 2510 habeant,
1511 2464 1660 2503 multmn
1703 2464 1774 2502 hoc
1815 2467 1898 2513 est,

238 2531 492 2581 perspexisse
524 2531 794 2569 sententiarum
827 2543 986 2580 nexum,
1021 2531 1118 2570 unde
1151 2532 1336 2581 colligere
1369 2545 1510 2585 queas,
1555 2533 1643 2584 quid
1677 2533 1752 2571 sibi
1785 2535 1900 2583 poeta

238 2611 387 2650 quoque
419 2599 502 2637 loco
536 2599 723 2648 voluerit,
757 2603 796 2638 et.
827 2600 912 2651 quid
945 2600 1165 2649 significare
1187 2600 1307 2639 verba
1333 2601 1488 2650 singula
1512 2601 1689 2640 debeant.
1751 2600 1898 2653 Quodsi

239 2668 421 2706 Heinsius
454 2672 492 2707 et
524 2669 780 2716 Burmannus,
815 2669 875 2720 qui
908 2669 1143 2720 antiquiores
1175 2670 1431 2720 interpretes,
1466 2670 1729 2720 Pomponium,
1764 2669 1897 2708 Domi-

239 2736 352 2785 tium,
386 2736 563 2786 Badium,
596 2749 754 2786 prorsus
786 2736 1064 2785 neglexerunt,
1097 2749 1141 2775 ea
1172 2750 1279 2788 quam
1305 2739 1509 2786 ingressus
1537 2741 1617 2777 erat
1638 2738 1802 2785 Badius,
1835 2738 1898 2775 via

239 2817 433 2856 pergere,
466 2808 579 2857 atque
611 2803 644 2842 id
678 2817 819 2855 agere,
862 2810 900 2844 ut
932 2805 1094 2844 latentes
1126 2811 1261 2856 poetae
1293 2819 1431 2844 sensus
1465 2810 1665 2855 eruerent,
1713 2818 1818 2857 quam
1850 2805 1897 2843 de

241 2873 470 2911 emendando
504 2875 678 2922 cogitare
717 2873 961 2922 maluissent,
1005 2886 1078 2912 non
1111 2874 1337 2913 haberenms
1381 2875 1564 2913 Catonem
1604 2878 1675 2913 tam
1704 2872 1896 2912 inutilibus

243 2944 282 2980 et
312 2944 383 2980 tam
415 2943 548 2993 pravis
579 2943 808 2983 coniecturis
838 2942 1024 2982 obrutum.
1087 2942 1227 2981 Badius
1258 2944 1343 2994 ipse
1375 2944 1493 2995 impar
1523 2942 1660 2983 Catoni
1693 2942 1789 2989 fuit,
1821 2953 1895 2980 nou
