2006 3365
500 142 553 181 IN
587 141 805 181 VALERII
838 140 1075 183 CATONIS
1107 140 1376 183 ECLOGAM.
1662 148 1757 191 181

201 257 319 309 Syce.
351 256 562 308 Staphyle.
620 257 701 295 Has
725 257 872 308 puellas
897 259 1039 307 fuisse,
1073 270 1095 297 a
1121 257 1271 298 Baccho
1298 269 1508 297 conversas
1536 259 1571 296 in
1601 257 1757 309 συκῆν,

115 328 153 365 ct
185 322 430 374 σταφύλην,
477 325 626 364 tradunt
657 325 804 365 Natalis
836 325 974 366 Comes
1007 326 1056 365 V.
1092 342 1180 365 xm.
1214 341 1250 378 p.
1283 331 1378 367 321.
1419 327 1610 378 Gyraldus
1655 327 1755 366 Ilist.

119 395 236 433 Deor.
269 394 384 444 Synt.
418 394 524 433 VIlI.
559 398 638 433 270
672 395 710 433 F.
773 394 904 445 Syeen
938 394 1137 446 nympham
1177 409 1226 434 ex
1258 396 1467 435 Pherenico
1501 399 1759 435 connnemorat

119 462 343 501 Athenaeus
371 465 442 501 Ill.
472 476 508 513 p.
538 467 602 502 78.
633 465 675 502 B.
707 466 744 502 et
774 463 820 502 dc
854 464 947 512 ficu,
981 462 1119 502 Bacchi
1152 465 1325 507 invento,
1361 478 1409 503 ex
1441 465 1538 503 aliis.
1599 465 1759 503 Nonnus

116 532 342 583 Staphylcn
375 531 486 570 habet
520 533 617 570 inter
645 531 840 580 Bacchas,
875 532 941 570 sed
968 532 1109 581 obiter,
1141 531 1290 571 XXIX.
1324 535 1419 571 257.
1460 537 1555 572 269.
1591 530 1759 582 σταφιῖ-

118 601 212 649 hyp,
249 601 387 649 vitem,
421 601 553 639 dictam
586 602 620 639 in
653 600 831 639 honorem
865 599 1044 651 Staphyli
1078 602 1184 648 regis
1217 602 1347 649 lingit,
1379 602 1487 640 XIX.
1521 606 1587 642 53.
1626 607 1716 642 103.

207 665 389 713 Κισσός,
419 670 590 718 iuvenis,
620 664 831 718 χορευτής
858 665 1101 706 Διονύσουε
1127 669 1298 720 Geopon.
1327 669 1396 708 XI.
1423 685 1542 709 xx1x.
1604 672 1763 710 Nonnus

117 739 182 778 lib.
216 739 265 778 X.
299 741 398 777 extr.
430 739 518 778 XII.
553 742 619 778 97.
653 742 691 777 S.
731 741 820 776 190.

192 801 429 854 Limnaia&
465 806 615 846 Baccho
646 812 789 844 amatus
822 819 934 857 puer:
967 806 1125 845 Nonnus
1157 805 1222 845 lib.
1249 807 1299 845 X.
1328 806 1396 845 XI.
1422 807 1511 846 XII.
1545 809 1604 860 qui
1637 809 1682 846 ab
1715 822 1761 848 eo

117 878 370 916 inventionem
404 877 543 927 repetit
569 876 657 914 vlni.
720 875 809 926 Ipse
835 874 943 913 aliam
969 875 1217 914 narrationem
1246 881 1525 919 commemorat,
1560 890 1666 929 quam
1692 890 1763 916 au-

118 947 308 998 tiquiorem
341 945 455 993 dicit,
487 944 577 983 XII.
612 943 706 983 292.
740 957 824 996 sqq.
886 943 968 982 Nec
1001 947 1121 982 tamen
1163 944 1251 982 illud
1295 945 1484 983 inventum
1524 950 1583 985 est
1623 945 1761 985 Nonni.

117 1014 282 1054 Ovidius
310 1015 411 1053 Fast.
444 1013 513 1052 III.
550 1016 644 1052 409.
677 1026 762 1066 sqq.
824 1013 1018 1065 Ampelon
1051 1015 1270 1062 intonsum,
1303 1015 1471 1066 Satyris·
1500 1015 1766 1069 Nymphaque

117 1090 291 1123 creatum
315 1084 459 1123 Fertur
482 1085 521 1122 in
546 1083 737 1122 Ismariis
764 1082 955 1121 Bacchus
985 1096 1148 1122 amasse
1173 1085 1294 1135 iuyis.
1362 1083 1551 1123 Tradidit
1581 1086 1674 1123 huic
1700 1087 1764 1124 υἰ-

116 1160 190 1193 tem
228 1153 460 1206 pendentem
496 1152 711 1205 frondibus
745 1152 838 1190 ulmi
857 1165 866 1190 ε
939 1152 1052 1209 Quae
1088 1165 1191 1190 nnuc
1222 1152 1271 1191 (le
1306 1155 1424 1205 pueri
1454 1156 1602 1192 nomine
1632 1167 1766 1192 nomen

115 1222 247 1262 habel.
280 1243 332 1248 —-
365 1223 558 1261 amissum
599 1220 720 1260 Liber
761 1222 802 1258 in
841 1226 960 1259 astra
1005 1221 1126 1259 vellit.
1205 1221 1312 1274 Quod
1353 1222 1507 1260 inedium
1549 1222 1763 1271 distichon,

119 1293 282 1330 sortasse
324 1295 427 1329 recte
468 1294 685 1341 suspectum
728 1290 795 1328 l‘uit
836 1288 1017 1337 Heinsio,
1059 1290 1127 1328 sed
1168 1293 1288 1328 tannen
1328 1291 1550 1329 senteutiam
1590 1292 1764 1342 exprimi]

118 1360 263 1399 Ovidii.
325 1352 542 1407 ’Ἀμπελος
583 1358 772 1410 nympha,
814 1371 834 1396 a
875 1371 947 1410 qua
987 1359 1076 1397 vitis
1116 1359 1234 1403 dicta,
1276 1359 1372 1410 apud
1417 1358 1653 1398 Athenaeum
1696 1360 1764 1399 III.

117 1442 155 1480 p.
191 1432 254 1468 78.
293 1429 336 1467 B.

204 1497 402 1550 Philyra,
437 1497 601 1536 Saturno
633 1499 775 1545 amata,
809 1496 843 1534 in
876 1495 1011 1535 tiliam:
1073 1496 1222 1546 Hygin.
1256 1497 1331 1535 sab.
1366 1512 1571 1535 cxxxvffl.
1636 1498 1763 1536 Inter-

119 1580 208 1618 pres
242 1572 320 1605 vet.
348 1567 527 1605 Arateor.
555 1566 789 1614 Germanici,
823 1565 858 1603 in
887 1563 1093 1604 Centauro.
1155 1564 1425 1616 Pliilargyrius
1459 1567 1492 1604 in
1520 1565 1666 1616 Georg.
1692 1565 1762 1604 III.

119 1640 186 1675 93.
251 1635 421 1694 Quidam
456 1635 665 1687 Philyram
696 1636 736 1673 in
767 1634 901 1686 liorem
932 1647 1167 1673 conversam
1197 1649 1293 1674 esse
1323 1636 1482 1683 alicam,
1522 1637 1586 1674 vel
1617 1637 1657 1674 in
1688 1649 1761 1674 ar·-

121 1705 269 1753 borem,
301 1705 404 1744 mule
434 1704 535 1743 liber
565 1703 828 1757 Philyrinas,
873 1716 948 1758 qno
980 1716 1152 1742 coronae
1182 1703 1410 1755 illiyanlnr.
1443 1717 1538 1756 qnae
1577 1705 1684 1743 etiam
1717 1704 1763 1743 ad

120 1775 305 1813 Serviana
336 1775 381 1812 ad
415 1787 494 1813 enm
527 1773 646 1812 locum
677 1776 826 1813 attexta
856 1776 965 1823 sunt,
996 1773 1065 1811 sed
1097 1772 1233 1812 desunt
1264 1774 1298 1812 in
1331 1773 1585 1823 Augustam,
1617 1773 1714 1812 aliis.

206 1910 255 1951 Ut
295 1911 433 1964 aliquid
477 1912 586 1950 etiam
627 1911 674 1951 de
721 1911 768 1949 iis
809 1911 950 1959 dicam,
994 1911 1054 1963 qui
1093 1910 1235 1950 mundo
1273 1913 1469 1964 inspersa
1505 1911 1645 1950 vident
1682 1924 1762 1951 sua

118 1982 294 2033 yamlia,
333 1981 427 2019 satis
459 1984 571 2019 notae
602 1981 773 2019 omnibns
806 1980 1006 2028 Callisto,
1048 1980 1260 2020 Pleiades.
1322 1980 1381 2018 De
1413 1979 1602 2018 Pleiadum
1642 1981 1762 2018 nonii-

119 2051 252 2099 nunus,
284 2050 433 2101 diisque
465 2062 586 2087 earum
618 2049 870 2097 amatoribus,
903 2062 982 2088 eum
1014 2048 1213 2088 Hellanieo
1245 2049 1394 2098 Fragm.
1429 2062 1544 2087 xx1v.
1586 2050 1763 2089 convenit

123 2117 367 2158 Eratostheni
401 2116 548 2157 Catast.
588 2133 709 2156 xxm.
781 2118 920 2158 Ovidio
962 2119 1064 2157 Fast.
1106 2118 1175 2157 lV.
1220 2119 1312 2156 171.
1353 2130 1438 2170 sqq.
1469 2118 1630 2168 Hygino
1663 2118 1762 2157 Poet

120 2190 277 2227 Astron.
309 2188 357 2226 II.
393 2202 481 2226 xxx.
542 2187 745 2238 Interpreti
777 2188 900 2226 veteri
932 2186 1157 2226 Arateorum
1191 2186 1422 2234 Germanici,
1456 2199 1535 2225 eum
1566 2187 1758 2236 Electra,

124 2258 269 2305 lWaz‘a,
307 2258 517 2309 Tayyeta,
559 2269 635 2295 rem
666 2255 850 2295 habuisse
882 2255 1035 2306 Iovem3
1078 2269 1157 2295 cum
1187 2257 1370 2309 Alcyone
1401 2259 1439 2295 et
1470 2256 1645 2296 Celaeno
1676 2257 1760 2296 Ne-

122 2330 292 2377 ptunum3
325 2339 403 2365 eum
434 2327 623 2379 Sterope,
656 2325 741 2363 sive
773 2327 995 2377 Asterope,
1031 2325 1204 2364 Martem.
1266 2323 1468 2365 Consentit
1501 2324 1759 2377 Apollodorus

121 2396 194 2435 Ill.
237 2410 277 2433 x.
321 2398 355 2432 l.
395 2398 657 2447 praeterquam
704 2394 740 2432 in
780 2394 967 2445 Sterope,
1009 2407 1115 2447 quam
1157 2394 1219 2434 dat
1259 2394 1472 2443 Oenomao,
1514 2407 1587 2433 non
1628 2394 1758 2434 Marti.

122 2465 313 2513 Nonnum,
356 2464 416 2515 qui
448 2463 518 2502 111.
553 2467 648 2502 331.
688 2476 795 2516 seqq.
828 2463 975 2501 nomina
1016 2468 1193 2502 recenset
1224 2463 1438 2513 Pleiadum,
1478 2466 1516 2503 ut
1548 2463 1757 2512 Electram,

123 2533 283 2577 Maiam,
324 2533 528 2583 Taygeten
559 2532 623 2571 dat
654 2532 761 2582 Iovi,
805 2533 857 2572 ita
888 2532 997 2571 etiam
1031 2532 1077 2571 de
1108 2532 1265 2585 reliquis
1297 2533 1542 2572 consensisse
1573 2545 1652 2572 cum
1684 2532 1758 2571 iuis

122 2601 339 2641 auctoribus
371 2601 569 2652 probabile
601 2605 672 2641 est.

209 2671 269 2710 De
302 2671 345 2710 Io
383 2669 590 2719 singularis
622 2669 875 2710 nonnullorum
912 2671 1008 2721 apud
1042 2670 1330 2709 Eratosthenem
1371 2670 1518 2711 Catast.
1561 2687 1644 2709 mv.
1685 2671 1755 2709 do-

124 2742 242 2780 ctrina
271 2744 349 2790 est,
382 2752 486 2791 quem
522 2738 636 2790 vulgo
658 2739 820 2778 Taurum
852 2741 979 2779 dicunt
1011 2741 1046 2778 in
1079 2739 1206 2789 coelo,
1239 2740 1373 2779 bovem
1406 2753 1518 2790 esse,
1550 2740 1624 2790 τῆς
1652 2738 1758 2784 Ἰοῦς

122 2808 314 2859 μίμημα,
347 2810 394 2848 ab
422 2808 516 2847 Iove
547 2809 708 2858 positum
738 2810 773 2846 in
804 2807 982 2847 honorem
1014 2809 1093 2848 lus.

207 2878 293 2918 Non
329 2877 531 2917 omittenda
565 2879 624 2915 est
659 2889 803 2916 corona
826 2878 1057 2927 Ariadnes,
1094 2878 1141 2917 de
1173 2891 1244 2931 qua
1267 2879 1391 2918 Nonni
1417 2882 1505 2918 sunt
1534 2878 1605 2918 loci
1632 2879 1691 2918 hi:
1723 2878 1754 2918 Ι.

124 2951 222 2986 201.
246 2947 355 2987 VIII.
383 2951 448 2986 98.
482 2950 519 2985 9.
545 2945 674 2985 XXV.
705 2947 797 2984 145.
823 2950 859 2985 6.
891 2947 952 2999 qui
979 2950 1066 2988 sunt
1090 2946 1164 2987 loci
1189 2948 1356 2998 gemini,
1381 2947 1568 2987 XXXIII.
1595 2952 1689 2989 373.
1716 2951 1754 2988 4.

124 3016 283 3057 XLVII.
317 3019 411 3056 451.
445 3017 539 3056 466.
571 3027 630 3067 sq.
662 3013 840 3054 XLVIII.
875 3019 969 3055 971.
1001 3030 1060 3069 sq.
1128 3017 1176 3056 Et
1208 3021 1311 3057 reete
1342 3017 1435 3056 idem
1465 3016 1625 3058 XLVII.
1659 3020 1754 3060 701.
