2006 3365
471 152 523 192 ΙΝ
555 151 778 193 VALERII
811 151 1046 193 CATONIS
1075 151 1257 193 DIRAS.
1617 152 1683 196 91

49 268 142 316 hus,
174 268 325 317 natare,
357 277 565 318 emergere.
626 266 818 318 Apposite
842 267 987 306 Plinius
1017 266 1067 306 Π.
1089 267 1138 306 N.
1164 265 1232 306 IX.
1265 281 1322 304 111.
1354 264 1401 304 de
1424 263 1545 303 beluis
1573 262 1686 301 maris

48 334 190 374 Indici:
232 335 315 375 Sed
356 338 395 374 in
433 339 533 374 mari
565 335 720 375 belluae
750 338 862 375 cirea
900 337 1082 376 solstitia
1119 338 1285 375 maxime
1313 337 1512 374 visuntur.
1576 331 1687 370 Tune

49 403 136 443 illie
165 409 282 442 ruunt
311 402 510 451 turbines,
542 411 635 443 tunc
664 404 830 453 imbres,
861 411 955 444 tune
985 405 1165 444 deiectae
1190 407 1369 443 montium
1394 404 1499 454 iuqis
1523 399 1686 454 procel-

48 471 115 511 lae
145 472 196 511 ab
226 473 299 510 imo
329 478 487 511 vertunt
512 476 665 521 maria,
694 473 970 525 pulsatasque
999 485 1049 511 ex
1076 473 1278 524 profundo
1311 471 1468 511 belluas
1500 483 1584 509 eum
1606 469 1686 520 flu·-

47 540 178 580 ctibus
209 540 396 589 volvunt,
429 541 503 579 etc.
564 540 686 590 Igitur
718 539 837 587 Cato,
870 542 909 578 ut
939 539 1012 577 alia
1043 540 1266 590 imprecatur
1296 539 1498 588 mirabilia,
1529 540 1685 590 porten-

47 611 153 655 tosa,
186 609 236 648 ita
268 607 340 647 hoc
370 620 517 660 quoque
549 609 583 647 in
616 609 703 646 mari
735 607 822 656 illo,
854 607 950 658 quod
984 606 1065 646 vult
1090 620 1138 646 ex
1162 619 1231 646 suo
1257 619 1353 657 agro
1380 607 1480 654 fieri,
1513 607 1688 645 accidere

47 676 162 716 iubet.
205 676 262 715 At
287 676 467 715 Horatius
497 676 581 715 loco
613 677 708 723 isto,
742 675 820 731 Qui
850 677 976 714 siccis
1007 675 1137 714 oeulis
1167 682 1345 714 monstra
1375 678 1581 724 natantia,
1609 674 1688 732 Qui

45 745 149 785 vidit
177 758 286 784 mare
315 744 534 794 turbidum,
574 745 658 783 sive
688 744 906 795 tumidum,
945 755 1018 782 non
1051 756 1177 792 unam,
1208 747 1322 794 puto,
1353 743 1572 794 imaginem,
1603 745 1686 781 tur-

46 812 125 852 bati
155 814 289 863 maris,
321 814 621 865 enatantiumque
652 812 780 851 eodem
811 815 981 863 tempore
1013 815 1278 860 monstrorum,
1310 811 1377 850 sed
1405 811 1560 849 diversa
1590 813 1687 849 tem-

45 893 139 933 pore
169 881 331 934 locoque
370 880 544 920 terricula
586 892 800 931 proponere
836 880 971 919 voluit.
1088 881 1291 931 Apponam
1323 879 1518 930 Pomponii
1553 878 1686 918 Sabini

47 948 356 1000 explicationem:
389 949 527 988 Multa
556 956 740 1002 portenta
771 949 845 988 sub
877 951 994 1001 siyno
1025 953 1164 989 caneri
1194 951 1233 987 in
1263 961 1394 988 mense
1425 948 1534 988 Maii
1563 959 1688 986 emer-

44 1025 142 1070 quat
171 1032 193 1058 e
221 1021 321 1057 mari
349 1018 487 1067 rubro,
519 1024 561 1058 ut
592 1020 651 1057 ait
683 1018 861 1058 Plinius.
907 1025 1000 1058 tune
1037 1025 1257 1070 tempestas
1289 1020 1436 1067 oritur,
1473 1022 1515 1057 ut
1546 1017 1688 1069 oppri-

44 1094 201 1126 mantur
231 1087 382 1126 beluae.
445 1087 536 1126 Has
575 1086 782 1139 delphines
817 1088 1046 1139 fuqz‘entes,
1087 1089 1210 1138 siyna
1250 1094 1344 1127 sunt
1373 1089 1510 1126 nautis
1540 1092 1687 1137 tempe-

45 1158 186 1195 statis.
245 1155 352 1211 Quae
381 1167 502 1206 prave
543 1156 721 1195 distincta
752 1155 929 1206 leguntur
966 1158 1001 1195 in
1034 1157 1123 1197 edit.
1159 1156 1340 1208 Oporini‚
1382 1158 1421 1195 et
1460 1155 1496 1193 in
1529 1152 1688 1203 Virgilii

45 1223 244 1263 editionib.
276 1223 395 1263 Basil.
428 1225 476 1262 Π.
510 1225 553 1263 P.
588 1227 708 1263 1561.
768 1225 853 1264 Non
893 1224 1073 1264 dissimile
1113 1229 1196 1272 est,
1239 1224 1336 1278 quod
1374 1222 1548 1263 laudatus
1578 1235 1600 1261 a
1630 1233 1688 1260 me

45 1292 191 1332 Plinius
223 1292 269 1330 de
298 1292 424 1331 beluis
455 1294 566 1331 maris
592 1293 710 1332 indici
744 1297 887 1338 narrat,
922 1294 1093 1345 idemque
1118 1293 1165 1332 ‹le
1188 1293 1405 1345 praesagiis
1429 1290 1688 1342 delphinorum

44 1360 223 1399 nonnulla
260 1360 324 1399 lib.
363 1361 513 1401 XVlll.
552 1366 652 1401 extr.
722 1363 783 1401 uhi
821 1364 896 1402 ista
932 1374 977 1401 eo
1008 1362 1116 1401 modo
1155 1363 1364 1411 coniungat
1402 1360 1569 1408 Plinius,
1614 1370 1688 1412 quo

47 1428 280 1480 Pomponius
313 1431 528 1479 coniungit,
560 1430 677 1469 locum
710 1431 860 1470 invenio
892 1430 1041 1469 nullum.

131 1498 237 1548 Niyr
267 1510 377 1536 erasa
409 1498 532 1538 ultima
564 1498 688 1538 littera
708 1498 861 1538 Monac.
883 1499 912 1538 1.
944 1499 1028 1538 Fuit
1058 1503 1179 1538 autem
1210 1499 1346 1550 Niqra
1378 1500 1416 1536 ut
1447 1501 1507 1536 est
1537 1497 1572 1535 in
1597 1495 1688 1535 Μο-

44 1577 129 1604 nac.
161 1565 211 1604 ll.
259 1566 388 1618 Myro
419 1569 572 1606 caeteri.
622 1568 769 1606 Deinde
799 1567 905 1607 Mon.
937 1567 987 1606 ll.
1020 1568 1140 1606 verba
1170 1575 1314 1607 natare
1346 1567 1538 1606 Monstra
1569 1577 1688 1617 usque

44 1633 90 1673 ad
121 1638 313 1674 terrentia
343 1636 490 1674 omittit.
552 1636 826 1685 Augustanus:
868 1637 1273 1688 Niyrotumulcamari
1307 1636 1439 1676 dicent
1467 1641 1687 1687 portantu-

45 1710 189 1743 natare
217 1706 256 1742 et
287 1704 417 1743 (licent
447 1704 585 1744 Petav.
614 1704 756 1744 Medic.
783 1705 900 1744 Voss.
925 1704 957 1743 1.
989 1705 1113 1744 Paris.
1133 1705 1184 1744 Il.
1207 1704 1277 1744 ΙΙΙ.
1295 1705 1366 1745 lv.
1386 1703 1508 1753 Angl.
1550 1703 1600 1742 V.
1619 1706 1686 1741 56.

45 1774 242 1812 terrene-ia
272 1772 443 1822 August.
533 1776 703 1814 terentia
736 1773 884 1814 Veneta
909 1773 1009 1814 Ruh.
1041 1778 1079 1814 et
1104 1774 1256 1814 Vieent.
1289 1773 1388 1827 quod
1419 1773 1457 1812 in
1487 1785 1534 1812 eo
1566 1771 1687 1811 verbo

45 1844 264 1892 perpetuum
294 1840 421 1880 harum
452 1842 603 1881 duarum
634 1844 778 1883 vitium.

132 1977 182 2017 V.
223 1980 289 2018 57.
349 1989 482 2032 QUOM
518 1990 689 2024 SUssl'ro
726 1989 980 2023 EMERSERE
1016 1989 1219 2023 FURENT!
1257 1988 1473 2023 CORPORA
1512 1987 1686 2021 PONTO.

49 2047 172 2103 Quom
202 2047 322 2098 Angl.
368 2063 534 2102 corpore
563 2049 710 2088 Thuan.
744 2050 975 2088 testantibus
1006 2051 1216 2088 Burmanno
1248 2052 1286 2089 et
1311 2049 1361 2088 ls.
1387 2048 1549 2091 Vossio‚
1575 2048 1688 2087 item-

48 2128 120 2168 que
151 2116 338 2168 Lasseno‚
375 2118 436 2170 qui
468 2122 589 2157 tamen
620 2130 735 2169 supra
765 2119 945 2169 scriptum
986 2131 1075 2157 esse
1106 2132 1132 2158 a
1162 2120 1338 2157 testatur.
1398 2117 1439 2156 ld
1471 2119 1636 2156 fortasse
1665 2127 1688 2154 a

47 2197 152 2223 manu
184 2187 322 2225 recenti
362 2190 450 2238 post
482 2186 615 2225 Vossii
647 2187 870 2239 Heinsiique
910 2191 1078 2238 tempora
1109 2187 1339 2237 adscriptum
1376 2186 1461 2226 fuit.
1521 2198 1689 2239 corpore

47 2254 156 2292 etiam
188 2253 312 2293 Paris.
343 2255 393 2294 ΙΙ.
451 2256 631 2308 furentia
664 2255 770 2295 Vrat.
802 2255 852 2294 ΙΙ.
883 2257 1029 2308 pontko
1061 2255 1167 2295 Mon.
1198 2255 1248 2294 ΙΙ.

134 2322 253 2361 Silius
292 2323 376 2363 ltal.
406 2324 477 2364 XI.
511 2327 605 2364 482.
644 2325 680 2363 in
712 2337 753 2364 re
782 2324 875 2375 alia,
921 2325 990 2364 sed
1022 2328 1142 2364 tamen
1183 2324 1230 2364 de
1270 2324 1404 2364 eodem
1440 2326 1688 2363 monstrorum

46 2402 213 2441 genere:

678 2462 803 2502 subito
835 2463 1022 2502 emicuere
1050 2476 1125 2516 per
1156 2463 1287 2502 undas

389 2529 455 2569 Ad
483 2544 649 2571 murmur
679 2538 763 2572 cete
792 2538 873 2571 toto
902 2532 1155 2572 exsultantia
1186 2536 1315 2584 ponto.

47 2596 91 2636 In
123 2597 263 2638 Catulli
293 2596 400 2647 loco,

389 2667 597 2707 Emersere
623 2670 707 2720 feri
737 2669 926 2708 candenti
955 2684 976 2709 e
1005 2673 1161 2721 quryae‘te
1190 2670 1349 2719 voltus,

49 2735 135 2788 quid
166 2735 399 2774 Burmannus
430 2736 617 2776 invenerit
646 2739 697 2776 ita
729 2739 856 2777 versui
883 2737 1040 2778 Catonis
1071 2738 1216 2787 simile,
1248 2743 1287 2778 ut
1312 2737 1525 2778 Catulliana
1549 2748 1683 2786 respe-

48 2804 157 2843 xisse
188 2802 369 2844 Catonem
401 2804 598 2853 conficiat,
628 2817 701 2844 non
731 2807 922 2857 perspicio
954 2807 1137 2859 equidem.
1189 2807 1249 2846 An
1281 2806 1413 2845 beluas
1443 2806 1494 2844 ihi
1524 2806 1684 2843 marinas

49 2872 215 2912 describi
238 2885 260 2912 a
281 2872 431 2913 Catullo
458 2871 734 2914 arbitrabatur?
766 2875 868 2915 Sane
891 2877 944 2916 ita
964 2877 1086 2915 visum
1106 2878 1167 2915 est
1188 2876 1273 2916 olim
1294 2876 1459 2915 Antonio
1478 2873 1683 2912 Parthenio

50 2943 88 2981 et
117 2940 341 2981 Alexandro
367 2940 545 2981 Guarino.
591 2941 647 2981 At
665 2942 795 2982 melior
816 2944 937 2983 eidem
961 2943 1147 2992 Guarino,
1179 2947 1291 2997 atque
1315 2944 1424 2982 unice
1449 2954 1540 2981 vera
1562 2943 1682 2982 inter-

50 3011 213 3062 pretatio
235 3011 272 3050 in
288 3013 446 3052 mentem
467 3011 583 3062 venit,
604 3021 693 3051 esse
713 3023 863 3051 versum
883 3012 982 3053 hunc
999 3025 1078 3053 cum
1099 3025 1217 3053 versu
1237 3014 1420 3066 sequente
1438 3012 1680 3053 nectendum:
