2006 3365
524 135 579 173 IN
611 133 831 174 VALERll
863 134 1102 176 CATONIS
1134 134 1314 174 DIRAS.
1682 139 1749 181 23

101 250 198 287 dium
218 249 414 288 carminis:
440 250 633 288 exordium
655 250 740 288 sive
763 250 1011 300 prooemium,
1037 262 1110 302 quo
1133 249 1350 289 exhortatio
1373 250 1418 288 ad
1440 250 1629 288 Battarum
1652 262 1748 288 eon-

101 318 262 365 tinetur‚
305 317 388 356 sine
430 317 553 356 fistula
593 319 664 356 dici
695 331 717 356 a
749 318 897 358 Catone
937 317 1020 356 solo
1052 331 1119 369 par
1151 320 1244 357 erat.
1304 318 1380 357 lam
1420 330 1512 356 vero
1551 318 1585 355 in
1617 317 1747 366 Diris,

100 386 185 424 inde
216 398 238 423 a
270 397 382 423 versu
415 389 452 424 S.
488 399 607 437 usque
639 387 683 424 ad
717 386 845 431 linem,
887 389 1038 436 praeter
1072 400 1108 424 v.
1142 389 1208 427 62.
1248 386 1336 425 nibil
1375 387 1553 437 scriptum
1585 390 1644 424 est
1675 399 1748 437 quo

100 454 325 504 respiciatur
355 454 400 492 ad
434 455 763 505 Indiynah‘onem.
811 453 960 492 Novum
992 465 1159 501 carmen,
1192 458 1229 493 et
1252 468 1321 506 per
1345 468 1388 494 se
1412 458 1607 503 constans,
1630 455 1749 493 Dirae

100 526 199 561 sunt.
260 521 398 560 Inserit
428 523 569 572 passim
612 535 749 560 versus
781 521 1049 569 intercalares,
1090 523 1225 573 quibus
1265 535 1362 562 nunc
1393 536 1435 561 se
1468 524 1612 573 ipsum,
1652 535 1748 561 nunc

99 590 311 639 Battarum,
345 602 440 628 nunc
471 604 513 629 se
546 593 583 629 et
617 591 806 629 Battarum
839 589 1006 638 excitat,
1047 593 1350 639 eommonel'acIt,
1383 593 1595 640 confirmat,
1630 593 1748 630 variis

98 659 315 698 sententiis.
369 659 424 697 De
456 660 611 698 Battaro
644 663 762 697 restat
794 660 832 696 ut
862 661 1086 709 quaeratur,
1119 662 1236 696 utrum
1269 660 1367 698 inter
1398 660 1574 708 singulas
1607 661 1746 711 impre-

99 728 274 766 cationes
307 728 526 775 intercinat‚
559 727 591 765 id
625 727 744 778 quod,
783 727 815 764 si
848 726 904 764 cui
936 726 987 764 ita
1018 726 1188 777 placeat,
1230 728 1276 765 iis
1308 727 1404 766 locis
1437 728 1513 766 fieri
1547 729 1746 778 putandum

99 797 190 841 erit,
225 797 287 835 ubi
320 810 458 835 versus
489 798 653 834 insertus
687 800 747 834 est
778 794 1038 844 intercalaris,
1072 798 1110 834 ut
1135 797 1170 833 in
1198 794 1261 834 illo
1284 795 1442 844 Virgilii
1470 797 1631 834 carmine
1656 809 1746 835 ver-

98 878 164 903 sus
197 865 337 917 Incipe
369 865 604 904 Maenalios
634 878 779 904 mecum
809 878 894 903 mea
925 864 1026 903 tibia
1057 877 1227 913 versus,
1261 864 1436 903 indicium
1468 868 1529 903 est
1560 864 1746 903 interval-

98 932 240 982 lorum,
279 946 374 985 quae
406 934 523 971 tibiae
555 935 665 971 cantu
698 932 918 982 explentur3
958 945 1028 981 an,
1067 933 1163 984 quod
1204 935 1398 983 praefero,
1440 936 1554 973 totum
1588 931 1746 972 Catonis

98 1014 244 1041 carmen
275 1002 322 1040 ab
355 1002 461 1040 initio
495 1014 613 1053 usque
645 1002 690 1039 ad
722 1002 829 1040 linem
862 1004 1111 1053 persequatur
1141 1005 1179 1040 et
1209 1002 1396 1052 exprimat
1421 1002 1558 1040 fistula.
1601 1002 1746 1053 Nempe

97 1071 170 1109 alia
201 1071 396 1109 carminum
428 1071 520 1109 ratio
553 1072 613 1108 est
645 1083 796 1119 eorum,
835 1071 870 1108 in
901 1070 1037 1122 quibus
1070 1082 1163 1108 unus
1196 1072 1234 1107 et
1267 1082 1402 1108 versus
1433 1070 1523 1109 dicit
1554 1073 1592 1109 et
1624 1070 1747 1109 listula

96 1139 242 1178 tibiave
274 1139 395 1187 canit,
427 1151 523 1190 qnae
555 1151 616 1177 res
649 1143 836 1190 nequeunt
866 1138 974 1176 simul
1006 1139 1164 1188 peragig
1196 1137 1269 1176 alia
1301 1139 1406 1187 eius,
1439 1139 1474 1177 in
1498 1152 1570 1191 quo
1597 1152 1747 1177 munera

95 1207 159 1246 illa
190 1207 336 1246 dnobus
369 1207 494 1246 divisa
524 1209 625 1246 sunt.
673 1206 802 1259 Atque
833 1208 890 1245 sic
920 1206 1130 1245 facillimam
1163 1207 1455 1257 explicationem
1487 1208 1624 1247 babent
1656 1221 1746 1246 ver-

95 1289 161 1313 sus
194 1278 260 1314 54.
295 1277 360 1313 Π.
422 1276 471 1313 Et
503 1278 575 1313 tum
608 1275 753 1326 quidem
786 1276 867 1314 veri
900 1275 1020 1314 simile
1051 1279 1130 1324 est,
1163 1276 1352 1315 remittere
1385 1276 1542 1314 listulam
1577 1277 1744 1324 Baliari,

96 1345 178 1383 dum
210 1343 306 1384 Cato
341 1357 479 1382 versus
511 1345 600 1383 dieit
633 1344 892 1382 intercalares.
938 1342 1138 1383 Caeterum
1170 1345 1238 1382 iam
1268 1345 1394 1383 monui
1427 1357 1609 1397 nunquam
1634 1346 1745 1384 Diras

95 1426 140 1452 eo
171 1413 279 1451 modo
311 1416 417 1452 actas
450 1425 558 1456 esse,
593 1413 661 1451 sed
695 1413 840 1464 lingere
869 1412 1049 1453 Catonem
1080 1411 1176 1451 haec
1206 1414 1341 1451 omnia.

183 1482 277 1520 Post
307 1481 401 1520 haec
431 1485 612 1532 apparet,
645 1494 750 1533 quam
782 1485 885 1520 recte
909 1481 954 1519 aa
983 1481 1266 1531 inscriptionem
1293 1482 1466 1519 carminis
1487 1483 1616 1521 Dirae
1642 1482 1743 1521 multi

95 1550 181 1589 libri
212 1551 301 1588 editi
332 1551 545 1601 appositum
577 1549 741 1589 habeant
773 1551 829 1589 ml
860 1549 1098 1599 Baliarum,
1141 1549 1204 1588 vel
1247 1553 1285 1588 ut
1315 1549 1376 1587 alii
1416 1551 1605 1598 nonnulli,
1647 1553 1744 1603 quod

95 1620 202 1658 etiam
229 1619 358 1669 peius,
392 1622 430 1658 in
453 1618 683 1658 Baliarum.
725 1617 774 1658 Ut
798 1631 892 1658 nunc
913 1622 1056 1658 taceam
1078 1620 1366 1659 additamentum
1388 1619 1566 1659 alterum:
1589 1622 1743 1670 Dirae,

94 1688 137 1727 id
167 1695 230 1727 est
261 1701 418 1727 carmen
447 1691 759 1737 exet-raterium,
792 1688 848 1727 acl
880 1687 1113 1728 Balcarane-

180 1756 288 1795 Haec
329 1769 409 1795 mea
447 1757 492 1795 de
524 1755 727 1806 Battara,
772 1770 867 1808 quae
907 1757 1059 1808 primum
1098 1758 1133 1795 in
1173 1757 1314 1796 Museo
1356 1756 1538 1797 Rbenano
1571 1758 1660 1798 Vol.
1694 1758 1742 1797 ΙΙ.

95 1825 203 1864 Fasc.
236 1825 265 1863 l.
299 1826 401 1864 edita
432 1827 558 1871 fuere,
593 1827 701 1864 etiam
735 1826 778 1866 C.
813 1825 1019 1874 Putscbio,
1054 1829 1092 1864 ut
1122 1829 1235 1877 puto,
1269 1825 1459 1877 placuere.
1509 1827 1555 1866 Et
1578 1829 1746 1866 fortasse

94 1895 177 1944 ipse
208 1895 385 1945 deposuit
416 1907 518 1933 suam
550 1895 783 1946 opinionem,
821 1893 1032 1933 Bracarum
1064 1908 1152 1934 esse
1183 1894 1438 1944 Bassorum,
1471 1895 1743 1946 Basaro-eccm,

94 1962 294 2002 Bacchum.

180 2031 239 2070 De
272 2033 415 2081 Diris,
448 2044 520 2070 non
549 2044 636 2071 esse
663 2044 768 2070 unam
794 2034 832 2071 et
859 2033 1067 2071 continuam
1091 2032 1416 2082 imprecationem,
1448 2032 1516 2071 sed
1545 2046 1634 2071 esse
1660 2045 1742 2071 car-

97 2113 197 2145 men,
230 2101 314 2139 inde
344 2101 391 2139 ab
425 2101 604 2149 exordio,
637 2100 734 2152 quod
767 2101 968 2148 versibus,
1001 2103 1040 2139 ut
1070 2101 1174 2147 dixi,
1218 2103 1364 2151 septem
1396 2102 1586 2152 prioribus
1618 2103 1743 2140 conti-

97 2173 226 2217 netur,
266 2170 300 2208 in
334 2172 463 2220 partes
495 2169 693 2222 quasdam,
736 2173 773 2207 et
805 2170 1107 2220 imprecationum
1148 2169 1255 2221 quasi
1295 2169 1456 2208 circulos
1488 2170 1574 2208 sive
1605 2171 1744 2218 orbes,

96 2239 279 2286 divisum,
311 2243 415 2277 recte
447 2239 481 2276 in
515 2239 727 2276 universum
760 2237 964 2277 Putscbius
996 2251 1032 2289 p.
1057 2242 1123 2277 30.
1145 2251 1251 2290 seqq,
1296 2239 1379 2277 Etsi
1412 2251 1483 2277 non
1510 2240 1630 2278 omnia
1657 2243 1744 2278 sunt

97 2308 402 2357 imprecationes:
447 2320 527 2345 nam
561 2320 597 2345 v.
632 2308 699 2344 26.
732 2320 838 2359 seqq.
872 2306 962 2346 nibil
994 2308 1217 2357 imprecatur
1248 2320 1366 2356 agro,
1399 2307 1466 2346 sed
1498 2307 1602 2346 dolet
1633 2307 1742 2357 illud,

97 2375 195 2427 quod
228 2375 374 2414 militem
406 2377 705 2426 perpetraturum
747 2388 834 2414 esse
866 2376 903 2413 in
935 2388 1030 2425 agro
1064 2377 1283 2426 praevidet:
1328 2389 1400 2428 qua
1431 2377 1666 2426 cogitatione
1698 2389 1742 2414 eo

97 2444 303 2493 abripitur,
347 2446 385 2482 ut
415 2444 483 2482 iarn
516 2456 588 2482 non
620 2443 738 2482 solum
770 2444 1006 2483 sterilitatem
1046 2447 1084 2483 et
1123 2444 1389 2494 calamitatem,
1431 2449 1470 2485 ut
1500 2449 1634 2491 antea,
1675 2445 1742 2483 sed

98 2513 305 2555 interitum,
349 2524 416 2562 per
454 2511 611 2562 fulmen,
652 2525 720 2563 per
759 2516 1040 2563 tempestatem,
1081 2526 1149 2563 per
1187 2526 1327 2565 aquas,
1367 2514 1591 2564 imprecetur
1633 2526 1742 2562 agro.

100 2582 278 2633 Sequitur
309 2580 394 2618 inde
425 2593 447 2617 a
479 2594 591 2620 versu
623 2584 690 2620 82.
724 2582 935 2632 peroratio,
977 2583 1111 2620 sedato
1153 2582 1309 2631 affectu,
1348 2596 1421 2635 qua
1459 2588 1496 2622 et
1529 2596 1624 2631 agro
1659 2582 1743 2620 vale

99 2651 210 2700 dicit,
251 2653 288 2688 et
319 2648 476 2700 Lydiae.
595 2651 730 2689 Partes
762 2650 847 2689 illac
879 2653 919 2690 ut
957 2651 1131 2700 dignosci
1172 2656 1331 2703 (pn-ant,
1371 2656 1533 2691 curatum
1567 2656 1625 2689 est
1655 2655 1744 2700 apte

99 2719 254 2757 insertis
288 2718 465 2756 versibus
497 2717 809 2768 intercalaribus,
843 2732 938 2772 (pios
971 2719 1029 2757 hie
1061 2721 1275 2758 exscribam
1307 2734 1446 2759 omnes.
1493 2718 1744 2759 lnterralares

99 2788 184 2826 dico
215 2787 393 2826 communi
425 2785 699 2836 appellatione,
740 2801 812 2827 non
853 2788 951 2840 quod
989 2801 1117 2827 ornnes
1155 2801 1197 2827 re
1240 2802 1332 2828 vera
1369 2791 1444 2828 sint
1485 2787 1743 2827 intercalares.

100 2856 249 2895 Versus
280 2856 374 2893 enim
408 2854 645 2893 intercalaris
686 2856 778 2895 baec
819 2857 974 2908 propria
1012 2859 1114 2896 notio
1152 2862 1237 2908 est,
1277 2861 1316 2896 ut
1356 2859 1448 2896 idem
1484 2869 1641 2905 versus,
1683 2856 1742 2894 vel

100 2923 240 2964 leviter
271 2927 410 2964 tantum
442 2925 625 2972 mutatus,
657 2928 863 2974 repetatur.
910 2926 967 2965 At
997 2938 1187 2965 commune
1216 2928 1394 2965 versibus
1426 2925 1496 2973 bis,
1530 2937 1624 2976 quos
1651 2938 1742 2975 pro-

101 2993 293 3045 positurus
323 3005 421 3038 sum,
456 2991 626 3031 omnihus
655 2990 729 3032 hoc
759 2997 840 3044 est,
873 2994 971 3047 quod
997 2998 1085 3034 sunt
1113 2994 1223 3034 medii
1248 2995 1347 3034 inter
1371 2994 1545 3032 diversas
1570 2994 1743 3032 carminis
