2006 3365
253 145 351 190 124
814 142 1341 183 ANJMADVERSlONES

253 270 358 310 quam
390 257 425 296 in
457 271 532 295 rein
564 256 747 295 collectos
779 268 800 294 a
832 270 886 295 me
918 255 1076 296 Catonis
1109 256 1214 295 loros
1246 256 1365 295 habes
1397 257 1440 295 ad
1475 272 1511 296 v.
1546 262 1611 297 82.
1693 259 1893 303 Nostrum,

251 327 360 379 felix
389 339 521 365 nomen
553 325 701 376 aqelli,
743 325 870 364 laudat
910 326 1018 364 etiam
1051 325 1231 374 Scaliger
1272 326 1317 363 ad
1356 326 1497 365 Tibull.
1533 327 1598 366 lll.
1634 343 1685 369 xv.
1721 332 1786 366 (31.
1828 327 1895 366 sed

253 397 324 440 ita,
367 398 404 432 ut
436 394 613 431 incertum
646 394 717 442 sit,
762 398 877 432 utrum
921 393 991 433 hoc
1028 407 1072 432 an
1115 394 1177 432 illo
1219 395 1326 432 nimio
1366 397 1582 445 acceperit:
1630 397 1762 434 miscet
1802 397 1896 433 enim

255 462 429 512 exempla
461 462 653 512 utriusque
683 463 853 511 generis.

339 537 480 569 cascos
512 531 637 568 tontes
669 531 808 569 Badius
841 532 1108 581 interpretatur
1140 544 1254 582 puros
1286 534 1323 569 et
1356 530 1526 582 limpidos
1557 544 1601 570 ac
1632 543 1777 570 sacros
1821 532 1897 571 Sa·-

254 599 307 637 cri
340 599 443 636 notio
473 597 597 637 aliena
627 603 707 648 est3
740 599 880 650 reliqua
912 599 1023 638 hene.
1087 600 1259 638 Eunndem
1292 600 1326 637 in
1365 612 1514 638 sensum
1549 599 1821 639 Wakefieldius
1853 601 1897 638 ad

254 668 404 707 Lucret.
438 666 462 705 Ι.
495 667 519 705 Ι.
552 681 589 718 p.
625 670 691 706 52.
725 671 791 707 53.
856 669 1115 707 Lueretimnnn
1148 671 1306 718 e'uyemti
1334 670 1495 720 fontes,
1529 682 1576 707 ex
1610 666 1716 718 Copa
1750 681 1899 706 versum

257 740 322 775 15.
367 737 421 776 Et
454 750 557 791 quae
586 740 766 787 viryineo
797 737 927 775 libata
952 736 1141 774 Achelois·
1174 737 1224 775 ab
1257 750 1388 783 mnne,
1422 749 1493 788 quo
1521 741 1638 775 tannen
1665 736 1749 775 loco
1775 737 1899 787 paullo

253 809 343 857 post
374 808 552 857 virye’neo
585 806 634 845 ab
667 819 794 857 unque
826 805 1024 854 legendum
1058 818 1146 842 esse
1178 806 1250 852 ait,
1295 804 1530 855 Aeschylum
1565 805 1672 843 Pers.
1707 808 1801 843 613.
1835 806 1899 840 λι-

254 871 383 922 βάσιν
414 873 622 924 ὑδρηλαῖς
654 871 874 922 παρθένου
909 872 1042 923 πηγῆς
1072 872 1202 919 μέτα,
1247 874 1306 912 ubi
1337 875 1420 924 ipse
1451 870 1553 922 μίγα
1588 873 1708 923 legit,
1742 877 1779 912 et
1804 873 1902 912 hunc

255 943 414 983 Catonis
448 956 596 982 versum
628 944 724 981 inter
755 956 797 980 se
830 947 1034 992 comparat.
1097 940 1156 981 Cf.
1189 944 1220 979 si
1255 942 1401 993 placet,
1435 942 1623 993 Aeschyli
1658 944 1899 993 interpretes-

253 1012 338 1051 Non
368 1011 491 1050 aliena
520 1012 567 1050 ab
599 1011 669 1049 hac
701 1012 922 1063 quaestione
948 1013 1093 1065 Aquae
1120 1012 1296 1063 Virqinis
1330 1011 1533 1062 appellatio
1566 1015 1649 1060 est,
1682 1023 1777 1064 quae
1802 1010 1900 1049 haud

254 1080 367 1119 dubie
397 1093 418 1119 a
449 1092 518 1118 sua
550 1081 709 1124 virtute,
743 1092 814 1118 non
847 1080 893 1117 ab
926 1080 1089 1118 obscura
1121 1081 1274 1132 quadam
1309 1080 1558 1129 virguncula,
1592 1092 1723 1118 nomen
1754 1078 1902 1118 habuit.

255 1148 317 1188 Ad
351 1161 425 1187 rem
458 1161 529 1187 non
563 1148 710 1186 multum
742 1148 866 1186 differt
898 1148 1088 1197 Virgilius
1120 1148 1249 1188 Culiee
1283 1162 1320 1186 v.
1353 1150 1417 1186 Π.

482 1218 645 1269 Semper
677 1229 811 1269 opaea
842 1219 957 1255 novis
989 1220 1195 1255 mammilla
1225 1218 1406 1268 fontibus
1440 1224 1574 1255 antra.

256 1285 337 1333 ubi,
370 1286 456 1324 sive
488 1286 699 1334 coniungas
721 1286 1064 1337 Semper-novis,
1099 1286 1184 1331 sive
1214 1285 1258 1322 ad
1296 1297 1424 1324 vocem
1457 1287 1573 1325 noeis
1607 1289 1759 1336 repetas
1789 1286 1903 1335 cogi-

255 1355 399 1393 tatione
431 1368 609 1407 semper,
650 1355 786 1406 fontes
828 1354 1111 1404 intelliguntur,
1156 1358 1193 1392 ut
1223 1353 1489 1391 Taubmannus
1530 1354 1580 1393 ait
1613 1366 1691 1392 cum
1724 1353 1904 1402 nmmo,

255 1423 316 1475 qui
351 1435 499 1474 semper
531 1425 780 1468 innovantur,
814 1424 1042 1462 succedente
1074 1435 1168 1474 aqua
1201 1423 1378 1473 ingenua.

342 1537 392 1576 V.
425 1541 493 1576 91.
554 1546 760 1579 TARDHJS
790 1547 849 1579 ΑΗ
885 1546 1097 1579 MISERAE
1132 1546 1426 1579 DESCENDPPE
1453 1546 1616 1579 MONTE
1643 1545 1905 1580 CAPELLAE.

259 1606 388 1655 Fingit
420 1619 463 1644 se
493 1606 598 1644 abire
632 1618 710 1644 cnm
742 1618 868 1654 grege
900 1618 983 1643 suo.
1046 1605 1092 1644 Ut
1125 1606 1186 1644 ille
1219 1606 1374 1654 Virgilii
1406 1604 1620 1644 Meliboeus
1653 1605 1733 1644 Ecl.
1766 1605 1795 1644 Ι.
1859 1606 1907 1645 Ut

255 1677 377 1713 autern
410 1675 494 1725 ipse
526 1675 670 1713 invitus
703 1675 886 1713 discedit.
929 1678 966 1712 et
1005 1678 1165 1712 moratur
1205 1676 1238 1712 in
1273 1676 1477 1724 conspeetu
1518 1687 1691 1723 agrorum
1735 1687 1906 1720 suorum,

256 1744 309 1781 ila
339 1745 471 1782 morari
510 1756 627 1794 pecus
669 1743 797 1782 iubet:
845 1744 990 1781 tardius
1029 1744 1273 1791 descendite,
1314 1743 1456 1793 carpite
1494 1744 1633 1792 pabula
1674 1747 1780 1787 nota,
1823 1743 1906 1781 dum

255 1813 365 1862 licet3
406 1826 492 1851 mox
525 1825 596 1850 non
628 1812 770 1850 licebit.
833 1812 964 1851 Omnia
996 1812 1295 1862 simplicissima,
1342 1812 1408 1850 sed
1455 1812 1743 1857 venustissima,
1787 1815 1906 1850 etex

256 1883 393 1920 intimis
437 1882 604 1932 pectoris
644 1882 824 1919 sensibus
865 1881 1010 1919 hausta.
1077 1882 1131 1919 ha
1174 1881 1293 1929 Angl.
1337 1881 1526 1920 Romanae
1567 1892 1645 1917 cuni
1689 1880 1770 1917 eod.
1815 1880 1904 1918 Bas.

256 1950 404 1988 Veneta
443 1949 543 1989 Ach.
577 1950 727 1988 vicent.
767 1963 846 1988 eun·
889 1949 1006 1987 Voss.
1041 1948 1088 1986 ll.
1133 1950 1232 1988 Ven-
1277 1952 1396 1987 1492.
1437 1948 1547 1988 aliae.
1603 1963 1628 1987 a
1671 1949 1791 1988 Paris.
1827 1948 1901 1987 Ill.

256 2020 360 2058 Mon.
394 2019 424 2057 l.
475 2034 500 2058 a
530 2022 672 2058 misere
703 2019 866 2056 Parisin.
901 2017 968 2056 lV.
1000 2017 1149 2056 Thuan.
1183 2022 1382 2058 rentiserae
1416 2017 1585 2066 August.
1628 2020 1799 2057 amisere
1832 2017 1906 2056 Pa-

258 2089 326 2126 ris.
361 2088 410 2126 ll.
444 2087 550 2126 Mon.
585 2088 631 2126 ll.
692 2091 836 2127 misere
874 2088 982 2125 etiam
1023 2088 1057 2124 in
1098 2087 1274 2125 Medieeo
1314 2089 1394 2126 fuit.
1451 2088 1607 2138 capelle
1648 2086 1752 2125 Mon.
1786 2086 1835 2125 11.
1868 2090 1905 2124 et

264 2157 411 2195 Veneta
443 2156 540 2195 Ach.
585 2169 679 2208 quae
722 2169 897 2207 nusquam
940 2169 989 2195 ae
1028 2154 1152 2195 habet.
1194 2157 1458 2196 descendente
1499 2156 1603 2194 Rom.
1640 2154 1666 2193 1.
1712 2158 1903 2205 corrupte.

260 2233 426 2264 nostrae
457 2227 553 2263 coni.
588 2225 756 2264 Scriver.
790 2238 850 2275 ap.
885 2225 1010 2263 Burni.

343 2327 393 2366 V.
426 2331 492 2367 92.
553 2337 737 2371 M0LL1A
774 2336 871 2370 NON
908 2336 1089 2370 {TERUM
1122 2336 1350 2370 CARPmus
1383 2336 1569 2370 PABULA
1604 2336 1749 2369 NOTA.
1803 2325 1905 2365 Nihil

259 2397 408 2435 variant
439 2396 545 2446 libri,
578 2401 727 2447 praeter
761 2396 943 2435 Venetam
975 2394 1115 2434 Achat.
1149 2396 1182 2433 in
1215 2408 1286 2447 qua
1319 2398 1494 2446 corrupte
1530 2398 1623 2435 itum
1654 2408 1720 2445 pro
1753 2397 1905 2433 itermn.

259 2465 442 2503 Heinsius
481 2465 766 2516 adscripscrat:
808 2465 906 2503 sorte
944 2466 1058 2516 rupis
1099 2470 1230 2502 notae.
1302 2462 1431 2515 Itaque
1470 2464 1625 2503 volebat
1663 2463 1797 2515 Rupis
1830 2475 1905 2501 non

261 2537 401 2573 iterum
430 2548 464 2573 e.
495 2547 536 2586 p.
569 2540 698 2573 notae.
746 2533 927 2572 Similiter
959 2531 1233 2571 Wakefieldius
1264 2531 1348 2570 loco
1380 2531 1506 2583 paullo
1537 2536 1624 2571 ante
1655 2532 1824 2573 laudato.
1858 2531 1903 2569 ad

259 2602 410 2641 Lucret.
444 2602 473 2640 l.
506 2605 602 2641 231.
634 2615 672 2652 p.
707 2605 772 2641 53.
821 2602 949 2641 Collis
982 2615 1058 2639 non
1091 2603 1116 2639 i.
1149 2614 1183 2639 e.
1212 2615 1253 2654 p.
1285 2603 1379 2640 noli.
1429 2601 1587 2640 Scilicet
1619 2605 1808 2651 utrumque
1844 2601 1902 2638 vi-

260 2685 337 2710 rum
370 2672 515 2711 doctum
547 2671 639 2709 male
673 2671 836 2709 habebat
865 2670 1091 2720 geminatum
1123 2669 1317 2720 epitheton
1351 2671 1504 2710 Mollia
1537 2693 1587 2697 —
1620 2677 1727 2708 nota.
1778 2668 1902 2707 Multo

261 2739 448 2779 infelicius
481 2739 783 2778 Wernsdorfius:
820 2742 882 2777 An
911 2740 1019 2790 forte
1050 2741 1170 2777 motae
1202 2739 1360 2778 seilicet
1391 2734 1600 2779 stabulis?
1653 2738 1787 2777 Notus
1819 2739 1902 2788 epi-

261 2809 391 2848 theton
423 2808 524 2847 nulla
556 2808 770 2846 conditione
800 2806 996 2845 delendum
1029 2810 1130 2856 erat,
1163 2811 1201 2845 ut
1232 2808 1266 2845 in
1299 2820 1370 2859 quo
1405 2809 1465 2847 vis
1498 2808 1584 2846 loc-i.
1628 2805 1780 2845 Moltia
1807 2806 1903 2844 enim

262 2878 371 2916 etiam
409 2876 499 2916 alibi
540 2878 762 2915 inventurae
804 2875 972 2926 capellae
1011 2878 1116 2914 erant
1155 2875 1315 2926 pabula,
1362 2877 1430 2915 sed
1471 2888 1542 2914 non
1582 2879 1788 2923 consueta,
1829 2887 1903 2914 non

261 2943 355 2984 haec
393 2945 542 2996 pabula.
604 2944 810 2993 Vulgatum
849 2946 954 2982 recte
995 2945 1171 2995 agnoscit
1208 2944 1465 2983 Broukhusius
1506 2943 1549 2982 ad
1582 2942 1725 2981 Tibull.
1759 2943 1829 2982 111.
1864 2956 1903 2993 v,

263 3017 330 3053 22.
391 3012 452 3054 Cf.
485 3015 579 3053 infra
609 3013 831 3065 disputanda
862 3012 968 3051 Diss.
1002 3012 1072 3051 ΙΙΙ.
1105 3013 1151 3051 de
1185 3013 1362 3064 epithetis
1392 3012 1609 3062 geminatis.
