2006 3365
1033 527 1125 595 11.

392 715 635 773 VITA
680 715 1111 775 CATONIS
1154 717 1281 774 ΕΤ
1324 716 1768 775 SCRIPTA.

973 938 1183 945 ——4

672 1091 940 1127 SUETONIUS
966 1093 1180 1127 ILLUSTR.
1207 1093 1393 1127 GRAMM.
1420 1095 1482 1128 xl.

267 1172 478 1235 Valerius
511 1196 636 1244 Cato,
670 1198 709 1235 ut
739 1195 905 1235 nonnulii
936 1198 1191 1246 tradiderunt,
1225 1199 1384 1237 Burseni
1417 1198 1605 1237 cuiusdam
1637 1198 1818 1250 libertus,
1850 1212 1900 1238 ex

266 1264 408 1304 Gallia:
442 1265 523 1314 ipse
555 1263 707 1308 libello,
743 1265 799 1304 cui
832 1267 892 1304 est
922 1266 1051 1304 titulus
1080 1266 1336 1317 Indiynatio,
1370 1268 1569 1318 ingenuum
1601 1280 1644 1306 sc
1676 1271 1795 1306 natum
1826 1268 1900 1317 ait,

267 1336 305 1373 et
335 1332 511 1384 pupilium
542 1332 734 1380 relictum,
766 1346 885 1386 coque
916 1334 1064 1373 facilius
1096 1334 1247 1374 licentia.
1269 1335 1413 1375 Sullani
1445 1337 1625 1385 temporis
1656 1339 1805 1375 exutum
1829 1349 1901 1388 pa-

266 1403 450 1441 trimonio.
511 1402 651 1441 Docuit
681 1402 816 1441 multos
849 1405 887 1442 et
917 1403 1088 1453 nohilcs3
1118 1404 1302 1456 visusque
1333 1407 1392 1443 cst
1418 1405 1644 1455 peridoneus
1663 1408 1901 1456 praeceptor,

265 1472 423 1510 maxime
453 1471 500 1510 ad
532 1473 717 1523 poeticam
750 1471 1013 1522 tendentibus3
1046 1476 1085 1512 ut
1116 1473 1260 1526 quidem
1291 1485 1477 1524 apparere
1509 1472 1571 1512 vel
1603 1472 1664 1513 his
1698 1474 1900 1514 versiculis

264 1543 420 1592 potest:

632 1609 735 1648 Cato
767 1609 1084 1656 Grammaticus,
1116 1610 1272 1649 Latina
1301 1610 1443 1659 Siren,

632 1677 711 1736 Qui
741 1679 854 1718 solus
886 1679 984 1730 leyit
1015 1693 1065 1718 ac
1093 1680 1200 1731 facit
1228 1685 1388 1733 poetas.

263 1744 429 1797 Scripsit
458 1748 609 1797 praeter
638 1748 906 1796 grammaticos
937 1747 1087 1786 libellos
1119 1749 1227 1787 etiam
1259 1750 1452 1799 poemata,
1491 1760 1541 1787 cx
1580 1747 1716 1800 quibus
1745 1747 1897 1800 praeci-

263 1827 335 1866 pue
366 1815 573 1866 probantur
604 1814 742 1867 Lydia
773 1819 810 1855 et
840 1817 998 1855 Diana.
1060 1816 1220 1869 Lydiae
1248 1816 1383 1856 Ticida
1412 1817 1600 1856 meminit:

631 1883 772 1937 Lydia
803 1885 1004 1924 doctorum
1033 1888 1204 1924 maxima
1234 1898 1333 1924 cara
1363 1884 1474 1924 liber.

262 1952 430 1991 Dianae
459 1949 609 1992 Cinna:

633 2021 811 2062 Saecula
838 2027 1070 2075 permaneat
1100 2025 1231 2062 nostri
1259 2022 1404 2062 Diana
1432 2022 1617 2062 Catonis.

264 2088 377 2127 Vixit
406 2088 452 2127 ad
485 2091 688 2128 extremam
726 2093 939 2141 senectam,
980 2091 1047 2129 scd
1080 2092 1115 2129 in
1147 2104 1287 2130 summa
1317 2093 1499 2142 pauperie
1530 2095 1567 2129 et
1597 2103 1721 2142 paene
1751 2091 1899 2142 inopia,

263 2156 414 2195 abditus
432 2157 576 2196 modico
601 2160 826 2208 gurgustio,
857 2161 1055 2211 postquam
1073 2159 1291 2199 Tusculana
1316 2159 1406 2199 villa
1432 2160 1681 2200 creditoribus
1709 2162 1900 2212 cesserat,

265 2227 305 2264 ut
334 2228 464 2264 auctor
494 2230 553 2266 est
591 2226 822 2265 Bibaculus:

631 2295 681 2335 Si
713 2298 804 2349 qais
833 2297 943 2348 forte
970 2299 1044 2337 mei
1074 2297 1221 2336 domum
1253 2297 1446 2347 Catonis,

632 2365 834 2417 Depictas
865 2368 982 2404 minio
1015 2365 1209 2414 assutas,
1242 2371 1280 2405 et
1310 2366 1404 2406 illos

635 2433 832 2473 custodis
863 2434 975 2473 videt
1003 2435 1184 2474 hortulos
1218 2435 1388 2487 Priapi,

636 2502 834 2550 Miretur,
883 2502 1026 2556 quibas
1059 2503 1127 2542 ille
1158 2504 1387 2556 disciplinis

639 2570 808 2609 Tantam
838 2573 895 2610 sit
931 2573 1173 2624 sapientiam
1204 2578 1446 2621 assecutas,

637 2638 758 2697 Quem
787 2645 871 2679 tres
903 2640 1120 2689 cauliculi,
1163 2647 1200 2679 et
1231 2641 1382 2680 selibra
1411 2642 1570 2693 farris,

635 2706 802 2746 Racemi
832 2708 930 2756 cluo,
972 2709 1110 2760 teyala
1140 2709 1213 2749 sab
1245 2723 1325 2749 ana

635 2775 704 2814 Ad
733 2789 920 2816 summam
952 2791 1080 2832 prope
1108 2780 1289 2818 nutriant
1318 2786 1530 2819 senectam.

268 2843 320 2882 Et
349 2844 443 2882 idem
474 2855 631 2884 rursus:

637 2913 806 2954 Catonis
842 2914 975 2966 modo,
1013 2915 1158 2966 Galle,
1208 2916 1477 2956 Tusculanam

644 2981 745 3022 Tota
775 2982 948 3024 creditor
976 2983 1072 3024 arbe
1099 2984 1352 3026 venditabat.
