2006 3365
620 152 883 194 RECENSIO
917 154 1206 195 manorum.
1644 163 1745 206 365

109 271 168 306 est
199 269 232 306 in
266 268 495 306 editionibus
526 269 711 321 antiquis,
743 269 981 318 simillimam,
1014 273 1053 309 et
1084 272 1245 310 carmina
1276 273 1358 323 ipsa
1385 273 1435 312 ita
1454 273 1657 312 constituta
1683 277 1742 312 at-

108 349 178 388 que
211 338 355 386 scripta
385 335 519 386 habet,
563 340 600 376 ut
642 340 722 376 sere
768 340 980 378 consentiat
1019 352 1096 378 euni
1144 342 1370 379 editionibus
1410 343 1596 394 antiquis,
1638 355 1743 389 eum,

108 405 179 443 nisi
213 406 390 455 scriptum
422 418 510 444 esse
540 410 628 444 ante
660 409 846 444 inventam
878 413 992 446 artem
1013 409 1329 459 typographicam
1356 409 1600 448 demonstrari
1633 413 1745 462 queat

107 475 253 512 indiciis
292 475 463 513 externis
502 480 613 527 atque
655 475 905 525 testimoniis,
955 489 1004 514 cx
1050 477 1277 515 editionibus
1317 478 1543 529 descriptum
1584 479 1745 530 antiquis

105 544 280 581 arbitror.

624 739 684 792 B
708 757 796 793 as
820 739 932 793 ile
957 759 988 793 e
1012 757 1049 793 η
1074 758 1105 793 s
1129 743 1212 793 ἵε.

190 884 281 925 Cum
314 886 445 924 codiee
477 886 690 925 Basileensi
724 887 775 925 ita
807 888 1005 926 coniuncta
1036 891 1096 926 est
1126 888 1222 938 apud
1255 901 1311 926 nie
1344 889 1577 927 Rroennnelii
1608 902 1744 928 menno-

105 956 182 1003 ria,
242 959 279 994 ut
327 954 423 993 hune
474 956 578 1005 prius
618 955 784 994 salutare
822 957 1002 1003 debeam,
1048 960 1245 1008 antequam
1292 970 1475 1008 exponam
1520 959 1567 997 de
1599 959 1744 997 codice.

104 1025 188 1063 Non
221 1027 357 1063 tantum
390 1024 483 1062 enim
515 1025 685 1072 gaudeo,
733 1026 827 1077 quod
863 1025 1035 1063 collatum
1068 1024 1225 1063 habeam
1258 1026 1444 1074 codicem,
1493 1031 1666 1079 quantum
1699 1040 1744 1065 eo

103 1093 276 1141 gaudeo,
311 1093 406 1144 quod
441 1092 561 1130 liabeo
593 1106 613 1130 a
639 1093 882 1132 Broennnelio
914 1107 994 1132 ineo
1027 1094 1220 1143 collatum,
1253 1098 1291 1133 et
1323 1107 1366 1133 ea
1399 1095 1545 1147 quidem
1578 1096 1744 1146 diligen-

105 1162 156 1199 tia
187 1165 298 1213 atque
329 1161 574 1211 insuperabili
608 1161 789 1200 industria
830 1162 1024 1210 collatum,
1067 1176 1161 1214 (piae
1202 1162 1289 1200 mihi
1332 1163 1448 1214 prisci
1480 1166 1617 1202 anioris
1649 1165 1744 1202 ami-

105 1232 287 1282 citiaeque
319 1229 416 1268 nullo
449 1234 617 1280 tempore
645 1232 908 1269 innninuendae
941 1230 1134 1281 praeclaro
1167 1232 1274 1269 modo
1307 1235 1427 1269 testes
1460 1234 1619 1271 suerunt..
1654 1232 1744 1271 Mo-

103 1299 184 1337 dum
228 1298 464 1336 excessimus
507 1304 682 1349 uterque,
729 1312 804 1347 ego
851 1300 1035 1350 petendo,
1080 1299 1351 1352 quaeritando,
1391 1299 1454 1338 ille
1495 1301 1743 1348 conserendo,

103 1367 382 1415 describendo,
417 1367 694 1417 respondemlo.
757 1368 861 1420 Quod
895 1382 939 1407 eo
971 1369 1112 1416 maius,
1145 1382 1252 1420 quum
1273 1369 1543 1407 ssroemmelius
1575 1370 1745 1420 (piamvis

102 1437 223 1486 probe
255 1437 488 1474 exercitatus
520 1437 553 1473 in
588 1436 646 1474 bis
678 1437 836 1486 studiis,
883 1440 1002 1475 tamen
1036 1438 1144 1475 aliun}
1177 1436 1331 1475 honoris
1364 1450 1528 1488 eampum
1561 1439 1632 1476 sibi
1665 1438 1745 1477 ele-

103 1505 229 1553 gerit,
262 1505 296 1542 in
330 1517 401 1556 qno
435 1504 605 1544 elaborat
636 1506 817 1544 industrie
847 1509 959 1557 atque
992 1507 1205 1555 ingeniose.
1268 1505 1413 1544 Utinam
1444 1511 1644 1557 recuperet
1675 1520 1745 1558 pa-

104 1574 176 1612 tria
208 1574 326 1611 virum
358 1573 672 1612 sollertissinnnn.
735 1573 878 1612 Utinam
910 1574 994 1612 mibi
1029 1580 1197 1625 coeptam
1227 1574 1336 1613 llalis
1368 1576 1464 1614 inter
1481 1575 1657 1624 collegas
1684 1578 1745 1614 sa-

104 1641 348 1680 miliaritalem
381 1646 553 1692 repetere
593 1642 790 1694 aliqnando
822 1648 934 1694 atque
966 1645 1183 1681 continuare
1215 1643 1336 1681 detur.

189 1710 290 1748 lnter
329 1711 482 1748 codices
524 1710 783 1759 Virgilianos,
831 1712 891 1762 qui
932 1711 1108 1750 Basileae
1150 1713 1184 1749 in
1218 1711 1455 1750 Bibliotheca
1486 1712 1640 1763 publiea
1670 1726 1744 1751 ex-

103 1782 206 1818 stant
236 1791 309 1817 non
341 1780 473 1830 pauci,
509 1792 557 1818 ex
590 1783 697 1830 parte
729 1781 843 1825 satis,
878 1784 917 1819 nt
948 1782 1120 1828 videtur,
1153 1782 1312 1833 antiqui,
1342 1794 1436 1819 unus
1462 1782 1604 1834 estqui
1632 1794 1745 1833 prae-

104 1852 161 1885 ter
193 1847 320 1898 Opera
353 1849 517 1887 continet
551 1849 660 1886 etiam
701 1849 894 1899 Opuscula
929 1853 967 1888 et
1007 1851 1167 1888 carmina
1199 1852 1350 1888 minora.
1412 1850 1588 1901 Scriptus
1620 1853 1679 1889 est
1710 1852 1744 1889 in

104 1929 274 1966 papyro,
316 1915 380 1954 sol.
414 1917 509 1955 med.
542 1929 613 1955 non
646 1918 692 1955 ab
726 1930 796 1955 una
828 1930 958 1967 manu,
992 1918 1058 1956 sed
1092 1932 1112 1957 a
1144 1919 1311 1966 duabus,
1345 1920 1442 1957 inter
1473 1932 1515 1957 se
1547 1920 1743 1959 diversis:

104 1997 178 2022 una
208 1985 395 2035 scriptura
426 1986 610 2033 grandis,
644 1986 853 2034 luculenta,
886 1998 999 2037 pura,
1041 1987 1181 2035 altera,
1217 2000 1310 2039 qliae
1343 1988 1402 2025 nbi
1437 1989 1590 2039 incipiat
1621 1990 1743 2028 statim

105 2053 333 2091 indicaturus
365 2066 469 2097 suni,
514 2056 791 2104 compressior,
832 2055 943 2094 inulto
978 2057 1093 2093 minus
1126 2056 1326 2094 luculenta.
1402 2056 1442 2095 ln
1485 2056 1744 2096 Bucolicorum

105 2121 226 2169 libro,
259 2124 297 2159 et
328 2122 362 2158 in
395 2122 558 2171 singulis
585 2123 859 2169 Georgicorum
891 2129 1001 2175 alque
1022 2124 1217 2163 Aeneidos
1250 2125 1357 2163 libris
1388 2125 1536 2164 litterae
1567 2126 1744 2165 liin-orum

105 2189 267 2228 initiales
300 2190 333 2226 in
366 2191 591 2239 imaginibus
623 2192 773 2241 positae
806 2196 914 2239 suni„
949 2193 1148 2243 diligenter
1180 2195 1316 2244 pictisg
1349 2195 1383 2232 in
1417 2195 1642 2232 carminibus
1673 2196 1743 2233 mi-

107 2258 260 2297 noribus
291 2259 415 2309 pictae
453 2259 598 2310 quidem
634 2261 747 2298 variis
780 2260 968 2300 coloribus
1000 2265 1037 2300 et
1068 2262 1274 2300 artilic10se
1306 2262 1468 2300 inflexae
1499 2271 1585 2302 sunt
1616 2264 1743 2302 initia-

105 2327 184 2376 les,
217 2328 283 2365 sed
318 2327 438 2366 nullae
471 2329 669 2377 imagines.
730 2330 791 2368 Ad
833 2330 1035 2379 Bucolica,
1076 2331 1294 2380 Georgica,
1328 2337 1366 2370 et
1398 2332 1604 2370 Aeneidem
1637 2334 1743 2370 vari-

104 2401 211 2435 antes
244 2396 426 2435 leetiones
468 2398 501 2435 in
548 2400 718 2447 margine
756 2400 974 2450 adscriptae
1014 2401 1277 2450 reperiuntur3
1318 2400 1361 2438 ad
1405 2401 1564 2438 carmina
1603 2402 1744 2438 minora

105 2467 252 2504 omnino
285 2465 419 2503 nullae.
479 2466 552 2505 Iam
587 2467 644 2506 bie
677 2468 791 2516 liber,
825 2481 929 2520 quem
963 2468 1195 2506 Broennnelii
1228 2469 1297 2507 mei
1329 2468 1459 2507 labore
1483 2481 1527 2507 ac
1557 2470 1743 2508 henelieio

105 2538 177 2573 tam
210 2535 306 2572 bene
339 2536 446 2576 novi,
480 2548 585 2587 quam
618 2537 649 2575 si
681 2533 1059 2587 ipsocontulissem,
1092 2542 1155 2576 ant
1186 2541 1286 2576 totus
1318 2541 1381 2576 aut
1412 2537 1528 2586 longe
1552 2539 1742 2576 maximam

105 2606 247 2653 partem
280 2603 493 2654 descriptus
526 2608 585 2643 est
626 2617 676 2644 ex
715 2606 880 2645 editione
920 2606 1085 2644 Romana
1118 2605 1166 2644 ΙΙ.
1227 2606 1267 2644 Id
1308 2610 1346 2644 ut
1385 2607 1554 2644 omnibus
1591 2609 1741 2657 pateat,

106 2672 278 2710 indicabo
320 2684 414 2723 quae
455 2673 491 2710 in
529 2673 660 2712 codiee.
698 2674 910 2714 Basileensi
956 2676 1192 2713 continentur
1232 2675 1376 2723 onmia,
1419 2674 1572 2723 titulos,
1612 2678 1649 2713 et
1681 2676 1743 2714 uhi

107 2754 202 2791 opus
234 2741 302 2789 sit,
336 2741 439 2779 initia
471 2742 509 2779 et
540 2741 803 2781 conclusiones
835 2745 1055 2793 carminum,
1088 2745 1208 2782 omnia
1240 2756 1310 2782 non
1344 2757 1393 2782 ex
1422 2743 1589 2794 praefixo
1622 2744 1742 2782 codici

108 2809 256 2857 Indice,
299 2809 366 2847 sed
410 2821 458 2847 ex
496 2810 580 2859 ipso
623 2810 718 2849 libro
763 2813 985 2863 exscripta:
1035 2812 1132 2850 addo
1171 2824 1356 2851 numeros.
1423 2817 1456 2852 l.
1488 2812 1542 2850 10.
1577 2813 1741 2851 Andreae

107 2879 280 2928 Episcopi
314 2877 528 2916 Aleriensis
560 2879 593 2915 in
626 2877 784 2928 Cyrno:
827 2880 925 2920 idest
956 2881 1114 2921 Corsica
1146 2880 1293 2919 insula:
1335 2882 1369 2919 in
1402 2882 1552 2931 primam
1587 2881 1740 2928 Virgilii

109 2947 407 2996 impressionem,
439 2946 482 2983 ad
516 2946 667 2984 Paulum
721 2947 770 2985 11.
812 2949 1030 2988 Pontificem
1072 2950 1177 2988 Max.
1212 2949 1376 2999 Epistola
1418 2949 1564 3000 Incipit.
1613 2950 1739 2995 (Elo-

109 3016 268 3067 quentiae
312 3015 510 3066 splendore
544 3036 595 3042 —
628 3015 970 3069 socilcissimamque
1015 3020 1300 3070 perpetuitatem
1349 3021 1544 3070 exoptent.
1592 3019 1737 3071 Vale.)
