2006 3365
226 150 330 194 390
822 140 1189 183 DISSERTATIO
1221 141 1292 183 IV.

314 260 426 300 Hunc
465 258 599 296 librum
640 267 748 308 quum
788 258 876 295 ante
917 254 1054 294 multos
1091 267 1212 294 annos
1250 255 1404 306 primum
1450 256 1700 305 evolverem,
1757 255 1884 294 statim

227 328 506 367 admirationem
537 324 730 377 quamdam
763 336 842 363 cum
876 322 1115 363 dubitatione
1147 323 1382 362 coniunctam
1414 323 1500 362 mihi
1527 326 1694 363 incutere
1724 324 1883 363 memini.

229 393 401 442 Deinde,
440 393 524 431 dum
557 392 759 432 crescebat
788 392 1009 441 admiratio,
1049 402 1121 442 quo
1163 390 1293 441 plures
1331 391 1522 441 paullatim
1553 393 1803 431 nanciscebar
1834 391 1884 429 li-

228 463 321 502 bros
351 461 559 512 antiquitus
591 472 787 509 excusos,
833 472 986 512 quorum
1017 459 1154 497 nullum
1186 459 1394 498 Mutinensi
1425 460 1606 510 similem,
1640 460 1702 498 vel
1735 471 1884 510 cogna-

228 533 301 569 tum
333 541 412 567 cum
454 528 690 578 Mutinensi,
737 528 934 576 videbam,
975 530 1174 566 crescente
1206 528 1317 566 etiam
1350 528 1610 576 dubitatione,
1656 531 1694 567 et
1725 527 1885 577 saepius

227 609 272 636 se
305 596 514 641 offerente,
547 599 585 635 et
616 596 722 648 quasi
755 596 1005 644 obtrudente,
1053 597 1301 646 quaestione,
1348 596 1444 634 unde
1476 599 1548 634 tam
1580 595 1812 645 singularia,
1846 595 1886 633 et

226 667 300 705 tam
331 665 454 714 bona,
497 666 645 716 tamque
687 665 955 702 convenientia
986 675 1066 702 cum
1098 662 1317 701 melioribus
1348 663 1458 701 libris
1490 665 1669 714 scriptis,
1704 676 1737 702 e.
1770 675 1813 712 g.
1847 666 1886 703 ut

225 745 334 771 unum
367 743 669 780 commemorem,
718 731 920 782 suppletus
952 732 987 769 in
1022 731 1128 769 Diris
1162 743 1299 769 versus
1332 731 1506 780 integer,
1545 733 1818 782 pervenissent
1849 732 1885 769 in

224 799 509 839 Mutinensem:
550 799 708 838 ulterius
753 801 1067 850 circumspicere,
1107 801 1174 848 et,
1220 812 1327 851 quum
1366 804 1477 838 antea
1518 799 1633 838 Diras
1676 801 1816 838 tantum
1848 803 1886 840 et

224 867 370 920 reliqua
401 867 597 918 Opuscula
630 869 886 915 curavissem,
932 868 1072 906 maiora
1113 868 1223 906 etiam
1259 867 1411 916 Virgilii
1443 880 1560 918 opera
1594 873 1778 906 excutere
1809 880 1886 917 ag-

225 947 390 985 gressus
422 948 529 986 sum,
561 947 607 973 an
640 936 740 974 forte
774 936 981 985 vestigium
1015 936 1154 985 sontis,
1188 935 1286 974 unde
1318 936 1511 974 hausisset
1543 936 1665 974 editor
1687 935 1886 974 Mutinen-

225 1004 306 1052 sis,
337 1004 558 1053 reperirem.
618 1001 660 1041 Id
691 1004 893 1053 peragenti
926 1004 1168 1042 obvenerunt
1200 1003 1260 1042 hic
1281 1003 1360 1042 illic
1380 1003 1589 1052 singularia
1615 1003 1787 1054 quidem,
1817 1004 1886 1042 sed

226 1082 322 1123 quae
353 1073 474 1109 tamen
507 1071 577 1109 iam
610 1070 759 1122 legisse
790 1070 928 1109 alicubi
960 1070 1046 1108 mihi
1079 1071 1274 1109 videbar:
1309 1072 1345 1109 in
1377 1083 1474 1123 quae
1506 1071 1587 1109 dum
1620 1071 1767 1122 inquiro
1799 1071 1886 1110 dili-

225 1138 404 1190 gentius,
451 1139 572 1188 primo
620 1139 827 1176 convenire
867 1138 1079 1177 Mutinensi
1127 1150 1206 1176 cum
1256 1140 1421 1178 editione
1465 1138 1744 1177 Mediolanensi
1788 1139 1887 1190 apud

225 1207 492 1255 Burmannum,
533 1218 629 1258 quae
668 1208 728 1245 est
774 1205 1077 1244 Mediolanensis
1126 1208 1249 1245 ΜΗ.
1284 1207 1506 1255 Maittairii3
1553 1220 1639 1244 mox
1686 1210 1887 1259 postquam

225 1273 381 1324 Virgilii
413 1274 616 1312 editionem
648 1274 938 1312 Maittairianam
971 1278 1104 1313 nactus
1142 1285 1265 1324 eram,
1306 1286 1532 1324 expressam
1565 1286 1655 1313 esse
1685 1275 1886 1313 Mutinen-

223 1353 303 1380 sem
337 1354 388 1380 ex
420 1341 700 1380 Mediolanensi
735 1344 858 1380 1474.
892 1342 1079 1380 intellexi.
1141 1341 1385 1382 Conveniunt
1420 1343 1554 1381 onmia.
1616 1342 1733 1395 Quam
1764 1343 1886 1382 Mait-

224 1410 359 1448 tairius
391 1410 495 1448 dedit
526 1411 703 1449 editionis
753 1410 1052 1449 Mediolanensis
1085 1410 1400 1461 descriptionem,
1438 1413 1520 1450 tota
1557 1412 1668 1449 etiam
1701 1411 1887 1450 convenit

223 1478 261 1515 in
294 1478 578 1516 Mutinensem:
612 1491 717 1530 quam
751 1491 800 1517 ex
832 1478 1042 1517 Mutinensi
1074 1478 1297 1528 protulimus
1330 1479 1510 1517 insertam
1544 1479 1709 1518 Aeneid.
1735 1479 1766 1517 Ι.
1798 1481 1886 1518 ante

223 1558 376 1584 versum
409 1548 476 1584 34.
521 1546 828 1596 admonitionem,
875 1547 1037 1584 eamdem
1080 1544 1115 1583 in
1155 1545 1435 1584 Mediolanensi
1475 1547 1733 1595 Maittairiusg
1778 1559 1886 1599 quam

224 1613 426 1652 Aeneidos
457 1614 774 1664 subscriptionem
815 1615 932 1653 Finis
964 1615 1117 1653 Summe
1148 1617 1222 1652 etc.
1267 1615 1430 1652 eanulem
1467 1615 1699 1653 Maittairius
1740 1616 1775 1653 in
1816 1626 1887 1653 sua

222 1681 505 1720 Mediolanensi
538 1682 697 1721 invenit.
759 1682 909 1720 Versus
936 1684 987 1719 22
1012 1681 1179 1719 Aeneid.
1212 1680 1277 1720 lib.
1302 1682 1353 1720 ΙΙ.
1382 1685 1476 1721 56ῖ.
1511 1695 1595 1734 sqq.
1629 1683 1757 1720 omissi
1779 1684 1887 1721 erant

224 1749 261 1786 in
294 1748 574 1786 Mediolanensi
616 1749 836 1798 Maittairii,
880 1753 918 1788 et
957 1750 1086 1787 omissi
1118 1753 1206 1787 sunt
1245 1750 1280 1787 in
1321 1749 1547 1787 Mutinensi.
1610 1749 1758 1788 Deinde
1791 1762 1886 1801 quas

221 1816 457 1855 Maittairius
489 1829 538 1854 ex
571 1817 850 1856 Mediolanensi
884 1817 1081 1867 excerpsit
1114 1817 1318 1854 Variantes
1350 1817 1576 1865 Lectiones,
1621 1819 1803 1867 permiras
1835 1830 1886 1856 ex

223 1886 360 1934 parte,
401 1887 440 1922 et
481 1884 594 1922 valde
638 1885 861 1933 mendosas,
910 1890 949 1923 ut
980 1884 1063 1923 Eel.
1097 1884 1168 1922 Vl.
1202 1888 1268 1922 65.
1304 1885 1450 1933 Georg.
1483 1884 1532 1923 ll.
1572 1888 1661 1924 196.
1697 1886 1798 1924 Aen.
1832 1886 1884 1925 V.

226 1954 320 1989 143.
354 1951 465 1991 VIlI.
502 1955 596 1989 1⁴4.
638 1952 707 1990 IX.
743 1955 837 1991 685.
879 1953 930 1991 X.
965 1956 1060 1991 5⁴0.
1091 1952 1163 1990 XI.
1197 1956 1292 1990 516.
1335 1964 1466 1991 omnes
1499 1953 1536 1991 in
1568 1965 1648 1991 mea
1681 1953 1885 1993 collatione

223 2020 403 2058 editionis
442 2021 677 2059 Mutinensis
718 2021 987 2070 inveniuntur,
1039 2022 1103 2059 aut
1144 2023 1283 2059 tantum
1326 2033 1397 2058 non
1437 2032 1581 2060 omnes.
1643 2020 1739 2073 Quin
1773 2022 1884 2060 etiam

222 2087 500 2138 orthographia
542 2088 722 2127 editionis
754 2088 1082 2137 Mediolanensis,
1133 2090 1227 2128 vitia
1268 2089 1487 2137 manifesta,
1529 2100 1574 2127 ac
1614 2092 1769 2127 metrum
1801 2093 1883 2129 tur-

220 2154 371 2205 bantia,
412 2156 458 2194 de
496 2157 633 2208 quibus
674 2157 787 2194 rebus
826 2157 1058 2205 singularem
1099 2158 1389 2207 disputationem
1429 2158 1591 2196 instituit
1623 2157 1880 2207 Maittairius,

222 2223 351 2261 eadem
382 2225 620 2274 reperiuntur
651 2226 686 2263 in
720 2225 954 2275 Mutinensi,
988 2229 1028 2264 ut
1059 2228 1157 2265 ledit
1196 2226 1342 2275 Georg.
1375 2226 1425 2264 II.
1469 2229 1563 2264 220.
1603 2226 1751 2265 leoerbe's
1798 2226 1880 2265 Ecl.

220 2290 271 2330 ll.
307 2295 373 2330 49.
406 2295 522 2330 rcetia
552 2292 723 2331 Ecl.111.
755 2297 820 2333 ἶ5.
853 2295 969 2333 eredit
1001 2294 1082 2332 Ecl.
1105 2294 1153 2332 V.
1184 2298 1247 2331 16.
1280 2295 1378 2333 edos
1411 2293 1492 2332 Ecl.
1514 2293 1583 2331 IX.
1618 2296 1654 2331 6.
1689 2295 1883 2334 nehaeram

220 2359 303 2398 Ecl.
337 2359 406 2398 ΙΙΙ.
441 2365 480 2399 3.
536 2364 661 2413 αἱηῐᾳς
695 2361 843 2411 Georg.
876 2362 926 2400 II.
962 2365 1058 2401 469.
1110 2362 1288 2415 s‘ulupsa
1330 2362 1476 2410 Georg.
1510 2361 1541 2399 I.
1576 2365 1670 2400 200.
1718 2363 1880 2402 hanelz‘s

221 2427 368 2477 Georg.
401 2428 432 2466 Ι.
466 2431 562 2467 250.
595 2430 695 2468 [unte
726 2429 872 2479 Georg.
906 2430 976 2470 IV.
1010 2434 1106 2469 3⁴0.
1148 2430 1356 2483 Vaftorem
1389 2432 1489 2467 Aen.
1522 2429 1593 2468 lx.
1629 2433 1722 2468 772.
1770 2431 1881 2483 lapi-

221 2496 369 2551 dosaq,
402 2496 549 2546 Georg.
583 2497 633 2536 ll.
666 2501 733 2536 34.
766 2502 927 2537 arvenis
956 2499 1057 2537 Aen.
1081 2498 1150 2536 lx.
1174 2502 1242 2537 Si.
1304 2498 1534 2537 Laurenlia
1551 2498 1762 2537 adaeoeerit
1787 2499 1878 2537 ibid.

224 2568 317 2604 100.
351 2566 689 2617 eomproelzemlere
721 2565 868 2615 Georg.
902 2566 949 2604 ll.
989 2570 1080 2605 104.
1184 2567 1243 2604 De
1275 2566 1482 2616 Opusculis
1515 2580 1565 2606 ex
1597 2566 1879 2606 Mediolanensi

218 2634 311 2673 nihil
344 2634 497 2673 tradidit
528 2633 791 2673 Maittairius:
825 2636 893 2673 sed
927 2639 1047 2674 tamen
1081 2635 1148 2672 vix
1181 2635 1329 2672 dubium
1364 2638 1447 2684 est,
1482 2648 1633 2687 quarum
1667 2636 1701 2673 in
1735 2635 1878 2685 Operi-

218 2702 292 2741 bus
325 2707 396 2743 tam
428 2703 612 2741 unanimis
645 2715 856 2740 consensus
889 2704 1076 2751 cernitur,
1125 2703 1275 2741 easdem
1314 2704 1423 2741 etiam
1470 2705 1505 2742 in
1540 2703 1750 2754 Opusculis
1783 2715 1876 2741 con-

219 2772 386 2820 spirarc3
431 2774 469 2811 et
510 2771 603 2809 ordo
647 2770 802 2820 saltem,
846 2784 918 2822 quo
961 2771 1156 2821 Opuscula
1187 2775 1364 2810 recenset
1396 2771 1654 2820 Maittairius,
1687 2772 1783 2810 idem
1816 2774 1878 2811 est

220 2839 255 2875 in
289 2838 511 2878 Mutinensi.
582 2839 712 2890 Itaque
744 2839 976 2877 Mutinensis
1010 2839 1105 2877 haud
1139 2840 1252 2878 dubie
1284 2842 1363 2878 tota
1395 2852 1582 2890 expressa
1612 2842 1671 2878 est
1703 2852 1753 2878 ex
1783 2840 1875 2878 Me-

221 2905 455 2945 diolanensi:
490 2920 562 2959 qua
592 2909 626 2945 in
659 2920 700 2945 re
731 2907 821 2945 illud
854 2906 1024 2945 mirabile
1053 2911 1136 2957 est,
1179 2921 1285 2960 quam
1319 2908 1433 2947 celeri
1466 2909 1649 2946 industria
1678 2908 1875 2958 popularis

221 2976 372 3023 noster,
405 2976 569 3015 Vurster
589 2976 634 3015 de
662 2974 917 3026 Campidona,
949 2975 1169 3015 industriam
1200 2981 1312 3028 atque
1344 2988 1496 3027 operam
1517 2975 1683 3026 Philippi
1715 2976 1762 3014 de
1797 2976 1874 3015 La·-
