<?xml version="1.0" encoding="UTF-8"?>
<!DOCTYPE html PUBLIC "-//W3C//DTD XHTML 1.0 Transitional//EN"
    "http://www.w3.org/TR/xhtml1/DTD/xhtml1-transitional.dtd">
<html xmlns="http://www.w3.org/1999/xhtml" xml:lang="en" lang="en">
 <head>
  <title>
</title>
<meta http-equiv="Content-Type" content="text/html;charset=utf-8" />
  <meta name='ocr-system' content='tesseract 3.04.00' />
  <meta name='ocr-capabilities' content='ocr_page ocr_carea ocr_par ocr_line ocrx_word'/>
</head>
<body>
  <div class='ocr_page' id='page_1' title='image "./carmina00catouoft_0111.png"; bbox 0 0 2006 3365; ppageno 0'>
   <div class='ocr_carea' id='block_1_1' title="bbox 490 150 1709 197">
    <p class='ocr_par' dir='ltr' id='par_1_1' title="bbox 490 150 1709 197">
     <span class='ocr_line' id='line_1_1' title="bbox 490 150 1709 197; baseline 0.005 -6"><span class='ocrx_word' id='word_1_1' title='bbox 490 151 545 192; x_wconf 83' lang='lat' dir='ltr'>IN</span> <span class='ocrx_word' id='word_1_2' title='bbox 576 151 798 194; x_wconf 75' lang='lat' dir='ltr'><strong>VALERH</strong></span> <span class='ocrx_word' id='word_1_3' title='bbox 828 150 1067 193; x_wconf 84' lang='lat' dir='ltr'>CATONIS</span> <span class='ocrx_word' id='word_1_4' title='bbox 1097 151 1278 193; x_wconf 78' lang='lat' dir='ltr'><strong>DIRAS.</strong></span> <span class='ocrx_word' id='word_1_5' title='bbox 1642 151 1709 197; x_wconf 86' lang='lat'>95</span> 
     </span>
    </p>
   </div>
   <div class='ocr_carea' id='block_1_2' title="bbox 59 267 1709 2239">
    <p class='ocr_par' dir='ltr' id='par_1_2' title="bbox 858 267 1396 308">
     <span class='ocr_line' id='line_1_2' title="bbox 858 267 1396 308; baseline 0 -2"><span class='ocrx_word' id='word_1_6' title='bbox 858 274 902 306; x_wconf 85' lang='lat' dir='ltr'>at</span> <span class='ocrx_word' id='word_1_7' title='bbox 933 269 1010 307; x_wconf 82' lang='lat' dir='ltr'>ima</span> <span class='ocrx_word' id='word_1_8' title='bbox 1040 274 1255 308; x_wconf 69' lang='lat' dir='ltr'>eoeaestuac</span> <span class='ocrx_word' id='word_1_9' title='bbox 1287 267 1396 307; x_wconf 81' lang='lat' dir='ltr'>unda</span> 
     </span>
    </p>

    <p class='ocr_par' dir='ltr' id='par_1_3' title="bbox 66 334 1424 456">
     <span class='ocr_line' id='line_1_3' title="bbox 357 334 1424 390; baseline 0 -15"><span class='ocrx_word' id='word_1_10' title='bbox 357 334 603 379; x_wconf 76' lang='lat' dir='ltr'><em>Vorticibus,</em></span> <span class='ocrx_word' id='word_1_11' title='bbox 636 339 866 390; x_wconf 72' lang='lat' dir='ltr'>niqramque</span> <span class='ocrx_word' id='word_1_12' title='bbox 896 336 979 377; x_wconf 80' lang='lat' dir='ltr'>alte</span> <span class='ocrx_word' id='word_1_13' title='bbox 1008 336 1221 377; x_wconf 78' lang='lat' dir='ltr'>subvectat</span> <span class='ocrx_word' id='word_1_14' title='bbox 1251 349 1424 377; x_wconf 84' lang='lat' dir='ltr'><strong><em>arenam.</em></strong></span> 
     </span>
     <span class='ocr_line' id='line_1_4' title="bbox 66 402 802 456; baseline -0.001 -13"><span class='ocrx_word' id='word_1_15' title='bbox 66 402 282 455; x_wconf 85' lang='lat' dir='ltr'>Sophocles</span> <span class='ocrx_word' id='word_1_16' title='bbox 316 402 451 452; x_wconf 85' lang='lat' dir='ltr'>Antig.</span> <span class='ocrx_word' id='word_1_17' title='bbox 485 408 579 443; x_wconf 83' lang='lat'><strong>583.</strong></span> <span class='ocrx_word' id='word_1_18' title='bbox 612 416 720 456; x_wconf 83' lang='lat' dir='ltr'>seqq.</span> <span class='ocrx_word' id='word_1_19' title='bbox 754 403 802 442; x_wconf 92' lang='lat' dir='ltr'>H.</span> 
     </span>
    </p>

    <p class='ocr_par' dir='ltr' id='par_1_4' title="bbox 350 466 864 518">
     <span class='ocr_line' id='line_1_5' title="bbox 350 466 864 518; baseline 0.002 -12"><span class='ocrx_word' id='word_1_20' title='bbox 350 467 499 518; x_wconf 73' lang='grc' dir='ltr'><em>ΟμΟῑΟΡ</em></span> <span class='ocrx_word' id='word_1_21' title='bbox 531 466 639 508; x_wconf 74' lang='grc' dir='ltr'>ὡσϊδ</span> <span class='ocrx_word' id='word_1_22' title='bbox 672 484 864 515; x_wconf 66' lang='grc' dir='ltr'><em>ΤῐΟνῒΙαΙς</em></span> 
     </span>
    </p>

    <p class='ocr_par' dir='ltr' id='par_1_5' title="bbox 350 532 876 587">
     <span class='ocr_line' id='line_1_6' title="bbox 350 532 876 587; baseline 0 -11"><span class='ocrx_word' id='word_1_23' title='bbox 350 532 479 587; x_wconf 79' lang='grc' dir='ltr'><em>οἶδμα</em></span> <span class='ocrx_word' id='word_1_24' title='bbox 513 537 743 584; x_wconf 76' lang='grc' dir='ltr'>δυσπνόοις</span> <span class='ocrx_word' id='word_1_25' title='bbox 776 534 876 576; x_wconf 78' lang='grc' dir='ltr'><em>ὅταν</em></span> 
     </span>
    </p>

    <p class='ocr_par' dir='ltr' id='par_1_6' title="bbox 353 603 1431 661">
     <span class='ocr_line' id='line_1_7' title="bbox 353 603 1431 661; baseline -0.003 -14"><span class='ocrx_word' id='word_1_26' title='bbox 353 606 606 661; x_wconf 73' lang='grc' dir='ltr'>Θρῄσσῃσιν</span> <span class='ocrx_word' id='word_1_27' title='bbox 636 607 783 656; x_wconf 73' lang='grc' dir='ltr'><em>ἔρεβος</em></span> <span class='ocrx_word' id='word_1_28' title='bbox 812 603 983 658; x_wconf 73' lang='grc' dir='ltr'><em>ὕφαλον</em></span> <span class='ocrx_word' id='word_1_29' title='bbox 1014 604 1228 659; x_wconf 70' lang='grc' dir='ltr'><em>ἐπιδράμῃ</em></span> <span class='ocrx_word' id='word_1_30' title='bbox 1261 611 1431 653; x_wconf 81' lang='grc' dir='ltr'><em>πνοαῖς,</em></span> 
     </span>
    </p>

    <p class='ocr_par' dir='ltr' id='par_1_7' title="bbox 348 672 1021 727">
     <span class='ocr_line' id='line_1_8' title="bbox 348 672 1021 727; baseline -0.003 -13"><span class='ocrx_word' id='word_1_31' title='bbox 348 677 535 715; x_wconf 73' lang='grc' dir='ltr'><em>κυλίνδει</em></span> <span class='ocrx_word' id='word_1_32' title='bbox 568 674 788 727; x_wconf 73' lang='grc' dir='ltr'>βυσσόθεν</span> <span class='ocrx_word' id='word_1_33' title='bbox 820 672 1021 713; x_wconf 74' lang='grc' dir='ltr'>κελαινὰν</span> 
     </span>
    </p>

    <p class='ocr_par' dir='ltr' id='par_1_8' title="bbox 60 742 1708 1608">
     <span class='ocr_line' id='line_1_9' title="bbox 346 742 1156 798; baseline 0.001 -15"><span class='ocrx_word' id='word_1_34' title='bbox 346 747 452 783; x_wconf 74' lang='grc' dir='ltr'>θῖνα</span> <span class='ocrx_word' id='word_1_35' title='bbox 484 744 557 783; x_wconf 76' lang='grc' dir='ltr'>καί</span> <span class='ocrx_word' id='word_1_36' title='bbox 587 742 848 793; x_wconf 50' lang='grc' dir='ltr'>δυσάνεμοι),</span> <span class='ocrx_word' id='word_1_37' title='bbox 879 747 917 784; x_wconf 87' lang='lat' dir='ltr'>et</span> <span class='ocrx_word' id='word_1_38' title='bbox 948 757 1043 797; x_wconf 88' lang='lat' dir='ltr'>quae</span> <span class='ocrx_word' id='word_1_39' title='bbox 1072 757 1156 798; x_wconf 88' lang='lat' dir='ltr'>seq.</span> 
     </span>
     <span class='ocr_line' id='line_1_10' title="bbox 63 807 1705 868; baseline -0.002 -13"><span class='ocrx_word' id='word_1_40' title='bbox 63 815 127 855; x_wconf 84' lang='lat' dir='ltr'>ubi</span> <span class='ocrx_word' id='word_1_41' title='bbox 157 816 275 855; x_wconf 86' lang='lat' dir='ltr'>tamen</span> <span class='ocrx_word' id='word_1_42' title='bbox 308 828 380 855; x_wconf 89' lang='lat' dir='ltr'>non</span> <span class='ocrx_word' id='word_1_43' title='bbox 412 816 623 868; x_wconf 78' lang='lat' dir='ltr'>persuadeo</span> <span class='ocrx_word' id='word_1_44' title='bbox 655 813 762 863; x_wconf 75' lang='lat' dir='ltr'>thi,</span> <span class='ocrx_word' id='word_1_45' title='bbox 803 809 950 862; x_wconf 75' lang='grc' dir='ltr'><em>ἔρεβος</em></span> <span class='ocrx_word' id='word_1_46' title='bbox 991 807 1163 862; x_wconf 76' lang='grc' dir='ltr'><em>ὕφαλον</em></span> <span class='ocrx_word' id='word_1_47' title='bbox 1201 813 1457 853; x_wconf 79' lang='lat' dir='ltr'>accusativum</span> <span class='ocrx_word' id='word_1_48' title='bbox 1489 825 1578 852; x_wconf 88' lang='lat' dir='ltr'>esse</span> <span class='ocrx_word' id='word_1_49' title='bbox 1609 825 1705 863; x_wconf 87' lang='lat' dir='ltr'>pcn-</span> 
     </span>
     <span class='ocr_line' id='line_1_11' title="bbox 62 875 1706 934; baseline -0.002 -12"><span class='ocrx_word' id='word_1_50' title='bbox 62 884 209 924; x_wconf 84' lang='lat' dir='ltr'>dentcm</span> <span class='ocrx_word' id='word_1_51' title='bbox 239 896 262 923; x_wconf 91' lang='lat' dir='ltr'>a</span> <span class='ocrx_word' id='word_1_52' title='bbox 294 885 424 924; x_wconf 83' lang='lat' dir='ltr'>verbis</span> <span class='ocrx_word' id='word_1_53' title='bbox 456 876 586 930; x_wconf 81' lang='grc' dir='ltr'><em>οῗδμα</em></span> <span class='ocrx_word' id='word_1_54' title='bbox 618 879 849 934; x_wconf 72' lang='grc' dir='ltr'><em>ἐπιδράμῃ.</em></span> <span class='ocrx_word' id='word_1_55' title='bbox 894 881 945 921; x_wconf 88' lang='lat' dir='ltr'>Ut</span> <span class='ocrx_word' id='word_1_56' title='bbox 974 883 1069 920; x_wconf 83' lang='lat' dir='ltr'>enim</span> <span class='ocrx_word' id='word_1_57' title='bbox 1105 882 1327 930; x_wconf 81' lang='lat' dir='ltr'>concedam,</span> <span class='ocrx_word' id='word_1_58' title='bbox 1358 878 1505 930; x_wconf 72' lang='grc' dir='ltr'><em>ἔρεβος</em></span> <span class='ocrx_word' id='word_1_59' title='bbox 1535 875 1706 931; x_wconf 77' lang='grc' dir='ltr'><em>ὕφαλον</em></span> 
     </span>
     <span class='ocr_line' id='line_1_12' title="bbox 60 943 1706 1005; baseline -0.002 -13"><span class='ocrx_word' id='word_1_60' title='bbox 60 953 227 1005; x_wconf 79' lang='lat' dir='ltr'>fundum</span> <span class='ocrx_word' id='word_1_61' title='bbox 256 955 380 992; x_wconf 83' lang='lat' dir='ltr'>maris</span> <span class='ocrx_word' id='word_1_62' title='bbox 412 965 521 996; x_wconf 87' lang='lat' dir='ltr'>esse,</span> <span class='ocrx_word' id='word_1_63' title='bbox 555 964 627 990; x_wconf 90' lang='lat' dir='ltr'>non</span> <span class='ocrx_word' id='word_1_64' title='bbox 656 952 754 990; x_wconf 85' lang='lat' dir='ltr'>hene</span> <span class='ocrx_word' id='word_1_65' title='bbox 779 943 934 999; x_wconf 79' lang='grc' dir='ltr'><em>οἶδμα,</em></span> <span class='ocrx_word' id='word_1_66' title='bbox 965 950 1139 1002; x_wconf 76' lang='lat' dir='ltr'>fluctus,</span> <span class='ocrx_word' id='word_1_67' title='bbox 1171 950 1316 989; x_wconf 85' lang='lat' dir='ltr'>dicetur</span> <span class='ocrx_word' id='word_1_68' title='bbox 1343 963 1577 1003; x_wconf 79' lang='lat' dir='ltr'>percurrere</span> <span class='ocrx_word' id='word_1_69' title='bbox 1605 951 1706 1002; x_wconf 81' lang='lat' dir='ltr'>fun-</span> 
     </span>
     <span class='ocr_line' id='line_1_13' title="bbox 63 1017 1706 1073; baseline -0.002 -12"><span class='ocrx_word' id='word_1_70' title='bbox 63 1022 151 1061; x_wconf 82' lang='lat' dir='ltr'>dum</span> <span class='ocrx_word' id='word_1_71' title='bbox 180 1025 332 1070; x_wconf 81' lang='lat' dir='ltr'>maris,</span> <span class='ocrx_word' id='word_1_72' title='bbox 375 1020 438 1060; x_wconf 85' lang='lat' dir='ltr'>vel</span> <span class='ocrx_word' id='word_1_73' title='bbox 471 1023 673 1061; x_wconf 78' lang='lat' dir='ltr'>incurrere</span> <span class='ocrx_word' id='word_1_74' title='bbox 702 1024 741 1060; x_wconf 83' lang='lat' dir='ltr'>in</span> <span class='ocrx_word' id='word_1_75' title='bbox 770 1021 805 1073; x_wconf 85' lang='lat' dir='ltr'>f.</span> <span class='ocrx_word' id='word_1_76' title='bbox 837 1034 883 1059; x_wconf 85' lang='lat' dir='ltr'>m.</span> <span class='ocrx_word' id='word_1_77' title='bbox 947 1017 1062 1059; x_wconf 81' lang='lat' dir='ltr'><strong>Certe</strong></span> <span class='ocrx_word' id='word_1_78' title='bbox 1101 1018 1214 1058; x_wconf 91' lang='lat' dir='ltr'>multo</span> <span class='ocrx_word' id='word_1_79' title='bbox 1245 1020 1367 1069; x_wconf 87' lang='lat' dir='ltr'>magis</span> <span class='ocrx_word' id='word_1_80' title='bbox 1399 1020 1572 1058; x_wconf 87' lang='lat' dir='ltr'>usitatum</span> <span class='ocrx_word' id='word_1_81' title='bbox 1602 1018 1706 1058; x_wconf 87' lang='lat' dir='ltr'>alte-</span> 
     </span>
     <span class='ocr_line' id='line_1_14' title="bbox 61 1088 1705 1141; baseline -0.002 -13"><span class='ocrx_word' id='word_1_82' title='bbox 61 1102 138 1128; x_wconf 91' lang='lat' dir='ltr'>rum</span> <span class='ocrx_word' id='word_1_83' title='bbox 170 1092 250 1139; x_wconf 84' lang='lat' dir='ltr'>cst,</span> <span class='ocrx_word' id='word_1_84' title='bbox 281 1089 376 1141; x_wconf 93' lang='lat' dir='ltr'>quod</span> <span class='ocrx_word' id='word_1_85' title='bbox 403 1088 528 1140; x_wconf 88' lang='lat' dir='ltr'>paullo</span> <span class='ocrx_word' id='word_1_86' title='bbox 559 1092 646 1129; x_wconf 88' lang='lat' dir='ltr'>ante</span> <span class='ocrx_word' id='word_1_87' title='bbox 678 1090 722 1128; x_wconf 88' lang='lat' dir='ltr'>ad</span> <span class='ocrx_word' id='word_1_88' title='bbox 751 1088 910 1130; x_wconf 85' lang='lat' dir='ltr'>Catonis</span> <span class='ocrx_word' id='word_1_89' title='bbox 942 1100 1092 1127; x_wconf 88' lang='lat' dir='ltr'>versum</span> <span class='ocrx_word' id='word_1_90' title='bbox 1115 1090 1182 1128; x_wconf 83' lang='lat'>59.</span> <span class='ocrx_word' id='word_1_91' title='bbox 1208 1088 1512 1138; x_wconf 81' lang='lat' dir='ltr'>commemoravi,</span> <span class='ocrx_word' id='word_1_92' title='bbox 1541 1090 1579 1127; x_wconf 86' lang='lat' dir='ltr'>ut</span> <span class='ocrx_word' id='word_1_93' title='bbox 1602 1099 1705 1126; x_wconf 86' lang='lat' dir='ltr'>mare</span> 
     </span>
     <span class='ocr_line' id='line_1_15' title="bbox 61 1156 1706 1209; baseline 0 -13"><span class='ocrx_word' id='word_1_94' title='bbox 61 1159 179 1209; x_wconf 90' lang='lat' dir='ltr'>primo</span> <span class='ocrx_word' id='word_1_95' title='bbox 211 1159 434 1197; x_wconf 76' lang='lat' dir='ltr'>commoveri</span> <span class='ocrx_word' id='word_1_96' title='bbox 467 1160 588 1208; x_wconf 87' lang='lat' dir='ltr'>intus,</span> <span class='ocrx_word' id='word_1_97' title='bbox 620 1161 692 1197; x_wconf 90' lang='lat' dir='ltr'>tum</span> <span class='ocrx_word' id='word_1_98' title='bbox 725 1157 912 1197; x_wconf 75' lang='lat' dir='ltr'>extollere</span> <span class='ocrx_word' id='word_1_99' title='bbox 935 1157 1070 1197; x_wconf 88' lang='lat' dir='ltr'>fluctus</span> <span class='ocrx_word' id='word_1_100' title='bbox 1093 1156 1252 1196; x_wconf 88' lang='lat' dir='ltr'>dicatur.</span> <span class='ocrx_word' id='word_1_101' title='bbox 1290 1156 1443 1209; x_wconf 82' lang='lat' dir='ltr'>Itaque,</span> <span class='ocrx_word' id='word_1_102' title='bbox 1476 1156 1574 1209; x_wconf 90' lang='lat' dir='ltr'>quod</span> <span class='ocrx_word' id='word_1_103' title='bbox 1600 1158 1706 1196; x_wconf 85' lang='lat' dir='ltr'>recte</span> 
     </span>
     <span class='ocr_line' id='line_1_16' title="bbox 61 1220 1705 1278; baseline -0.001 -13"><span class='ocrx_word' id='word_1_104' title='bbox 61 1230 315 1278; x_wconf 81' lang='lat' dir='ltr'>perspexerat</span> <span class='ocrx_word' id='word_1_105' title='bbox 344 1226 579 1273; x_wconf 84' lang='lat' dir='ltr'>Erfurdtius,</span> <span class='ocrx_word' id='word_1_106' title='bbox 612 1224 760 1274; x_wconf 68' lang='grc' dir='ltr'><em>ἔρεβος</em></span> <span class='ocrx_word' id='word_1_107' title='bbox 781 1220 975 1277; x_wconf 62' lang='grc' dir='ltr'><em>ὕφαλον,</em></span> <span class='ocrx_word' id='word_1_108' title='bbox 999 1225 1254 1275; x_wconf 77' lang='lat' dir='ltr'>submarina,</span> <span class='ocrx_word' id='word_1_109' title='bbox 1285 1226 1318 1264; x_wconf 88' lang='lat' dir='ltr'>si</span> <span class='ocrx_word' id='word_1_110' title='bbox 1346 1227 1396 1264; x_wconf 92' lang='lat' dir='ltr'>ita</span> <span class='ocrx_word' id='word_1_111' title='bbox 1423 1225 1546 1264; x_wconf 81' lang='lat' dir='ltr'>dicere</span> <span class='ocrx_word' id='word_1_112' title='bbox 1572 1224 1705 1274; x_wconf 88' lang='lat' dir='ltr'>liccat,</span> 
     </span>
     <span class='ocr_line' id='line_1_17' title="bbox 60 1294 1704 1347; baseline -0.002 -13"><span class='ocrx_word' id='word_1_113' title='bbox 60 1295 216 1347; x_wconf 74' lang='lat' dir='ltr'>caliqo,</span> <span class='ocrx_word' id='word_1_114' title='bbox 248 1296 498 1334; x_wconf 75' lang='lat' dir='ltr'>nominativus</span> <span class='ocrx_word' id='word_1_115' title='bbox 521 1297 592 1335; x_wconf 84' lang='lat' dir='ltr'>est.</span> <span class='ocrx_word' id='word_1_116' title='bbox 638 1295 694 1334; x_wconf 86' lang='lat' dir='ltr'>Ea</span> <span class='ocrx_word' id='word_1_117' title='bbox 714 1294 860 1344; x_wconf 87' lang='lat' dir='ltr'>caligo,</span> <span class='ocrx_word' id='word_1_118' title='bbox 893 1307 999 1347; x_wconf 89' lang='lat' dir='ltr'>quum</span> <span class='ocrx_word' id='word_1_119' title='bbox 1031 1294 1072 1333; x_wconf 84' lang='lat' dir='ltr'>lit</span> <span class='ocrx_word' id='word_1_120' title='bbox 1101 1296 1329 1345; x_wconf 78' lang='lat' dir='ltr'>tempestas,</span> <span class='ocrx_word' id='word_1_121' title='bbox 1361 1295 1489 1334; x_wconf 86' lang='lat' dir='ltr'>ventis</span> <span class='ocrx_word' id='word_1_122' title='bbox 1519 1294 1704 1342; x_wconf 87' lang='lat' dir='ltr'>ingruen-</span> 
     </span>
     <span class='ocr_line' id='line_1_18' title="bbox 61 1361 1706 1416; baseline -0.001 -14"><span class='ocrx_word' id='word_1_123' title='bbox 61 1365 184 1411; x_wconf 87' lang='lat' dir='ltr'>tibus,</span> <span class='ocrx_word' id='word_1_124' title='bbox 216 1364 386 1403; x_wconf 88' lang='lat' dir='ltr'>ascendit</span> <span class='ocrx_word' id='word_1_125' title='bbox 416 1364 450 1401; x_wconf 90' lang='lat' dir='ltr'>in</span> <span class='ocrx_word' id='word_1_126' title='bbox 476 1363 711 1414; x_wconf 80' lang='lat' dir='ltr'>superficiem</span> <span class='ocrx_word' id='word_1_127' title='bbox 734 1363 867 1411; x_wconf 89' lang='lat' dir='ltr'>maris,</span> <span class='ocrx_word' id='word_1_128' title='bbox 900 1362 1130 1415; x_wconf 85' lang='lat' dir='ltr'>fluctusque,</span> <span class='ocrx_word' id='word_1_129' title='bbox 1161 1363 1246 1416; x_wconf 84' lang='lat' dir='ltr'>qui,</span> <span class='ocrx_word' id='word_1_130' title='bbox 1271 1361 1468 1415; x_wconf 87' lang='lat' dir='ltr'>tranquillo</span> <span class='ocrx_word' id='word_1_131' title='bbox 1492 1362 1604 1411; x_wconf 86' lang='lat' dir='ltr'>mari,</span> <span class='ocrx_word' id='word_1_132' title='bbox 1633 1374 1706 1400; x_wconf 90' lang='lat' dir='ltr'>non</span> 
     </span>
     <span class='ocr_line' id='line_1_19' title="bbox 61 1424 1706 1484; baseline -0.001 -14"><span class='ocrx_word' id='word_1_133' title='bbox 61 1436 150 1472; x_wconf 90' lang='lat' dir='ltr'>sunt</span> <span class='ocrx_word' id='word_1_134' title='bbox 181 1433 304 1482; x_wconf 83' lang='lat' dir='ltr'>nigri,</span> <span class='ocrx_word' id='word_1_135' title='bbox 345 1436 505 1482; x_wconf 82' lang='lat' dir='ltr'>occupat</span> <span class='ocrx_word' id='word_1_136' title='bbox 535 1434 646 1484; x_wconf 86' lang='lat' dir='ltr'>atque</span> <span class='ocrx_word' id='word_1_137' title='bbox 679 1432 798 1470; x_wconf 85' lang='lat' dir='ltr'>inficit</span> <span class='ocrx_word' id='word_1_138' title='bbox 829 1432 983 1480; x_wconf 78' lang='lat' dir='ltr'>nigrore</span> <span class='ocrx_word' id='word_1_139' title='bbox 1015 1444 1098 1470; x_wconf 90' lang='lat' dir='ltr'>suo.</span> <span class='ocrx_word' id='word_1_140' title='bbox 1147 1424 1277 1478; x_wconf 79' lang='grc' dir='ltr'><em>οἶδμα</em></span> <span class='ocrx_word' id='word_1_141' title='bbox 1308 1432 1579 1479; x_wconf 85' lang='lat' dir='ltr'>accusativus,</span> <span class='ocrx_word' id='word_1_142' title='bbox 1608 1443 1706 1482; x_wconf 85' lang='lat' dir='ltr'>pen-</span> 
     </span>
     <span class='ocr_line' id='line_1_20' title="bbox 62 1491 1708 1551; baseline -0.001 -12"><span class='ocrx_word' id='word_1_143' title='bbox 62 1500 157 1539; x_wconf 85' lang='lat' dir='ltr'>dens</span> <span class='ocrx_word' id='word_1_144' title='bbox 187 1500 234 1539; x_wconf 87' lang='lat' dir='ltr'>ab</span> <span class='ocrx_word' id='word_1_145' title='bbox 266 1495 505 1550; x_wconf 75' lang='grc' dir='ltr'><em>ἑπιδράμῃι</em></span> <span class='ocrx_word' id='word_1_146' title='bbox 546 1499 613 1539; x_wconf 88' lang='lat' dir='ltr'>sed</span> <span class='ocrx_word' id='word_1_147' title='bbox 645 1499 690 1538; x_wconf 88' lang='lat' dir='ltr'>ad</span> <span class='ocrx_word' id='word_1_148' title='bbox 724 1497 913 1535; x_wconf 67' lang='grc' dir='ltr'><em>κυλίνδει</em></span> <span class='ocrx_word' id='word_1_149' title='bbox 951 1512 1082 1538; x_wconf 90' lang='lat' dir='ltr'>rursus</span> <span class='ocrx_word' id='word_1_150' title='bbox 1112 1499 1347 1551; x_wconf 86' lang='lat' dir='ltr'>supplendus</span> <span class='ocrx_word' id='word_1_151' title='bbox 1384 1502 1444 1540; x_wconf 83' lang='lat' dir='ltr'>est</span> <span class='ocrx_word' id='word_1_152' title='bbox 1476 1491 1605 1546; x_wconf 79' lang='grc' dir='ltr'><em>οἶδμα</em></span> <span class='ocrx_word' id='word_1_153' title='bbox 1636 1511 1708 1538; x_wconf 88' lang='lat' dir='ltr'>no-</span> 
     </span>
     <span class='ocr_line' id='line_1_21' title="bbox 61 1569 275 1608; baseline 0 -1"><span class='ocrx_word' id='word_1_154' title='bbox 61 1569 275 1608; x_wconf 59' lang='lat' dir='ltr'>minatis-us.</span> 
     </span>
    </p>

    <p class='ocr_par' dir='ltr' id='par_1_9' title="bbox 59 1635 1709 2239">
     <span class='ocr_line' id='line_1_22' title="bbox 148 1635 1708 1690; baseline 0 -14"><span class='ocrx_word' id='word_1_155' title='bbox 148 1636 287 1676; x_wconf 91' lang='lat' dir='ltr'>Verum</span> <span class='ocrx_word' id='word_1_156' title='bbox 318 1636 391 1676; x_wconf 90' lang='lat' dir='ltr'>ista</span> <span class='ocrx_word' id='word_1_157' title='bbox 423 1636 573 1686; x_wconf 85' lang='lat' dir='ltr'>Ovidii,</span> <span class='ocrx_word' id='word_1_158' title='bbox 605 1635 785 1686; x_wconf 83' lang='lat' dir='ltr'>Virgilii,</span> <span class='ocrx_word' id='word_1_159' title='bbox 827 1635 1035 1688; x_wconf 87' lang='lat' dir='ltr'>Sophoclis</span> <span class='ocrx_word' id='word_1_160' title='bbox 1065 1636 1242 1689; x_wconf 88' lang='lat' dir='ltr'>exempla</span> <span class='ocrx_word' id='word_1_161' title='bbox 1271 1640 1452 1690; x_wconf 85' lang='lat' dir='ltr'>tamquam</span> <span class='ocrx_word' id='word_1_162' title='bbox 1483 1636 1617 1676; x_wconf 86' lang='lat' dir='ltr'>similia</span> <span class='ocrx_word' id='word_1_163' title='bbox 1645 1639 1708 1676; x_wconf 79' lang='lat' dir='ltr'>at-</span> 
     </span>
     <span class='ocr_line' id='line_1_23' title="bbox 63 1704 1709 1758; baseline 0.001 -14"><span class='ocrx_word' id='word_1_164' title='bbox 63 1705 152 1755; x_wconf 87' lang='lat' dir='ltr'>tuli,</span> <span class='ocrx_word' id='word_1_165' title='bbox 191 1717 263 1744; x_wconf 88' lang='lat' dir='ltr'>non</span> <span class='ocrx_word' id='word_1_166' title='bbox 294 1708 475 1758; x_wconf 83' lang='lat' dir='ltr'>tamquam</span> <span class='ocrx_word' id='word_1_167' title='bbox 507 1706 602 1744; x_wconf 86' lang='lat' dir='ltr'>idem</span> <span class='ocrx_word' id='word_1_168' title='bbox 638 1706 906 1755; x_wconf 83' lang='lat' dir='ltr'>significantia.</span> <span class='ocrx_word' id='word_1_169' title='bbox 966 1704 1063 1745; x_wconf 85' lang='lat' dir='ltr'>Cato</span> <span class='ocrx_word' id='word_1_170' title='bbox 1094 1706 1308 1757; x_wconf 87' lang='lat' dir='ltr'>Neptunum</span> <span class='ocrx_word' id='word_1_171' title='bbox 1340 1719 1413 1745; x_wconf 89' lang='lat' dir='ltr'>non</span> <span class='ocrx_word' id='word_1_172' title='bbox 1443 1718 1602 1756; x_wconf 85' lang='lat' dir='ltr'>arenas,</span> <span class='ocrx_word' id='word_1_173' title='bbox 1638 1705 1709 1745; x_wconf 85' lang='lat' dir='ltr'>sed</span> 
     </span>
     <span class='ocr_line' id='line_1_24' title="bbox 59 1774 1707 1828; baseline -0.001 -14"><span class='ocrx_word' id='word_1_174' title='bbox 59 1776 219 1827; x_wconf 79' lang='lat' dir='ltr'>fuscum</span> <span class='ocrx_word' id='word_1_175' title='bbox 249 1778 415 1815; x_wconf 81' lang='lat' dir='ltr'>cinerem</span> <span class='ocrx_word' id='word_1_176' title='bbox 447 1775 611 1814; x_wconf 73' lang='lat' dir='ltr'>eiectare</span> <span class='ocrx_word' id='word_1_177' title='bbox 643 1774 767 1821; x_wconf 82' lang='lat' dir='ltr'>iubet,</span> <span class='ocrx_word' id='word_1_178' title='bbox 811 1775 959 1814; x_wconf 87' lang='lat' dir='ltr'>scilicet</span> <span class='ocrx_word' id='word_1_179' title='bbox 990 1776 1175 1820; x_wconf 78' lang='lat' dir='ltr'>cinerem,</span> <span class='ocrx_word' id='word_1_180' title='bbox 1216 1776 1277 1828; x_wconf 88' lang='lat' dir='ltr'>qui</span> <span class='ocrx_word' id='word_1_181' title='bbox 1316 1775 1489 1815; x_wconf 86' lang='lat' dir='ltr'>restabat</span> <span class='ocrx_word' id='word_1_182' title='bbox 1527 1775 1573 1814; x_wconf 89' lang='lat' dir='ltr'>de</span> <span class='ocrx_word' id='word_1_183' title='bbox 1605 1787 1707 1814; x_wconf 89' lang='lat' dir='ltr'>com-</span> 
     </span>
     <span class='ocr_line' id='line_1_25' title="bbox 61 1843 1708 1893; baseline 0 -11"><span class='ocrx_word' id='word_1_184' title='bbox 61 1844 173 1883; x_wconf 87' lang='lat' dir='ltr'>busto</span> <span class='ocrx_word' id='word_1_185' title='bbox 204 1856 325 1893; x_wconf 89' lang='lat' dir='ltr'>agro:</span> <span class='ocrx_word' id='word_1_186' title='bbox 369 1846 417 1883; x_wconf 84' lang='lat' dir='ltr'>cf.</span> <span class='ocrx_word' id='word_1_187' title='bbox 451 1858 489 1882; x_wconf 84' lang='lat' dir='ltr'>v.</span> <span class='ocrx_word' id='word_1_188' title='bbox 523 1847 589 1883; x_wconf 83' lang='lat'>46.</span> <span class='ocrx_word' id='word_1_189' title='bbox 651 1844 770 1883; x_wconf 87' lang='lat' dir='ltr'>Nemo</span> <span class='ocrx_word' id='word_1_190' title='bbox 813 1843 907 1883; x_wconf 81' lang='lat' dir='ltr'>haec</span> <span class='ocrx_word' id='word_1_191' title='bbox 944 1848 1046 1884; x_wconf 87' lang='lat' dir='ltr'>rcctc</span> <span class='ocrx_word' id='word_1_192' title='bbox 1084 1844 1288 1884; x_wconf 83' lang='lat' dir='ltr'>intellexit.</span> <span class='ocrx_word' id='word_1_193' title='bbox 1342 1843 1473 1884; x_wconf 89' lang='lat' dir='ltr'>Gloss.</span> <span class='ocrx_word' id='word_1_194' title='bbox 1506 1844 1554 1883; x_wconf 91' lang='lat' dir='ltr'>V.</span> <span class='ocrx_word' id='word_1_195' title='bbox 1588 1843 1618 1883; x_wconf 90' lang='grc' dir='ltr'>Ι.</span> <span class='ocrx_word' id='word_1_196' title='bbox 1658 1856 1708 1882; x_wconf 85' lang='lat' dir='ltr'>ex</span> 
     </span>
     <span class='ocr_line' id='line_1_26' title="bbox 62 1912 1708 1966; baseline 0.001 -15"><span class='ocrx_word' id='word_1_197' title='bbox 62 1916 170 1963; x_wconf 86' lang='lat' dir='ltr'>parte</span> <span class='ocrx_word' id='word_1_198' title='bbox 200 1925 270 1951; x_wconf 89' lang='lat' dir='ltr'>non</span> <span class='ocrx_word' id='word_1_199' title='bbox 302 1912 417 1952; x_wconf 89' lang='lat' dir='ltr'>male:</span> <span class='ocrx_word' id='word_1_200' title='bbox 449 1920 597 1953; x_wconf 81' lang='lat' dir='ltr'>terram</span> <span class='ocrx_word' id='word_1_201' title='bbox 626 1916 779 1964; x_wconf 64' lang='lat' dir='ltr'>myram</span> <span class='ocrx_word' id='word_1_202' title='bbox 811 1914 860 1953; x_wconf 72' lang='lat' dir='ltr'>(Ie</span> <span class='ocrx_word' id='word_1_203' title='bbox 890 1917 1006 1966; x_wconf 69' lang='lat' dir='ltr'>ayris</span> <span class='ocrx_word' id='word_1_204' title='bbox 1037 1916 1206 1953; x_wconf 79' lang='lat' dir='ltr'>nostris.</span> <span class='ocrx_word' id='word_1_205' title='bbox 1237 1916 1275 1953; x_wconf 87' lang='lat' dir='ltr'>at</span> <span class='ocrx_word' id='word_1_206' title='bbox 1307 1926 1399 1952; x_wconf 91' lang='lat' dir='ltr'>vero</span> <span class='ocrx_word' id='word_1_207' title='bbox 1422 1915 1525 1953; x_wconf 81' lang='lat' dir='ltr'>cinis</span> <span class='ocrx_word' id='word_1_208' title='bbox 1551 1925 1624 1952; x_wconf 88' lang='lat' dir='ltr'>non</span> <span class='ocrx_word' id='word_1_209' title='bbox 1648 1915 1708 1953; x_wconf 81' lang='lat' dir='ltr'>est</span> 
     </span>
     <span class='ocr_line' id='line_1_27' title="bbox 62 1981 1708 2034; baseline 0.001 -14"><span class='ocrx_word' id='word_1_210' title='bbox 62 1984 175 2021; x_wconf 80' lang='lat' dir='ltr'>terra.</span> <span class='ocrx_word' id='word_1_211' title='bbox 263 1982 312 2021; x_wconf 87' lang='lat' dir='ltr'>Et</span> <span class='ocrx_word' id='word_1_212' title='bbox 341 1983 557 2022; x_wconf 60' lang='lat' dir='ltr'>exhauriat</span> <span class='ocrx_word' id='word_1_213' title='bbox 587 1981 673 2033; x_wconf 92' lang='lat' dir='ltr'>plus</span> <span class='ocrx_word' id='word_1_214' title='bbox 705 1981 830 2026; x_wconf 78' lang='lat' dir='ltr'>valet,</span> <span class='ocrx_word' id='word_1_215' title='bbox 865 1995 972 2034; x_wconf 89' lang='lat' dir='ltr'>quam</span> <span class='ocrx_word' id='word_1_216' title='bbox 1002 1982 1100 2033; x_wconf 90' lang='lat' dir='ltr'>apud</span> <span class='ocrx_word' id='word_1_217' title='bbox 1132 1986 1268 2033; x_wconf 86' lang='lat' dir='ltr'>poetas</span> <span class='ocrx_word' id='word_1_218' title='bbox 1301 1982 1387 2022; x_wconf 86' lang='lat' dir='ltr'>illos</span> <span class='ocrx_word' id='word_1_219' title='bbox 1418 1984 1567 2031; x_wconf 82' lang='lat' dir='ltr'>verrit,</span> <span class='ocrx_word' id='word_1_220' title='bbox 1608 1981 1708 2021; x_wconf 77' lang='lat' dir='ltr'>snb-</span> 
     </span>
     <span class='ocr_line' id='line_1_28' title="bbox 62 2047 1708 2103; baseline -0.001 -13"><span class='ocrx_word' id='word_1_221' title='bbox 62 2056 224 2100; x_wconf 70' lang='lat' dir='ltr'>vectat,</span> <span class='ocrx_word' id='word_1_222' title='bbox 249 2047 450 2090; x_wconf 73' lang='grc' dir='ltr'><em>κυλίνδει.</em></span> <span class='ocrx_word' id='word_1_223' title='bbox 485 2051 576 2092; x_wconf 84' lang='lat' dir='ltr'>Vult</span> <span class='ocrx_word' id='word_1_224' title='bbox 601 2052 694 2090; x_wconf 87' lang='lat' dir='ltr'>enim</span> <span class='ocrx_word' id='word_1_225' title='bbox 724 2051 821 2091; x_wconf 88' lang='lat' dir='ltr'>Cato</span> <span class='ocrx_word' id='word_1_226' title='bbox 853 2052 1005 2102; x_wconf 84' lang='lat' dir='ltr'>proprie</span> <span class='ocrx_word' id='word_1_227' title='bbox 1035 2052 1262 2100; x_wconf 66' lang='lat' dir='ltr'>exhauriri,</span> <span class='ocrx_word' id='word_1_228' title='bbox 1293 2054 1331 2091; x_wconf 87' lang='lat' dir='ltr'>et</span> <span class='ocrx_word' id='word_1_229' title='bbox 1351 2063 1508 2103; x_wconf 88' lang='lat' dir='ltr'>prorsus</span> <span class='ocrx_word' id='word_1_230' title='bbox 1533 2051 1708 2102; x_wconf 82' lang='lat' dir='ltr'>dispergi</span> 
     </span>
     <span class='ocr_line' id='line_1_29' title="bbox 64 2119 1707 2172; baseline 0.001 -15"><span class='ocrx_word' id='word_1_231' title='bbox 64 2119 247 2164; x_wconf 86' lang='lat' dir='ltr'>cinerem,</span> <span class='ocrx_word' id='word_1_232' title='bbox 281 2122 319 2159; x_wconf 91' lang='lat' dir='ltr'>ut</span> <span class='ocrx_word' id='word_1_233' title='bbox 349 2119 461 2171; x_wconf 86' lang='lat' dir='ltr'>plane</span> <span class='ocrx_word' id='word_1_234' title='bbox 492 2119 581 2159; x_wconf 87' lang='lat' dir='ltr'>nihil</span> <span class='ocrx_word' id='word_1_235' title='bbox 613 2123 735 2160; x_wconf 87' lang='lat' dir='ltr'>restet</span> <span class='ocrx_word' id='word_1_236' title='bbox 766 2120 812 2159; x_wconf 86' lang='lat' dir='ltr'>de</span> <span class='ocrx_word' id='word_1_237' title='bbox 842 2133 939 2170; x_wconf 87' lang='lat' dir='ltr'>agro</span> <span class='ocrx_word' id='word_1_238' title='bbox 971 2133 1055 2160; x_wconf 88' lang='lat' dir='ltr'>suo.</span> <span class='ocrx_word' id='word_1_239' title='bbox 1116 2122 1232 2162; x_wconf 79' lang='lat' dir='ltr'>canis</span> <span class='ocrx_word' id='word_1_240' title='bbox 1272 2121 1404 2172; x_wconf 83' lang='lat' dir='ltr'>undis,</span> <span class='ocrx_word' id='word_1_241' title='bbox 1442 2121 1466 2159; x_wconf 87' lang='lat' dir='ltr'>i.</span> <span class='ocrx_word' id='word_1_242' title='bbox 1500 2132 1535 2159; x_wconf 88' lang='lat' dir='ltr'>e.</span> <span class='ocrx_word' id='word_1_243' title='bbox 1572 2119 1707 2159; x_wconf 85' lang='lat' dir='ltr'>alben-</span> 
     </span>
     <span class='ocr_line' id='line_1_30' title="bbox 63 2187 399 2239; baseline 0.006 -13"><span class='ocrx_word' id='word_1_244' title='bbox 63 2187 189 2238; x_wconf 88' lang='lat' dir='ltr'>tibus,</span> <span class='ocrx_word' id='word_1_245' title='bbox 220 2190 399 2239; x_wconf 84' lang='lat' dir='ltr'>spumeis.</span> 
     </span>
    </p>
   </div>
   <div class='ocr_carea' id='block_1_3' title="bbox 62 2325 1711 2449">
    <p class='ocr_par' dir='ltr' id='par_1_10' title="bbox 62 2325 1711 2449">
     <span class='ocr_line' id='line_1_31' title="bbox 149 2325 1711 2371; baseline 0.004 -6"><span class='ocrx_word' id='word_1_246' title='bbox 149 2325 200 2365; x_wconf 87' lang='lat' dir='ltr'>V.</span> <span class='ocrx_word' id='word_1_247' title='bbox 234 2329 299 2364; x_wconf 86' lang='grc'>61.</span> <span class='ocrx_word' id='word_1_248' title='bbox 362 2335 602 2370; x_wconf 83' lang='lat' dir='ltr'><strong>DICANTUR</strong></span> <span class='ocrx_word' id='word_1_249' title='bbox 634 2336 735 2370; x_wconf 85' lang='grc' dir='ltr'>ΜΕΑ</span> <span class='ocrx_word' id='word_1_250' title='bbox 771 2336 900 2370; x_wconf 81' lang='lat' dir='ltr'><strong>RURA</strong></span> <span class='ocrx_word' id='word_1_251' title='bbox 935 2335 1097 2370; x_wconf 76' lang='lat' dir='ltr'><strong>FERUM</strong></span> <span class='ocrx_word' id='word_1_252' title='bbox 1122 2335 1273 2370; x_wconf 79' lang='lat' dir='ltr'><strong>MARE.</strong></span> <span class='ocrx_word' id='word_1_253' title='bbox 1322 2335 1484 2370; x_wconf 83' lang='lat' dir='ltr'>NAU&#39;rA</span> <span class='ocrx_word' id='word_1_254' title='bbox 1510 2335 1711 2371; x_wconf 76' lang='lat' dir='ltr'>CAVETss.</span> 
     </span>
     <span class='ocr_line' id='line_1_32' title="bbox 62 2394 1708 2449; baseline 0 -15"><span class='ocrx_word' id='word_1_255' title='bbox 62 2395 212 2447; x_wconf 82' lang='lat' dir='ltr'>ferrum</span> <span class='ocrx_word' id='word_1_256' title='bbox 241 2394 414 2433; x_wconf 81' lang='lat' dir='ltr'>Venetae</span> <span class='ocrx_word' id='word_1_257' title='bbox 444 2394 544 2434; x_wconf 85' lang='lat' dir='ltr'>Rub.</span> <span class='ocrx_word' id='word_1_258' title='bbox 578 2397 727 2446; x_wconf 88' lang='lat' dir='ltr'>vitium,</span> <span class='ocrx_word' id='word_1_259' title='bbox 759 2409 865 2449; x_wconf 91' lang='lat' dir='ltr'>quum</span> <span class='ocrx_word' id='word_1_260' title='bbox 898 2400 1106 2437; x_wconf 86' lang='lat' dir='ltr'>correctum</span> <span class='ocrx_word' id='word_1_261' title='bbox 1136 2397 1274 2435; x_wconf 83' lang='lat' dir='ltr'>suisset</span> <span class='ocrx_word' id='word_1_262' title='bbox 1305 2397 1341 2435; x_wconf 90' lang='lat' dir='ltr'>in</span> <span class='ocrx_word' id='word_1_263' title='bbox 1367 2396 1594 2445; x_wconf 88' lang='lat' dir='ltr'>Vicentina,</span> <span class='ocrx_word' id='word_1_264' title='bbox 1623 2407 1708 2434; x_wconf 89' lang='lat' dir='ltr'>rur-</span> 
     </span>
    </p>
   </div>
   <div class='ocr_carea' id='block_1_4' title="bbox 63 2464 1708 3068">
    <p class='ocr_par' dir='ltr' id='par_1_11' title="bbox 63 2464 1708 3068">
     <span class='ocr_line' id='line_1_33' title="bbox 64 2464 1708 2516; baseline 0.001 -13"><span class='ocrx_word' id='word_1_265' title='bbox 64 2476 130 2503; x_wconf 88' lang='lat' dir='ltr'>sus</span> <span class='ocrx_word' id='word_1_266' title='bbox 162 2467 352 2514; x_wconf 85' lang='lat' dir='ltr'>comparct</span> <span class='ocrx_word' id='word_1_267' title='bbox 382 2464 418 2502; x_wconf 88' lang='lat' dir='ltr'>in</span> <span class='ocrx_word' id='word_1_268' title='bbox 449 2464 602 2503; x_wconf 84' lang='lat' dir='ltr'>vitiosis</span> <span class='ocrx_word' id='word_1_269' title='bbox 632 2466 936 2516; x_wconf 74' lang='lat' dir='ltr'>posterioribus,</span> <span class='ocrx_word' id='word_1_270' title='bbox 968 2465 1136 2504; x_wconf 83' lang='lat' dir='ltr'>Norimb.</span> <span class='ocrx_word' id='word_1_271' title='bbox 1172 2467 1294 2504; x_wconf 82' lang='lat'>1492.</span> <span class='ocrx_word' id='word_1_272' title='bbox 1334 2465 1432 2504; x_wconf 87' lang='lat' dir='ltr'>Ven.</span> <span class='ocrx_word' id='word_1_273' title='bbox 1468 2468 1590 2504; x_wconf 72' lang='lat'>1499.</span> <span class='ocrx_word' id='word_1_274' title='bbox 1637 2479 1708 2504; x_wconf 86' lang='lat' dir='ltr'>ne-</span> 
     </span>
     <span class='ocr_line' id='line_1_34' title="bbox 63 2532 1708 2586; baseline -0.001 -13"><span class='ocrx_word' id='word_1_275' title='bbox 63 2546 147 2573; x_wconf 81' lang='lat' dir='ltr'>rum</span> <span class='ocrx_word' id='word_1_276' title='bbox 176 2546 283 2572; x_wconf 85' lang='lat' dir='ltr'>mare</span> <span class='ocrx_word' id='word_1_277' title='bbox 312 2532 409 2571; x_wconf 66' lang='grc' dir='ltr'>Μυῒ.</span> <span class='ocrx_word' id='word_1_278' title='bbox 457 2546 565 2573; x_wconf 82' lang='lat' dir='ltr'>mare</span> <span class='ocrx_word' id='word_1_279' title='bbox 595 2533 703 2573; x_wconf 88' lang='lat' dir='ltr'>deest</span> <span class='ocrx_word' id='word_1_280' title='bbox 734 2533 842 2575; x_wconf 86' lang='lat' dir='ltr'>Vrat.</span> <span class='ocrx_word' id='word_1_281' title='bbox 876 2534 905 2574; x_wconf 90' lang='lat' dir='ltr'>l.</span> <span class='ocrx_word' id='word_1_282' title='bbox 938 2541 1035 2574; x_wconf 79' lang='lat' dir='ltr'>nuta</span> <span class='ocrx_word' id='word_1_283' title='bbox 1065 2547 1134 2586; x_wconf 87' lang='lat' dir='ltr'>pro</span> <span class='ocrx_word' id='word_1_284' title='bbox 1165 2540 1293 2573; x_wconf 79' lang='lat' dir='ltr'>nauta</span> <span class='ocrx_word' id='word_1_285' title='bbox 1323 2534 1446 2573; x_wconf 88' lang='lat' dir='ltr'>Paris.</span> <span class='ocrx_word' id='word_1_286' title='bbox 1479 2533 1549 2573; x_wconf 89' lang='lat' dir='ltr'>IV.</span> <span class='ocrx_word' id='word_1_287' title='bbox 1598 2534 1708 2572; x_wconf 87' lang='lat' dir='ltr'>Box-</span> 
     </span>
     <span class='ocr_line' id='line_1_35' title="bbox 64 2601 1708 2654; baseline 0.001 -14"><span class='ocrx_word' id='word_1_288' title='bbox 64 2601 220 2641; x_wconf 89' lang='lat' dir='ltr'>hornius</span> <span class='ocrx_word' id='word_1_289' title='bbox 250 2615 390 2641; x_wconf 70' lang='lat' dir='ltr'>merum</span> <span class='ocrx_word' id='word_1_290' title='bbox 421 2614 527 2641; x_wconf 84' lang='lat' dir='ltr'>mare</span> <span class='ocrx_word' id='word_1_291' title='bbox 557 2603 732 2642; x_wconf 84' lang='lat' dir='ltr'>malebat.</span> <span class='ocrx_word' id='word_1_292' title='bbox 794 2603 956 2643; x_wconf 87' lang='lat' dir='ltr'>Sensum</span> <span class='ocrx_word' id='word_1_293' title='bbox 995 2604 1064 2642; x_wconf 85' lang='lat' dir='ltr'>iam</span> <span class='ocrx_word' id='word_1_294' title='bbox 1103 2604 1367 2654; x_wconf 84' lang='lat' dir='ltr'>patefecerunt</span> <span class='ocrx_word' id='word_1_295' title='bbox 1406 2603 1574 2642; x_wconf 85' lang='lat' dir='ltr'>editores</span> <span class='ocrx_word' id='word_1_296' title='bbox 1610 2614 1708 2640; x_wconf 89' lang='lat' dir='ltr'>non-</span> 
     </span>
     <span class='ocr_line' id='line_1_36' title="bbox 65 2670 1707 2726; baseline -0.001 -17"><span class='ocrx_word' id='word_1_297' title='bbox 65 2670 155 2709; x_wconf 89' lang='lat' dir='ltr'>nulli</span> <span class='ocrx_word' id='word_1_298' title='bbox 183 2670 439 2722; x_wconf 84' lang='lat' dir='ltr'>antiquiores,</span> <span class='ocrx_word' id='word_1_299' title='bbox 484 2673 524 2709; x_wconf 91' lang='lat' dir='ltr'>ut</span> <span class='ocrx_word' id='word_1_300' title='bbox 555 2670 734 2720; x_wconf 82' lang='lat' dir='ltr'>RuheuS,</span> <span class='ocrx_word' id='word_1_301' title='bbox 772 2672 854 2712; x_wconf 92' lang='lat' dir='ltr'>dum</span> <span class='ocrx_word' id='word_1_302' title='bbox 887 2672 997 2712; x_wconf 89' lang='lat' dir='ltr'>colon</span> <span class='ocrx_word' id='word_1_303' title='bbox 1027 2675 1172 2724; x_wconf 86' lang='lat' dir='ltr'>ponunt</span> <span class='ocrx_word' id='word_1_304' title='bbox 1202 2675 1292 2726; x_wconf 89' lang='lat' dir='ltr'>post</span> <span class='ocrx_word' id='word_1_305' title='bbox 1322 2685 1439 2712; x_wconf 82' lang='lat' dir='ltr'>rura:</span> <span class='ocrx_word' id='word_1_306' title='bbox 1478 2675 1517 2711; x_wconf 89' lang='lat' dir='ltr'>et</span> <span class='ocrx_word' id='word_1_307' title='bbox 1553 2671 1707 2710; x_wconf 86' lang='lat' dir='ltr'>alterum</span> 
     </span>
     <span class='ocr_line' id='line_1_37' title="bbox 67 2737 1706 2795; baseline -0.002 -16"><span class='ocrx_word' id='word_1_308' title='bbox 67 2739 176 2779; x_wconf 85' lang='lat' dir='ltr'>colon</span> <span class='ocrx_word' id='word_1_309' title='bbox 208 2743 296 2791; x_wconf 88' lang='lat' dir='ltr'>post</span> <span class='ocrx_word' id='word_1_310' title='bbox 326 2751 446 2778; x_wconf 83' lang='lat' dir='ltr'>mare.</span> <span class='ocrx_word' id='word_1_311' title='bbox 486 2738 624 2779; x_wconf 81' lang='lat' dir='ltr'>Ferum</span> <span class='ocrx_word' id='word_1_312' title='bbox 650 2741 773 2781; x_wconf 85' lang='lat' dir='ltr'>Mare</span> <span class='ocrx_word' id='word_1_313' title='bbox 803 2740 1009 2792; x_wconf 83' lang='lat' dir='ltr'>appellatio</span> <span class='ocrx_word' id='word_1_314' title='bbox 1041 2744 1122 2792; x_wconf 85' lang='lat' dir='ltr'>est,</span> <span class='ocrx_word' id='word_1_315' title='bbox 1152 2754 1258 2795; x_wconf 86' lang='lat' dir='ltr'>quarn</span> <span class='ocrx_word' id='word_1_316' title='bbox 1291 2741 1387 2782; x_wconf 88' lang='lat' dir='ltr'>Cato</span> <span class='ocrx_word' id='word_1_317' title='bbox 1419 2741 1629 2791; x_wconf 87' lang='lat' dir='ltr'>impositum</span> <span class='ocrx_word' id='word_1_318' title='bbox 1661 2737 1706 2777; x_wconf 85' lang='lat' dir='ltr'>iri</span> 
     </span>
     <span class='ocr_line' id='line_1_38' title="bbox 65 2806 1707 2863; baseline -0.001 -16"><span class='ocrx_word' id='word_1_319' title='bbox 65 2809 155 2847; x_wconf 89' lang='lat' dir='ltr'>mari</span> <span class='ocrx_word' id='word_1_320' title='bbox 186 2809 243 2859; x_wconf 86' lang='lat' dir='ltr'>ei,</span> <span class='ocrx_word' id='word_1_321' title='bbox 275 2807 373 2860; x_wconf 88' lang='lat' dir='ltr'>quod</span> <span class='ocrx_word' id='word_1_322' title='bbox 405 2806 487 2846; x_wconf 83' lang='lat' dir='ltr'>vult</span> <span class='ocrx_word' id='word_1_323' title='bbox 517 2819 566 2846; x_wconf 87' lang='lat' dir='ltr'>ex</span> <span class='ocrx_word' id='word_1_324' title='bbox 597 2820 666 2848; x_wconf 87' lang='lat' dir='ltr'>suo</span> <span class='ocrx_word' id='word_1_325' title='bbox 696 2821 793 2858; x_wconf 86' lang='lat' dir='ltr'>agro</span> <span class='ocrx_word' id='word_1_326' title='bbox 818 2810 918 2859; x_wconf 84' lang='lat' dir='ltr'>fieri,</span> <span class='ocrx_word' id='word_1_327' title='bbox 950 2812 1178 2860; x_wconf 80' lang='lat' dir='ltr'>auguratur:</span> <span class='ocrx_word' id='word_1_328' title='bbox 1211 2811 1336 2851; x_wconf 88' lang='lat' dir='ltr'>Mare</span> <span class='ocrx_word' id='word_1_329' title='bbox 1355 2811 1507 2863; x_wconf 80' lang='lat' dir='ltr'>ferum,</span> <span class='ocrx_word' id='word_1_330' title='bbox 1539 2810 1578 2847; x_wconf 86' lang='lat' dir='ltr'>ut</span> <span class='ocrx_word' id='word_1_331' title='bbox 1596 2807 1707 2847; x_wconf 83' lang='lat' dir='ltr'>Mare</span> 
     </span>
     <span class='ocr_line' id='line_1_39' title="bbox 66 2876 1708 2932; baseline 0 -17"><span class='ocrx_word' id='word_1_332' title='bbox 66 2889 260 2928; x_wconf 88' lang='lat' dir='ltr'>magnum,</span> <span class='ocrx_word' id='word_1_333' title='bbox 291 2877 403 2916; x_wconf 86' lang='lat' dir='ltr'>Mare</span> <span class='ocrx_word' id='word_1_334' title='bbox 434 2876 604 2924; x_wconf 90' lang='lat' dir='ltr'>rubrum,</span> <span class='ocrx_word' id='word_1_335' title='bbox 635 2877 744 2917; x_wconf 85' lang='lat' dir='ltr'>Mare</span> <span class='ocrx_word' id='word_1_336' title='bbox 774 2881 969 2918; x_wconf 90' lang='lat' dir='ltr'>mortuum.</span> <span class='ocrx_word' id='word_1_337' title='bbox 1015 2879 1084 2920; x_wconf 90' lang='lat' dir='ltr'>Sic</span> <span class='ocrx_word' id='word_1_338' title='bbox 1113 2892 1229 2932; x_wconf 89' lang='lat' dir='ltr'>supra</span> <span class='ocrx_word' id='word_1_339' title='bbox 1253 2879 1388 2931; x_wconf 84' lang='lat' dir='ltr'>Syrtin</span> <span class='ocrx_word' id='word_1_340' title='bbox 1418 2878 1498 2918; x_wconf 86' lang='lat' dir='ltr'>ficri</span> <span class='ocrx_word' id='word_1_341' title='bbox 1529 2888 1580 2916; x_wconf 87' lang='lat' dir='ltr'>cx</span> <span class='ocrx_word' id='word_1_342' title='bbox 1609 2887 1708 2927; x_wconf 84' lang='lat' dir='ltr'>agro</span> 
     </span>
     <span class='ocr_line' id='line_1_40' title="bbox 66 2945 857 2998; baseline 0.001 -14"><span class='ocrx_word' id='word_1_343' title='bbox 66 2958 157 2998; x_wconf 90' lang='lat' dir='ltr'>suo,</span> <span class='ocrx_word' id='word_1_344' title='bbox 190 2949 228 2987; x_wconf 87' lang='lat' dir='ltr'>et</span> <span class='ocrx_word' id='word_1_345' title='bbox 257 2958 352 2986; x_wconf 86' lang='lat' dir='ltr'>vero</span> <span class='ocrx_word' id='word_1_346' title='bbox 383 2945 455 2984; x_wconf 89' lang='lat' dir='ltr'>dici</span> <span class='ocrx_word' id='word_1_347' title='bbox 486 2945 650 2998; x_wconf 81' lang='lat' dir='ltr'>Syrtin,</span> <span class='ocrx_word' id='word_1_348' title='bbox 680 2946 857 2987; x_wconf 86' lang='lat' dir='ltr'>volebat:</span> 
     </span>
     <span class='ocr_line' id='line_1_41' title="bbox 352 3013 1413 3068; baseline -0.002 -13"><span class='ocrx_word' id='word_1_349' title='bbox 352 3014 543 3056; x_wconf 78' lang='lat' dir='ltr'>Barbara</span> <span class='ocrx_word' id='word_1_350' title='bbox 572 3013 717 3054; x_wconf 82' lang='lat' dir='ltr'>dicatur</span> <span class='ocrx_word' id='word_1_351' title='bbox 747 3015 928 3068; x_wconf 75' lang='lat' dir='ltr'>Libycae</span> <span class='ocrx_word' id='word_1_352' title='bbox 957 3029 1075 3056; x_wconf 84' lang='lat' dir='ltr'>soror</span> <span class='ocrx_word' id='word_1_353' title='bbox 1103 3017 1237 3057; x_wconf 86' lang='lat' dir='ltr'>altera</span> <span class='ocrx_word' id='word_1_354' title='bbox 1267 3014 1413 3066; x_wconf 82' lang='lat' dir='ltr'>Syrtis.</span> 
     </span>
    </p>
   </div>
  </div>
 </body>
</html>
