2006 3365
264 138 364 184 182
821 133 1352 175 ANIMADVERSIONES

262 264 321 303 sq.
355 252 407 290 ita
438 250 625 303 loquitur,
658 248 738 287 acsi
770 248 853 300 ipsa
886 250 983 288 inter
1014 248 1140 288 sidera
1172 250 1427 300 conspiciatur
1453 249 1634 290 Ariadne.
1700 251 1758 289 Ad
1786 249 1909 290 hono-

262 332 338 358 rem
370 321 488 368 enim,
530 318 744 370 amorisque
778 318 1107 366 testificationem,
1139 318 1300 369 puellam
1334 318 1511 357 collocari
1544 320 1640 358 inter
1671 320 1820 367 sidera,
1861 332 1907 358 an

263 400 438 427 eoronam
478 386 649 437 puellae,
692 387 788 425 idem
827 389 904 425 est.
966 386 1128 438 Similis,
1163 387 1229 426 sed
1264 391 1382 426 tamen
1417 399 1489 426 non
1522 388 1650 428 eadem
1682 389 1777 428 ratio
1810 389 1907 427 Pro-

264 456 376 507 pertii
408 457 487 504 est,
520 454 588 493 III.
623 470 722 493 xvu.
758 459 795 494 ἶ.

488 524 543 563 Te
576 538 731 579 quoque
761 526 861 564 enim
893 537 969 564 non
999 538 1093 564 esse
1123 525 1256 564 rudem
1287 531 1464 563 tessalur
1495 527 1534 564 in
1565 528 1694 565 astris

600 594 807 646 Lync-ibus
840 594 896 633 ml
927 595 1075 633 coetum
1106 602 1223 633 vecta
1254 589 1445 633 Arimlnlc
1476 596 1572 633 luis.

260 660 323 699 ubi
357 673 463 713 quam
491 662 656 700 nonnulli
688 663 761 701 sibi
789 661 1035 711 tautologiam
1062 664 1231 702 invenire
1262 663 1334 701 risi
1367 665 1476 709 sunt,
1510 675 1549 700 re
1583 675 1673 701 vera
1705 661 1802 700 nulla
1835 665 1906 701 est..

259 729 474 782 Distinguit
505 733 619 781 poeta
651 732 769 782 ipsam
802 730 1079 771 immortalitate
1111 733 1302 775 donatam,
1340 731 1560 783 Liberoque
1592 731 1750 769 iunctam
1778 731 1906 769 matri-

258 799 405 849 monio,
436 799 654 848 Ariadnen,
687 803 725 839 et
755 800 960 839 mortalium
993 800 1112 840 oeulis
1151 802 1184 839 in
1218 799 1323 839 eaelo
1359 800 1573 850 expositam
1606 813 1777 838 eoronam
1811 800 1906 838 eius.

261 867 322 908 Cf.
347 867 496 907 Probus
527 869 623 920 apud
657 868 931 908 Broukhusium
962 870 1008 908 ad
1041 882 1122 908 eum
1154 868 1294 918 locum,
1331 869 1447 909 Ovid.
1482 869 1584 907 Fast.
1617 868 1685 907 III.
1714 869 1809 907 459.
1840 873 1906 907 60.

260 939 355 975 511.
391 949 476 989 sqq.

343 1005 478 1057 Neque
518 1003 641 1044 aliena
680 1008 767 1045 sunt
804 1007 851 1046 ab
891 1005 962 1046 hae
995 1007 1253 1058 disputatione
1290 1007 1478 1056 Tamus,
1524 1007 1701 1061 Aquila,
1744 1006 1905 1058 Cycnus·

258 1074 397 1113 sidera.
459 1074 565 1127 Quae
607 1076 645 1113 et
676 1075 897 1114 mortalibus
937 1076 997 1114 dei
1037 1088 1196 1114 amorum
1239 1077 1475 1125 testimonia,
1520 1080 1558 1115 et
1602 1076 1671 1114 deo
1712 1075 1764 1113 illi
1806 1076 1902 1125 ipsi,

259 1143 320 1195 qui
361 1142 559 1195 aliquando
602 1146 738 1182 formas
784 1143 868 1182 illas
907 1144 1113 1193 induisset,
1155 1148 1335 1195 perpetua
1377 1148 1484 1183 erant
1523 1145 1742 1194 gaudiorum
1785 1145 1905 1182 moni-

258 1217 395 1250 menta.
458 1213 500 1251 ln
542 1212 699 1264 aquilam
731 1226 838 1265 quum
872 1225 943 1251 non
976 1212 1090 1251 semel
1123 1225 1166 1251 se
1199 1214 1435 1252 converterit
1467 1213 1657 1264 Iuppiter,
1701 1213 1766 1252 sed
1801 1214 1905 1248 πολ-

259 1278 402 1325 mim,
438 1283 477 1320 ut
508 1280 733 1320 Athenaeus
765 1281 875 1320 XIII.
909 1286 1002 1321 566.
1035 1283 1080 1321 Ε.
1113 1283 1185 1329 ait,
1218 1283 1408 1335 Aquilam
1440 1283 1544 1320 sidus
1577 1281 1744 1334 plerique
1769 1281 1901 1332 Gany-

258 1350 375 1389 medis
407 1353 593 1401 raptorem
619 1351 749 1389 Iovem
782 1363 872 1390 esse
902 1353 1093 1400 statuunt,
1125 1350 1307 1399 Nomius,
1340 1350 1567 1389 memorabili
1599 1351 1797 1397 dissensu,
1832 1351 1904 1388 etsi

260 1423 404 1470 raptum
436 1418 483 1457 ab
516 1419 639 1472 aquila
664 1419 757 1458 love
785 1419 1038 1471 Ganymedem
1072 1421 1199 1465 novit,
1232 1420 1412 1474 Aquilae
1443 1420 1571 1458 sidere
1603 1424 1787 1470 raptorem
1819 1419 1905 1459 Ae-

264 1492 384 1541 qinae
417 1490 545 1527 Iovem
577 1488 786 1537 significari
820 1489 973 1538 statuit,
1005 1489 1118 1528 XVI.
1151 1492 1218 1528 58.
1252 1494 1289 1528 9.
1322 1489 1509 1528 XXXIII.
1543 1492 1639 1528 297.

347 1558 520 1609 Denique
552 1557 731 1597 Perseus
763 1557 869 1596 sidus
902 1557 984 1595 Iovi
1017 1559 1178 1609 Itemque
1209 1558 1448 1608 mortalibus,
1483 1559 1517 1597 in
1549 1558 1755 1597 memoriam
1787 1570 1906 1597 revo-

263 1639 349 1666 care
385 1627 562 1665 Danaen
600 1628 763 1677 poterat.
825 1624 885 1665 Cf.
918 1626 1076 1665 Nonnus
1110 1626 1220 1665 VIII.
1271 1630 1363 1665 loo.
1406 1640 1464 1679 sq.
1526 1627 1603 1666 Sed
1639 1627 1803 1666 Perseus
1842 1630 1904 1666 ta-

261 1708 341 1734 men
375 1708 445 1734 non
479 1699 549 1733 tam
582 1698 739 1746 propter
769 1698 940 1745 matrem,
975 1707 1080 1746 quam
1113 1699 1268 1746 propter
1286 1697 1396 1734 fortia
1428 1698 1527 1735 saeta
1558 1696 1656 1735 inter
1683 1697 1808 1734 sidera
1840 1708 1905 1734 re·-

262 1764 361 1803 latus
393 1767 475 1803 est:
508 1765 557 1803 el'.
589 1763 783 1803 Eratosth.
817 1762 964 1804 Catast.
999 1779 1067 1802 xv.
1099 1768 1138 1804 et
1171 1779 1275 1802 xx11.

348 1901 481 1941 Redeo
514 1901 558 1939 ad
593 1899 796 1950 Catonem,
840 1902 946 1940 cuius
979 1900 1216 1953 explananda
1249 1905 1369 1940 restat
1399 1902 1666 1952 parenthesis,
1707 1915 1798 1941 num
1829 1902 1905 1940 sil-

263 1972 329 2010 vis
353 1972 468 2023 fama
494 1971 661 2024 loquuta
692 1976 776 2009 est:
809 1974 937 2010 omnia
968 1984 1042 2010 vos
1074 1973 1191 2011 estis.
1249 1984 1341 2009 nam
1373 1972 1615 2010 usitatissima
1646 1971 1690 2009 ad
1724 1971 1907 2009 inchoan-

267 2040 347 2078 dam
389 2039 631 2091 parenthesin
672 2039 867 2090 partieula.
938 2041 1075 2092 Aeque
1116 2041 1299 2089 usitatus,
1348 2043 1385 2078 et
1425 2042 1504 2079 fere
1535 2039 1727 2079 sollemnis
1760 2040 1906 2078 dicendi

265 2109 418 2156 modus,
451 2110 565 2159 fama
596 2109 762 2163 loquuta
793 2115 875 2158 est,
905 2110 1020 2161 fama
1059 2109 1246 2163 loqm'lnr.
1310 2108 1482 2148 Catullus
1515 2108 1711 2148 LXXVII.
1751 2113 1811 2147 lo.
1841 2110 1909 2163 qui

267 2179 354 2226 sis,
395 2178 509 2229 fama
546 2178 731 2231 loquetur
761 2192 880 2217 (enus.
943 2178 1003 2218 Cl'.
1037 2177 1093 2216 El.
1136 2177 1182 2216 ad
1216 2178 1332 2217 Manl.
1368 2181 1434 2216 46.
1474 2179 1606 2230 [ασίἰε
1634 2179 1734 2217 haee
1765 2179 1908 2217 charta

267 2246 456 2301 loquatur
485 2259 603 2285 anus.
665 2246 837 2285 Lucanus
870 2247 939 2285 IV.
967 2250 1061 2285 573.
1089 2249 1127 2285 4.
1189 2247 1354 2287 Nullam
1385 2249 1533 2285 nmiore
1563 2246 1699 2285 locuta
1735 2253 1798 2286 est
1830 2245 1909 2286 Ore

268 2323 392 2355 ratem
429 2320 548 2354 totum
588 2315 820 2355 discurrens
850 2316 966 2367 fama
994 2329 1066 2368 per
1103 2316 1242 2355 orbem.
1306 2314 1478 2353 Velleius
1521 2315 1603 2354 Pat.
1637 2315 1686 2355 II.
1722 2331 1835 2353 xcm.
1869 2320 1907 2355 3.

268 2392 311 2426 ut
339 2386 454 2437 fama
493 2384 683 2438 loquitur.
745 2384 818 2423 Hic
850 2385 974 2425 silvis
1013 2385 1139 2429 addit,
1182 2385 1362 2423 dativum.
1424 2384 1472 2423 Et
1502 2385 1611 2423 *hene
1641 2385 1764 2424 silvis
1797 2386 1908 2423 inno-

268 2455 407 2502 tuisse,
454 2464 522 2503 per
567 2453 704 2492 silvas
744 2453 983 2493 increbuisse
1021 2456 1170 2503 lainam,
1214 2454 1322 2501 dicit,
1363 2453 1448 2504 quia
1493 2466 1639 2492 amores
1679 2454 1829 2492 deorum
1870 2456 1909 2492 ut

269 2523 384 2575 prisci
414 2523 500 2560 aevi
531 2520 735 2570 hominum,
768 2522 814 2560 de
846 2523 980 2574 quibus
999 2522 1197 2561 Lueretius
1222 2521 1272 2559 V.
1306 2525 1401 2560 960.
1464 2523 1687 2572 Propertius
1718 2522 1789 2561 III.
1819 2537 1906 2560 xm.

271 2596 337 2630 33.
373 2596 410 2630 4.
442 2593 648 2639 testantur,
680 2590 726 2628 ad
758 2590 880 2629 silvas
912 2595 951 2629 et
982 2591 1066 2630 loea
1097 2591 1249 2629 deserta
1282 2591 1414 2628 referri
1447 2590 1641 2641 solebant3
1686 2604 1805 2643 neque
1836 2590 1908 2629 hoe

271 2660 424 2711 illepide
454 2662 612 2708 laetum,
656 2658 754 2711 quod
786 2671 855 2710 per
884 2662 1038 2710 lamam,
1080 2659 1184 2710 quasi
1218 2659 1348 2697 invitis
1387 2659 1479 2708 diis,
1519 2660 1726 2700 innotuisse
1764 2671 1908 2697 amores

272 2730 422 2768 deorum
454 2729 576 2778 fingit.
637 2728 775 2766 Durum
806 2727 916 2767 alicui
948 2729 1141 2775 videatur,
1175 2728 1271 2779 quod
1305 2728 1376 2766 duo
1410 2728 1503 2766 haee
1533 2727 1772 2779 parenthesis
1794 2741 1907 2766 mem-

272 2800 340 2838 bra
372 2798 506 2845 hahet,
546 2809 696 2849 quorum
729 2809 836 2835 unum
867 2798 1007 2848 pendet
1036 2797 1083 2835 ab
1124 2796 1270 2835 altero:
1312 2801 1445 2837 sciunt
1477 2798 1635 2837 silvae:
1673 2799 1801 2835 omnia
1832 2811 1907 2837 vos

274 2870 399 2915 estis,
441 2879 532 2918 pro:
579 2866 704 2904 sciunt
743 2865 867 2904 silvae
905 2878 977 2904 vos
1017 2878 1106 2905 esse
1146 2867 1290 2915 omnia3
1341 2869 1379 2905 et
1427 2866 1523 2917 quod
1565 2869 1720 2916 repente
1761 2865 1908 2916 puellas

277 2935 462 2986 appellat,
502 2949 601 2980 vos,
641 2947 747 2986 quum
779 2937 900 2973 tamen
941 2946 1013 2972 non
1045 2935 1303 2984 praecesserit
1334 2935 1476 2974 diserta
1515 2933 1716 2985 puellarum
1755 2935 1906 2974 mentio.

277 3004 372 3043 Mihi
404 3017 475 3044 non
508 3005 613 3043 nimis
644 3004 786 3042 durum.
847 3002 1121 3055 Apostropheu
1149 3006 1280 3044 noster
1304 3003 1548 3043 vehementer
1577 3005 1694 3052 ainat,
1729 3007 1766 3043 et
1796 3003 1906 3054 puel-
