2006 3365
236 152 337 197 206
803 144 1328 187 ANIMADVERSIONES

232 261 504 314 Ἀφροδίτης.
567 257 716 311 ὀπωπή
755 260 891 300 Nonno
922 261 1017 299 idem
1049 260 1145 313 quod
1180 252 1321 304 εἷὸοςε
1355 261 1404 298 cf.
1436 261 1486 300 V.
1519 264 1614 300 416.
1648 263 1743 300 431.
1775 264 1870 299 528.

236 336 330 371 537.
390 331 449 369 De
480 329 640 379 fuligine
659 330 811 368 videtur
838 326 1087 375 αἰθαλόεις,
1111 329 1271 369 Vulcani
1292 330 1388 381 apud
1407 330 1576 369 Nonnum
1590 329 1755 368 XXVII.
1781 334 1870 368 123.

235 399 454 450 epitheton,
494 399 749 449 accipiendum
783 409 899 437 esse:
943 398 1016 436 nisi
1048 399 1166 445 sorte,
1209 402 1247 437 ut
1278 394 1452 445 πυρόεις
1482 399 1532 438 ΙΙ.
1566 402 1660 438 299.
1691 397 1742 437 Χ.
1776 402 1870 436 300.

233 467 380 507 XXIX.
414 470 509 506 348.
538 467 727 506 XXXIX.
759 469 855 505 206.
897 467 1060 505 eiusdem
1092 466 1252 505 Vulcani
1284 466 1501 517 epitheton,
1534 467 1665 506 latiore
1695 467 1872 517 accipere

233 536 515 585 significatione
553 535 680 585 malis,
721 539 758 575 ut
798 537 850 575 sit
881 538 1035 587 iyneus.
1091 537 1139 574 cs.
1183 535 1368 574 XXXVI.
1413 540 1478 575 88.
1519 535 1743 575 XXXVIII.
1776 539 1871 574 367.

234 605 420 654 Fuerunt,
461 605 521 656 qui
565 604 609 642 ad
643 605 805 656 speciem
838 603 998 642 Vulcani
1029 606 1212 643 referrent
1243 604 1392 643 ardens
1432 604 1625 654 epitheton
1659 605 1694 642 in
1726 604 1872 642 Horatii

234 672 317 711 loco
350 672 473 713 Carm.
506 672 536 711 I.
571 689 623 712 1v.
658 675 746 713 dam
777 676 921 725 yram'S
955 674 1169 726 Cyclopum
1215 672 1417 712 Volcanus
1451 673 1600 712 ardens
1631 674 1712 712 urit
1741 672 1873 724 offici-

231 755 322 781 nas.
371 742 437 780 sed
471 754 550 781 eum
582 742 700 781 locum
733 743 870 792 primus
903 753 946 779 ac
977 741 1081 779 solus
1113 742 1311 792 expedivit
1340 741 1525 791 Toupius.

316 810 439 860 Igitur
470 811 602 850 verbis
633 817 672 850 et
703 811 764 850 illi
800 811 927 850 Trisli
957 810 1152 862 larpabat
1183 810 1314 848 malas
1345 810 1380 861 f.
1420 809 1569 857 barba,
1603 812 1643 848 ut
1672 809 1873 858 legendum

230 891 281 918 ex
312 880 569 918 emendatione
602 879 814 928 Scaligeri,
860 879 1064 930 descriptio
1108 879 1319 917 continetur
1361 877 1535 916 Vulcani.
1603 877 1696 916 Tam
1740 878 1872 916 honam

231 948 524 987 emendationem
556 961 628 987 non
668 947 856 986 intellexit
885 948 1144 995 Burmannus,
1186 947 1246 998 qui
1295 948 1583 986 comminiscitur
1614 946 1873 994 incredibilia,

229 1020 320 1067 puto
353 1017 450 1068 quod
483 1029 702 1067 persuasum
735 1017 766 1054 ei
800 1017 928 1054 nescio
972 1028 1043 1067 quo
1085 1015 1192 1054 modo
1233 1019 1359 1065 esset,
1398 1017 1462 1054 illi
1502 1015 1546 1053 ad
1588 1016 1744 1054 Martem
1785 1028 1874 1053 esse.

230 1086 479 1124 referendum.
555 1084 665 1123 Immo
698 1084 743 1122 ad
776 1083 999 1123 Vulcanum.
1072 1084 1128 1122 At
1165 1085 1291 1124 Tristi
1323 1097 1401 1123 cum
1431 1086 1603 1137 faliyine
1634 1084 1872 1134 iungendum.

230 1154 279 1192 Et
317 1158 491 1192 accurate
531 1154 631 1191 dicta
668 1153 803 1191 omnia.
875 1152 1032 1191 Scilicet
1076 1153 1214 1199 barba,
1256 1155 1479 1203 praesertim
1519 1155 1660 1201 densa,
1702 1152 1873 1201 horrida,

230 1221 307 1260 late
338 1222 500 1270 diffusa,
542 1220 686 1272 qualem
728 1234 818 1259 esse
860 1219 1021 1258 Vulcani
1064 1225 1353 1259 consentaneum
1402 1225 1482 1270 est,
1520 1226 1559 1260 ut
1590 1223 1673 1273 ipsa
1704 1222 1874 1260 cuiusvis

229 1292 387 1340 generis
419 1290 701 1339 immunditiem,
735 1291 845 1328 etiam
877 1290 1042 1333 fluidam,
1075 1289 1143 1327 sed
1174 1291 1331 1328 maxime
1360 1289 1578 1340 fuliginem,
1611 1303 1706 1343 quae
1736 1290 1875 1328 leviter

229 1359 391 1398 volitare
432 1358 551 1409 solet,
597 1361 635 1397 et
673 1358 950 1397 adhaerescere
997 1359 1218 1409 corporibus
1261 1359 1461 1408 celeriter,
1509 1359 1682 1397 facillime
1713 1359 1873 1409 recipit,

230 1429 283 1467 ita
315 1428 425 1466 facile
458 1440 524 1466 eas
556 1440 618 1466 res
660 1428 902 1465 communicat
942 1440 1020 1465 eum
1060 1426 1202 1479 reliquo
1242 1427 1360 1467 vultu.
1433 1427 1637 1479 Adscripsi
1668 1427 1787 1466 locum
1818 1427 1874 1464 si-

230 1496 414 1534 millimum
446 1494 640 1535 Claudiani
679 1496 728 1534 R.
762 1496 805 1534 P.
837 1495 887 1534 II.
922 1499 1016 1535 315.
1050 1498 1087 1534 6.

971 1565 1262 1616 Flaqranlibns
1293 1566 1460 1619 hispida
1490 1568 1595 1606 rivis

573 1632 716 1672 Barba
745 1633 902 1682 mallet,
949 1640 1110 1687 totoque
1147 1635 1275 1686 fluant
1305 1635 1492 1674 incendia
1522 1635 1648 1675 vultu.

231 1702 396 1742 Ovidius
427 1702 531 1740 Fast.
570 1706 604 1739 l.
639 1704 734 1741 375.

572 1769 737 1824 Oraque
766 1772 959 1811 caerulea
988 1771 1134 1811 tollens
1173 1774 1358 1811 rorantia
1391 1770 1532 1811 barba.

231 1839 386 1879 Metam.
424 1843 457 1877 l.
495 1843 591 1879 339.

800 1921 874 1948 ora
905 1909 970 1948 dei
999 1909 1164 1948 madida
1195 1912 1378 1949 rorantia
1411 1909 1550 1948 barba.

230 1977 365 2030 Neque
396 1976 588 2015 dissimilis
622 1976 771 2016 barbae
801 1978 937 2016 mentio
970 1978 1005 2015 in
1037 1979 1216 2016 versibus
1249 1978 1464 2029 Aeschyli,
1499 1978 1606 2017 Pers.
1640 1981 1734 2017 316.
1768 1991 1875 2025 πυρ-

232 2040 308 2095 σὴν
353 2043 550 2095 ζαπληθῆ
591 2041 769 2082 δάσκιον
811 2043 1011 2094 γενειάδα
1055 2044 1203 2095 ἔτεγγ’,
1250 2042 1440 2094 (ἱμειβων
1474 2045 1628 2103 χρῶτα
1671 2046 1874 2099 πορφυρᾷ

230 2113 365 2165 βαφῇ.
427 2115 489 2154 An
522 2114 631 2153 simili
662 2115 770 2153 modo
803 2116 1046 2166 accipiendus
1078 2115 1254 2154 Valerius
1296 2116 1452 2155 Flaccus
1486 2116 1552 2155 VI.
1586 2119 1679 2155 247.
1711 2123 1874 2156 tenerae

231 2185 438 2238 liquuntur
477 2184 640 2222 vnlnere
677 2179 840 2222 malae?
880 2188 919 2223 ut
958 2184 1193 2235 intelligatur
1232 2184 1400 2222 defluens
1441 2184 1487 2223 ab
1529 2184 1636 2224 oculo
1678 2185 1715 2223 in
1757 2186 1872 2224 malas

231 2252 361 2291 humor
399 2252 645 2303 sanguisque.
720 2252 797 2290 Sed
841 2254 1005 2291 sortasse
1043 2253 1248 2307 liquantur
1289 2253 1339 2291 ibi
1370 2256 1474 2291 reete
1506 2254 1720 2305 explIcatur
1748 2255 1869 2306 fran-

229 2327 388 2374 guntur.
520 2321 724 2359 Praeterea
756 2321 792 2358 in
824 2321 955 2359 verbis
987 2328 1024 2361 et
1055 2323 1118 2360 illi
1149 2326 1185 2360 et
1226 2322 1385 2369 incisio,
1428 2321 1620 2361 sollemnis
1652 2322 1715 2361 illa
1746 2324 1870 2373 poetis

230 2391 358 2430 latinis
389 2391 423 2428 in
454 2388 514 2427 his
547 2389 703 2437 verbis,
746 2393 783 2428 et
824 2390 911 2428 illud
951 2390 1248 2438 observandum,
1290 2390 1387 2442 quod
1428 2403 1498 2428 non
1538 2392 1656 2429 minus
1697 2392 1868 2429 usitatum

230 2460 355 2511 poetis
394 2458 542 2504 latinis,
587 2457 657 2496 ille
694 2458 737 2495 ad
779 2471 880 2506 eum,
928 2460 1031 2497 cuius
1072 2460 1241 2509 proxime
1282 2459 1476 2509 praecedit
1520 2461 1676 2508 mentio,
1721 2460 1865 2498 referri.

230 2529 405 2578 Propert.
437 2525 467 2565 Ι.
500 2526 589 2564 XX.
625 2530 689 2564 49.
731 2526 800 2565 IV.
844 2543 896 2565 iv.
943 2530 1005 2565 15.
1054 2526 1141 2565 VII.
1186 2543 1226 2565 11.
1301 2528 1415 2566 ovid.
1458 2529 1581 2580 Epist.
1621 2528 1730 2568 XVI.
1768 2531 1862 2566 229.

228 2596 356 2636 XVII.
394 2599 486 2634 173.
519 2594 672 2632 Metam.
705 2593 734 2633 I.
771 2598 863 2634 283.
893 2595 941 2633 X.
963 2598 1056 2634 457.
1117 2595 1258 2634 Incisio
1292 2609 1335 2634 ea
1367 2597 1473 2635 etiam
1507 2598 1540 2635 in
1574 2595 1705 2636 Culice
1736 2609 1773 2634 v.
1797 2599 1863 2634 55.

229 2672 272 2705 at
303 2666 390 2705 illa.
439 2669 478 2703 et
507 2663 619 2702 illinc
645 2677 683 2701 v.
703 2667 797 2701 315.
858 2664 971 2702 Alius
1003 2664 1093 2703 ordo
1115 2664 1273 2703 Manilio
1307 2665 1468 2716 placuit,
1501 2667 1580 2706 sic:
1612 2668 1788 2704 immotas
1821 2671 1865 2702 ac

229 2735 298 2774 ille
328 2733 358 2772 l.
391 2736 487 2772 289.
539 2734 587 2770 cf.
619 2731 668 2770 II.
704 2735 796 2770 185.
831 2735 925 2770 554.
958 2735 1053 2772 866.
1086 2732 1155 2771 ΙΙΙ.
1190 2736 1284 2772 490.
1319 2733 1367 2772 V.
1402 2736 1496 2773 440.

313 2802 375 2841 Ad
407 2802 457 2841 V.
492 2804 557 2839 70.
590 2812 668 2839 cum
701 2801 827 2839 umbra
857 2803 1003 2851 pugnat
1034 2801 1249 2850 Arnoldus,
1282 2815 1389 2854 quum
1415 2802 1537 2840 reiicit
1565 2801 1673 2849 IVon,
1701 2802 1737 2839 et
1757 2802 1862 2841 Nam

229 2871 477 2920 commendat,
508 2882 612 2922 quam
646 2868 818 2907 Salmasii
846 2870 935 2908 dicit
966 2868 1164 2908 lectionem
1197 2882 1296 2908 esse.
1382 2871 1489 2911 Nam
1521 2869 1632 2908 lectio
1665 2881 1736 2907 non
1769 2869 1860 2908 Sal-

228 2941 333 2978 masii
368 2943 449 2987 est,
491 2938 557 2976 sed
597 2937 770 2976 librorum
809 2941 920 2988 atque
952 2938 1129 2976 editorum
1162 2942 1344 2991 quotquot
1375 2943 1460 2977 sunt
1491 2939 1666 2986 onmium,
1710 2942 1861 2988 praeter

233 3008 385 3046 Monac.
421 3007 451 3044 I.
482 3005 531 3044 II.
563 3005 722 3045 Vratisl.
769 3005 798 3044 Ι.
839 3006 875 3043 in
920 3006 1054 3058 quibus
1094 3007 1183 3047 Hoc
1222 3007 1373 3057 legitur.
1442 3007 1535 3045 Non
1575 3007 1634 3058 qui
1679 3007 1855 3055 ediderit,
