2006 3365
474 158 529 197 ΙΝ
560 158 777 199 VALERII
816 158 1053 200 CATONIS
1083 158 1355 200 ECLOGAM.
1636 162 1735 207 149

103 275 176 313 111.
209 272 360 312 Monac.
394 274 446 312 11.
507 274 678 327 limphae
699 274 821 323 Angl.
853 275 1047 327 nymphae
1077 273 1244 327 August.
1277 273 1434 314 Vratisl.
1467 275 1498 313 1.
1559 277 1638 313 rivi
1669 276 1734 313 la-

102 343 228 382 bentis
261 342 463 391 Heinsiusg
500 346 611 394 atque
642 343 815 383 labentis
849 345 883 381 in
916 344 1086 382 Parisino
1120 348 1244 383 8069.
1277 356 1385 392 esse,
1422 344 1482 395 qui
1514 345 1574 382 est
1603 342 1734 382 Thua-

101 422 213 459 ncus,
257 414 416 449 testatur
457 410 658 459 Silligius:
706 412 803 463 quod
841 412 937 461 apud
980 425 1035 449 me
1072 424 1145 449 non
1185 414 1397 450 annotatum
1445 424 1489 451 eo
1530 424 1579 450 ex
1623 411 1733 449 libro.

101 479 302 517 Praeterea
335 479 515 517 Heinsius
547 479 719 517 tentabat
756 479 846 517 alia:
879 482 995 532 ripis.
1036 479 1097 518 vel
1129 482 1256 532 ripam
1287 481 1515 520 lambentes.
1581 481 1624 519 T.
1656 482 1736 519 7·ἱυί

100 547 250 586 labenti
279 561 438 587 currere
468 548 630 601 lympha
662 560 682 585 e
713 549 926 586 coniectura
957 547 1148 597 Scaligeri
1181 548 1297 586 edidit
1326 548 1535 587 Arnoldus.

184 684 234 723 V.
270 686 335 721 lo.
369 680 504 730 (122.)
546 693 646 726 DUM
672 692 773 725 MEA
808 690 1045 725 10CUNDAS
1071 691 1296 725 EXPONA'I'
1321 691 1445 725 CURA
1471 692 1733 733 QUERELAS.

101 752 162 792 Ct'.
195 763 333 789 versus
366 749 650 800 παράλληλοι,
685 756 721 789 3.
755 754 792 789 et
822 752 978 788 maxime
1014 754 1076 788 15.
1123 750 1241 804 Quum
1272 764 1425 790 amores
1457 751 1583 802 puella
1614 754 1735 802 canit,

99 821 181 858 dum
213 820 323 858 abest
355 824 516 869 amator,
551 819 735 873 querelae
767 819 876 868 fiunt,
909 819 977 856 sed
1010 820 1220 858 iucundae.
1280 819 1427 858 Laudat
1458 819 1557 858 hunc
1585 833 1735 859 versum

101 888 281 937 Scaliger
312 889 356 926 ad
390 888 491 927 Cirin
523 901 560 938 p.
594 891 660 926 51.
693 887 752 925 ed.
785 886 988 925 Lindenhr.
1021 887 1082 925 uhi
1115 887 1160 925 de
1193 900 1258 926 usu
1290 888 1399 926 vocis
1431 901 1543 927 cara.
1605 889 1736 939 Inepte

98 957 306 995 Domitius:
341 970 361 996 o
394 958 574 1009 lymphae
605 958 780 994 currite:
814 955 902 993 clam
935 968 1010 1004 ego
1043 969 1196 1008 expono
1228 969 1328 995 meas
1361 960 1640 1011 querimonias.

184 1026 379 1064 ive-undas
412 1025 560 1063 Tliuan.
594 1025 716 1063 Paris.
751 1026 824 1063 111.
857 1024 925 1062 IV.
958 1024 1078 1073 Angl.
1112 1024 1281 1077 August.
1314 1025 1466 1064 Monac.
1492 1028 1522 1066 1.
1549 1028 1602 1066 ll.
1636 1025 1734 1065 Vra-

99 1094 175 1134 tisl.
210 1096 240 1132 1.
272 1094 408 1132 Mutin.
441 1093 610 1132 Norimb.
647 1095 765 1131 1492.
808 1092 965 1131 Mediol.
1004 1097 1119 1132 1501.
1163 1094 1331 1143 Argent.
1368 1098 1488 1133 1502.
1549 1095 1734 1150 querelas

99 1163 270 1212 August.
332 1163 548 1217 quaerelas
590 1162 760 1201 Venetae
805 1165 925 1201 1⁴82.
961 1165 1081 1201 1500.
1153 1164 1372 1217 (μιαεναίαε
1414 1163 1477 1202 vel
1519 1166 1733 1218 querulas,

99 1235 279 1283 tamquam
320 1233 506 1281 scriptura
537 1232 711 1277 diversa,
751 1231 788 1268 in
819 1243 938 1280 marg.
971 1231 1092 1282 Lugd-
1130 1235 1248 1271 1529.
1287 1235 1325 1271 et
1355 1232 1581 1272 Venetarum
1618 1237 1734 1271 1544.

102 1303 224 1338 1555.
262 1303 382 1338 1558.
416 1300 578 1351 itemque
610 1301 644 1337 in
676 1312 794 1351 marg.
828 1298 944 1337 Basil.
982 1302 1099 1338 1543.
1160 1307 1327 1353 exponet
1356 1302 1447 1340 Bas.
1473 1301 1523 1340 H.
1550 1302 1595 1340 P.
1618 1303 1733 1340 1535.

99 1375 303 1422 expromat
335 1369 433 1407 coni.
466 1368 660 1406 Heinsius.

187 1506 238 1544 V.
273 1509 340 1543 20.
377 1503 511 1555 (123.)
580 1513 775 1546 INVIDEO
802 1514 843 1545 V.
871 1512 1007 1546 AGRI:
1033 1502 1339 1549 MEA‘GAUDIA
1364 1515 1579 1550 HABETIS.
1634 1507 1734 1546 Lau-

103 1574 165 1612 dat
195 1586 346 1612 versum
386 1573 562 1621 Scaliger
600 1573 636 1610 in
668 1572 810 1611 Tibull.
844 1572 913 1612 lV.
946 1588 1022 1619 vu,
1057 1577 1094 1611 6.
1126 1587 1164 1624 p.
1206 1577 1295 1613 1s4.
1372 1575 1472 1616 Sane
1510 1590 1595 1616 mea
1631 1590 1734 1627 qaa—

103 1643 195 1690 dia,
229 1645 267 1680 ut
296 1654 382 1681 mea
413 1655 536 1690 cara,
569 1645 642 1682 mei
673 1655 851 1690 amores,
886 1645 924 1681 et
954 1641 1086 1681 similia
1116 1644 1151 1681 in
1182 1643 1264 1683 aliis
1296 1643 1460 1693 linguis,
1493 1657 1609 1696 saepe
1640 1647 1735 1684 dici-

101 1717 160 1750 tur
191 1724 262 1750 non
294 1712 466 1761 proprie,
512 1712 579 1749 sed
620 1710 774 1749 honoris
817 1723 971 1761 caussa,
1016 1712 1107 1750 nihil
1148 1715 1186 1751 ut
1225 1713 1463 1762 significetur
1499 1714 1598 1752 aliud
1631 1728 1735 1766 quam

98 1794 184 1820 mea
212 1781 365 1832 puella.
427 1779 476 1819 Ut
509 1792 619 1818 versu
653 1780 828 1830 praeced.
860 1794 944 1819 mea
976 1794 1088 1820 cura.
1149 1781 1285 1820 Verum
1324 1784 1445 1821 tamen
1479 1795 1734 1835 nonnunquam

102 1850 288 1900 propriam
322 1850 393 1886 vim
426 1861 527 1887 suam
559 1848 704 1887 obtinet
735 1848 869 1886 dictio:
903 1853 942 1887 ut
966 1848 1037 1887 lioc
1061 1849 1166 1900 loco,
1199 1850 1282 1899 ubi,
1314 1851 1410 1902 quod
1439 1863 1573 1890 versus
1600 1855 1733 1890 osten-

101 1919 153 1956 dit
184 1919 243 1969 qui
275 1919 464 1969 sequitur,
495 1931 580 1956 mea
611 1919 766 1969 glandia
797 1917 953 1957 habetis
986 1930 1058 1956 non
1091 1921 1150 1957 est
1181 1919 1417 1969 simpliciter:
1451 1919 1597 1959 habetis
1621 1933 1733 1959 meam

100 1986 276 2036 Lydiam,
309 1987 376 2024 sed
409 1990 490 2025 est:
523 1987 700 2034 gaudetis
732 2000 795 2032 ea,
829 1998 923 2037 quae
955 1987 1042 2035 suit,
1069 1998 1114 2024 ac
1137 1987 1293 2026 deberet
1317 2000 1428 2038 esse,
1459 2002 1543 2028 mea
1565 1990 1732 2041 yanclia.

102 2056 246 2104 Igitur,
280 2053 338 2102 (ut
368 2055 541 2105 exemplo
573 2068 647 2093 rem
680 2054 860 2093 illustrem
873 2055 901 2102 ‚)
936 2067 1042 2106 quum
1075 2054 1197 2094 multis
1222 2055 1316 2094 locis
1342 2058 1499 2107 perinde
1523 2059 1593 2107 sit,
1617 2060 1732 2097 utrum

100 2123 260 2174 puellam
292 2137 392 2162 suam
424 2128 564 2162 amator
595 2123 693 2162 dieat
725 2136 791 2162 sua
821 2123 999 2175 yandia,
1032 2136 1079 2161 an
1111 2137 1212 2162 suam
1244 2138 1397 2174 curam,
1431 2138 1475 2164 an
1507 2139 1598 2164 suos
1626 2140 1730 2165 amo-

102 2206 193 2241 res,
240 2193 324 2232 huic
354 2193 437 2232 loco
469 2194 575 2231 unice
615 2196 738 2243 aptum
771 2195 830 2232 est
866 2205 951 2231 mea
982 2193 1160 2246 gaudia,
1202 2205 1276 2232 non
1315 2198 1438 2249 aptum
1475 2196 1576 2235 foret
1613 2210 1733 2236 meam

102 2274 250 2301 caram.

187 2399 236 2438 V·
257 2403 321 2437 21·
345 2397 478 2449 (124.)
512 2408 569 2442 ET
594 2409 733 2442 vonis
758 2408 887 2442 NUNC
912 2409 1018 2450 EST,
1046 2410 1147 2443 MEA
1172 2409 1212 2451 o.
1240 2409 1276 2443 r.
1303 2409 1446 2449 ANTE,
1472 2410 1729 2445 voLUPTAs.

100 2469 192 2508 milri
211 2480 277 2518 pro
299 2481 383 2506 mea
406 2469 501 2506 coni.
524 2468 706 2506 Heinsius
726 2471 764 2507 et
783 2468 983 2515 Francius,
1007 2470 1042 2507 in
1068 2482 1138 2521 quo
1165 2469 1254 2507 illud
1276 2469 1408 2517 laudo,
1433 2470 1531 2522 quod
1562 2484 1730 2522 sensum>

102 2539 164 2590 qui
196 2537 353 2575 deberet
384 2549 493 2586 esse,
530 2540 766 2587 perspectum
805 2537 1016 2577 habuerint.
1077 2538 1154 2577 Sed
1193 2539 1287 2576 idem
1329 2540 1389 2577 est
1417 2553 1522 2588 mea,
1565 2540 1596 2577 si
1629 2543 1731 2579 recte

103 2607 284 2657 accipitur
316 2606 440 2653 loeus,
475 2608 512 2643 nt
544 2609 769 2655 acceperunt
796 2607 1008 2658 Romanae,
1038 2607 1211 2646 Venetae
1232 2606 1370 2646 Aehat.
1398 2610 1435 2646 et
1459 2610 1558 2647 lens.
1583 2610 1617 2646 in
1646 2610 1730 2660 qui-

102 2676 174 2715 bus
207 2675 469 2723 distinguitur:
518 2675 571 2713 Et
601 2674 714 2714 vobis
745 2689 847 2714 nnnc
877 2683 964 2714 est:
1003 2689 1088 2715 mea
1121 2690 1223 2730 qaae
1250 2678 1331 2729 fail
1363 2684 1482 2716 ante:
1525 2678 1727 2730 voluptas.

103 2744 232 2796 Atque
271 2745 321 2781 ita
360 2757 407 2780 ex
445 2743 744 2793 recentioribus,
787 2745 877 2783 Bas.
914 2748 1033 2783 1543.
1080 2744 1178 2783 Ven.
1216 2748 1333 2784 1555.
1385 2745 1507 2796 Lugd.
1541 2750 1577 2785 et
1609 2747 1729 2784 Antv.

109 2817 226 2852 1556.
258 2814 348 2851 Bas.
381 2813 430 2850 Η.
465 2812 505 2849 Ρ.
541 2813 661 2850 1561.
701 2812 994 2862 Scaligemnae,
1028 2815 1125 2853 Box.
1159 2815 1282 2853 Burm.
1317 2816 1494 2853 Wernsd.
1527 2815 1599 2853 nisi
1632 2814 1729 2866 quod

103 2881 141 2920 hi
173 2885 350 2921 commata
380 2880 532 2919 liabent.
580 2880 630 2918 Et
660 2883 762 2920 recte
792 2886 993 2933 acceperat
1023 2884 1185 2923 Badius:
1216 2897 1265 2924 ea
1295 2884 1485 2936 voluptas
1518 2897 1620 2937 qnae
1647 2884 1728 2934 s'zce'c

105 2957 197 2990 ante
236 2964 323 2991 mea
362 2957 423 2990 est
465 2962 565 2988 nnnc
605 2948 746 2989 vobis.
778 2952 804 2988 i.
837 2957 989 2991 vestra.
1050 2953 1175 3002 Igitur
1205 2952 1328 2992 (liss'ert
1365 2952 1470 2991 loeus
1509 2951 1676 2991 nonnihil
1706 2964 1728 2991 a

106 3019 326 3071 superiore:
358 3033 442 3059 mea
474 3018 578 3074 quod
606 3018 785 3070 formosa
813 3020 951 3073 puella
981 3022 1061 3061 Est
1091 3021 1219 3061 vobis.
1279 3020 1425 3060 Nullam
1455 3019 1727 3061 distinctionem
