<?xml version="1.0" encoding="UTF-8"?>
<!DOCTYPE html PUBLIC "-//W3C//DTD XHTML 1.0 Transitional//EN"
    "http://www.w3.org/TR/xhtml1/DTD/xhtml1-transitional.dtd">
<html xmlns="http://www.w3.org/1999/xhtml" xml:lang="en" lang="en">
 <head>
  <title>
</title>
<meta http-equiv="Content-Type" content="text/html;charset=utf-8" />
  <meta name='ocr-system' content='tesseract 3.04.00' />
  <meta name='ocr-capabilities' content='ocr_page ocr_carea ocr_par ocr_line ocrx_word'/>
</head>
<body>
  <div class='ocr_page' id='page_1' title='image "./carmina00catouoft_0074.png"; bbox 0 0 2006 3365; ppageno 0'>
   <div class='ocr_carea' id='block_1_1' title="bbox 237 131 1318 183">
    <p class='ocr_par' dir='ltr' id='par_1_1' title="bbox 237 131 1318 183">
     <span class='ocr_line' id='line_1_1' title="bbox 237 131 1318 183; baseline -0.012 0"><span class='ocrx_word' id='word_1_1' title='bbox 237 138 305 183; x_wconf 87' lang='lat'>58</span> <span class='ocrx_word' id='word_1_2' title='bbox 794 131 1318 174; x_wconf 82' lang='lat' dir='ltr'><strong>ANIMADVERSIONES</strong></span> 
     </span>
    </p>
   </div>
   <div class='ocr_carea' id='block_1_2' title="bbox 235 244 1873 506">
    <p class='ocr_par' dir='ltr' id='par_1_2' title="bbox 235 244 1873 426">
     <span class='ocr_line' id='line_1_2' title="bbox 235 244 1871 303; baseline -0.005 -12"><span class='ocrx_word' id='word_1_3' title='bbox 235 252 479 303; x_wconf 76' lang='lat' dir='ltr'><strong><em>formosius,</em></strong></span> <span class='ocrx_word' id='word_1_4' title='bbox 510 250 555 288; x_wconf 88' lang='lat' dir='ltr'>de</span> <span class='ocrx_word' id='word_1_5' title='bbox 585 249 740 297; x_wconf 87' lang='lat' dir='ltr'>arbuto,</span> <span class='ocrx_word' id='word_1_6' title='bbox 772 247 900 286; x_wconf 84' lang='lat' dir='ltr'>eodem</span> <span class='ocrx_word' id='word_1_7' title='bbox 931 246 994 285; x_wconf 90' lang='lat' dir='ltr'>illo</span> <span class='ocrx_word' id='word_1_8' title='bbox 1026 245 1216 296; x_wconf 76' lang='lat' dir='ltr'><strong>Propertii</strong></span> <span class='ocrx_word' id='word_1_9' title='bbox 1246 245 1355 294; x_wconf 89' lang='lat' dir='ltr'>loco,</span> <span class='ocrx_word' id='word_1_10' title='bbox 1387 245 1417 285; x_wconf 92' lang='grc' dir='ltr'>Ι.</span> <span class='ocrx_word' id='word_1_11' title='bbox 1451 261 1501 295; x_wconf 87' lang='grc' dir='ltr'>ιι,</span> <span class='ocrx_word' id='word_1_12' title='bbox 1537 249 1600 284; x_wconf 94' lang='grc'>11.</span> <span class='ocrx_word' id='word_1_13' title='bbox 1651 244 1694 285; x_wconf 91' lang='lat' dir='ltr'>Si</span> <span class='ocrx_word' id='word_1_14' title='bbox 1727 245 1778 283; x_wconf 89' lang='lat' dir='ltr'>ibi</span> <span class='ocrx_word' id='word_1_15' title='bbox 1810 246 1871 283; x_wconf 79' lang='lat' dir='ltr'>fe-</span> 
     </span>
     <span class='ocr_line' id='line_1_3' title="bbox 235 313 1873 370; baseline -0.004 -12"><span class='ocrx_word' id='word_1_16' title='bbox 235 320 387 358; x_wconf 87' lang='lat' dir='ltr'>rendum</span> <span class='ocrx_word' id='word_1_17' title='bbox 426 320 664 370; x_wconf 79' lang='lat' dir='ltr'><em>formosius,</em></span> <span class='ocrx_word' id='word_1_18' title='bbox 708 317 746 354; x_wconf 91' lang='lat' dir='ltr'>ut</span> <span class='ocrx_word' id='word_1_19' title='bbox 782 314 855 353; x_wconf 89' lang='lat' dir='ltr'>erit</span> <span class='ocrx_word' id='word_1_20' title='bbox 894 313 1102 364; x_wconf 85' lang='lat' dir='ltr'>serendum,</span> <span class='ocrx_word' id='word_1_21' title='bbox 1144 326 1251 365; x_wconf 85' lang='lat' dir='ltr'>quum</span> <span class='ocrx_word' id='word_1_22' title='bbox 1289 313 1388 352; x_wconf 88' lang='lat' dir='ltr'>nulla</span> <span class='ocrx_word' id='word_1_23' title='bbox 1425 326 1469 353; x_wconf 88' lang='lat' dir='ltr'>se</span> <span class='ocrx_word' id='word_1_24' title='bbox 1505 314 1601 353; x_wconf 87' lang='lat' dir='ltr'>satis</span> <span class='ocrx_word' id='word_1_25' title='bbox 1644 313 1873 353; x_wconf 87' lang='lat' dir='ltr'>commendet</span> 
     </span>
     <span class='ocr_line' id='line_1_4' title="bbox 236 387 456 426; baseline -0.014 0"><span class='ocrx_word' id='word_1_26' title='bbox 236 387 456 426; x_wconf 87' lang='lat' dir='ltr'>emendatio.</span> 
     </span>
    </p>

    <p class='ocr_par' dir='ltr' id='par_1_3' title="bbox 323 448 1872 506">
     <span class='ocr_line' id='line_1_5' title="bbox 323 448 1872 506; baseline -0.005 -13"><span class='ocrx_word' id='word_1_27' title='bbox 323 454 482 506; x_wconf 72' lang='lat' dir='ltr'>Optima</span> <span class='ocrx_word' id='word_1_28' title='bbox 512 452 720 499; x_wconf 71' lang='lat' dir='ltr'>villarum,</span> <span class='ocrx_word' id='word_1_29' title='bbox 753 451 967 491; x_wconf 81' lang='lat' dir='ltr'>coniectura</span> <span class='ocrx_word' id='word_1_30' title='bbox 986 450 1156 499; x_wconf 88' lang='lat' dir='ltr'>Heinsii,</span> <span class='ocrx_word' id='word_1_31' title='bbox 1189 463 1260 503; x_wconf 84' lang='lat' dir='ltr'>qua</span> <span class='ocrx_word' id='word_1_32' title='bbox 1291 450 1406 500; x_wconf 87' lang='lat' dir='ltr'>longe</span> <span class='ocrx_word' id='word_1_33' title='bbox 1433 451 1622 490; x_wconf 84' lang='lat' dir='ltr'>aberrata</span> <span class='ocrx_word' id='word_1_34' title='bbox 1643 462 1758 489; x_wconf 89' lang='lat' dir='ltr'>sensu</span> <span class='ocrx_word' id='word_1_35' title='bbox 1786 448 1872 488; x_wconf 87' lang='lat' dir='ltr'>loci.</span> 
     </span>
    </p>
   </div>
   <div class='ocr_carea' id='block_1_3' title="bbox 233 589 1883 3046">
    <p class='ocr_par' dir='ltr' id='par_1_4' title="bbox 233 589 1883 3046">
     <span class='ocr_line' id='line_1_6' title="bbox 376 589 1716 635; baseline 0.001 -8"><span class='ocrx_word' id='word_1_36' title='bbox 376 589 425 628; x_wconf 72' lang='lat' dir='ltr'>V.</span> <span class='ocrx_word' id='word_1_37' title='bbox 459 592 524 628; x_wconf 74' lang='grc'>28.</span> <span class='ocrx_word' id='word_1_38' title='bbox 559 593 595 627; x_wconf 83' lang='grc'>9.</span> <span class='ocrx_word' id='word_1_39' title='bbox 627 597 859 631; x_wconf 79' lang='lat' dir='ltr'><strong>TONDEBIS</strong></span> <span class='ocrx_word' id='word_1_40' title='bbox 887 597 1077 630; x_wconf 82' lang='lat' dir='ltr'><strong>VIRIDES</strong></span> <span class='ocrx_word' id='word_1_41' title='bbox 1106 596 1318 635; x_wconf 76' lang='lat' dir='ltr'>UMBRAS,</span> <span class='ocrx_word' id='word_1_42' title='bbox 1344 596 1435 630; x_wconf 85' lang='lat' dir='ltr'>NEC</span> <span class='ocrx_word' id='word_1_43' title='bbox 1464 596 1620 630; x_wconf 83' lang='lat' dir='ltr'><strong>LAETA</strong></span> <span class='ocrx_word' id='word_1_44' title='bbox 1646 600 1716 630; x_wconf 83' lang='lat' dir='ltr'>etc.</span> 
     </span>
     <span class='ocr_line' id='line_1_7' title="bbox 325 653 723 709; baseline -0.008 -12"><span class='ocrx_word' id='word_1_45' title='bbox 325 653 560 709; x_wconf 70' lang='lat' dir='ltr'>Tomlemus]</span> <span class='ocrx_word' id='word_1_46' title='bbox 593 657 723 705; x_wconf 82' lang='lat' dir='ltr'>Lego,</span> 
     </span>
     <span class='ocr_line' id='line_1_8' title="bbox 462 724 1607 773; baseline -0.002 -7"><span class='ocrx_word' id='word_1_47' title='bbox 462 727 555 766; x_wconf 83' lang='lat' dir='ltr'>Non</span> <span class='ocrx_word' id='word_1_48' title='bbox 588 726 732 764; x_wconf 76' lang='lat' dir='ltr'>demum</span> <span class='ocrx_word' id='word_1_49' title='bbox 762 724 916 764; x_wconf 77' lang='lat' dir='ltr'>virides</span> <span class='ocrx_word' id='word_1_50' title='bbox 949 724 1132 773; x_wconf 77' lang='lat' dir='ltr'>umbras,</span> <span class='ocrx_word' id='word_1_51' title='bbox 1165 738 1236 764; x_wconf 82' lang='lat' dir='ltr'>nee</span> <span class='ocrx_word' id='word_1_52' title='bbox 1266 725 1377 764; x_wconf 79' lang='lat' dir='ltr'>laeta</span> <span class='ocrx_word' id='word_1_53' title='bbox 1408 731 1607 764; x_wconf 77' lang='lat' dir='ltr'>comantes</span> 
     </span>
     <span class='ocr_line' id='line_1_9' title="bbox 463 793 1404 845; baseline -0.002 -12"><span class='ocrx_word' id='word_1_54' title='bbox 463 793 645 833; x_wconf 75' lang='lat' dir='ltr'>lactabis</span> <span class='ocrx_word' id='word_1_55' title='bbox 677 794 814 833; x_wconf 78' lang='lat' dir='ltr'>molles</span> <span class='ocrx_word' id='word_1_56' title='bbox 846 807 977 832; x_wconf 78' lang='lat' dir='ltr'>ramos</span> <span class='ocrx_word' id='word_1_57' title='bbox 1010 794 1243 845; x_wconf 73' lang='lat' dir='ltr'>inflantibus</span> <span class='ocrx_word' id='word_1_58' title='bbox 1276 796 1404 833; x_wconf 68' lang='lat' dir='ltr'>auris.</span> 
     </span>
     <span class='ocr_line' id='line_1_10' title="bbox 233 857 1874 913; baseline -0.002 -11"><span class='ocrx_word' id='word_1_59' title='bbox 233 863 326 903; x_wconf 90' lang='lat' dir='ltr'>Illud</span> <span class='ocrx_word' id='word_1_60' title='bbox 370 868 490 902; x_wconf 86' lang='lat' dir='ltr'>autem</span> <span class='ocrx_word' id='word_1_61' title='bbox 528 863 665 902; x_wconf 77' lang='lat' dir='ltr'>molles</span> <span class='ocrx_word' id='word_1_62' title='bbox 698 862 835 901; x_wconf 80' lang='lat' dir='ltr'>Graeci</span> <span class='ocrx_word' id='word_1_63' title='bbox 875 874 944 913; x_wconf 81' lang='lat' dir='ltr'>per</span> <span class='ocrx_word' id='word_1_64' title='bbox 985 857 1159 910; x_wconf 65' lang='grc' dir='ltr'>ῥαιὴνὸν</span> <span class='ocrx_word' id='word_1_65' title='bbox 1191 861 1394 912; x_wconf 83' lang='lat' dir='ltr'>explicant.</span> <span class='ocrx_word' id='word_1_66' title='bbox 1435 865 1475 900; x_wconf 82' lang='lat' dir='ltr'>ut</span> <span class='ocrx_word' id='word_1_67' title='bbox 1504 860 1715 910; x_wconf 79' lang='lat' dir='ltr'>Virgilius:</span> <span class='ocrx_word' id='word_1_68' title='bbox 1777 860 1874 901; x_wconf 77' lang='lat' dir='ltr'>Bec-</span> 
     </span>
     <span class='ocr_line' id='line_1_11' title="bbox 233 927 1874 985; baseline -0.002 -13"><span class='ocrx_word' id='word_1_69' title='bbox 233 936 326 985; x_wconf 72' lang='lat' dir='ltr'>yz&#39;ca</span> <span class='ocrx_word' id='word_1_70' title='bbox 358 932 421 972; x_wconf 77' lang='lat' dir='ltr'>vel</span> <span class='ocrx_word' id='word_1_71' title='bbox 451 933 556 971; x_wconf 72' lang='lat' dir='ltr'>molti</span> <span class='ocrx_word' id='word_1_72' title='bbox 585 932 723 970; x_wconf 72' lang='lat' dir='ltr'>melias</span> <span class='ocrx_word' id='word_1_73' title='bbox 753 932 859 983; x_wconf 81' lang='lat' dir='ltr'>feret</span> <span class='ocrx_word' id='word_1_74' title='bbox 889 932 1039 971; x_wconf 76' lang='lat' dir='ltr'>esseda</span> <span class='ocrx_word' id='word_1_75' title='bbox 1070 932 1185 970; x_wconf 79' lang='lat' dir='ltr'>eollo.</span> <span class='ocrx_word' id='word_1_76' title='bbox 1284 931 1411 979; x_wconf 78' lang='lat' dir='ltr'>molli,</span> <span class='ocrx_word' id='word_1_77' title='bbox 1452 927 1636 981; x_wconf 59' lang='lat' dir='ltr'>(iad&#39;cmgiz</span> <span class='ocrx_word' id='word_1_78' title='bbox 1679 933 1718 969; x_wconf 91' lang='lat' dir='ltr'>ut</span> <span class='ocrx_word' id='word_1_79' title='bbox 1749 927 1874 978; x_wconf 70' lang='grc' dir='ltr'>ῥαδι-</span> 
     </span>
     <span class='ocr_line' id='line_1_12' title="bbox 236 996 1875 1051; baseline 0 -15"><span class='ocrx_word' id='word_1_80' title='bbox 236 1001 307 1051; x_wconf 70' lang='grc' dir='ltr'>νῆς</span> <span class='ocrx_word' id='word_1_81' title='bbox 339 998 574 1048; x_wconf 34' lang='grc' dir='ltr'>ἐπελιιάξατο</span> <span class='ocrx_word' id='word_1_82' title='bbox 606 996 753 1048; x_wconf 66' lang='grc' dir='ltr'>χειρὸς</span> <span class='ocrx_word' id='word_1_83' title='bbox 785 1000 961 1038; x_wconf 69' lang='lat' dir='ltr'>Homero·</span> <span class='ocrx_word' id='word_1_84' title='bbox 1016 1003 1263 1037; x_wconf 66' lang='lat' dir='ltr'><strong>SFALIGER.</strong></span> <span class='ocrx_word' id='word_1_85' title='bbox 1324 1000 1425 1038; x_wconf 80' lang='lat' dir='ltr'>Libri</span> <span class='ocrx_word' id='word_1_86' title='bbox 1465 1000 1681 1039; x_wconf 81' lang='lat' dir='ltr'>Tondenms</span> <span class='ocrx_word' id='word_1_87' title='bbox 1716 998 1875 1037; x_wconf 87' lang='lat' dir='ltr'>unanimi</span> 
     </span>
     <span class='ocr_line' id='line_1_13' title="bbox 235 1066 1876 1121; baseline -0.004 -12"><span class='ocrx_word' id='word_1_88' title='bbox 235 1083 447 1119; x_wconf 89' lang='lat' dir='ltr'>consensu,</span> <span class='ocrx_word' id='word_1_89' title='bbox 491 1071 561 1107; x_wconf 88' lang='lat' dir='ltr'>nisi</span> <span class='ocrx_word' id='word_1_90' title='bbox 594 1070 690 1121; x_wconf 87' lang='lat' dir='ltr'>quod</span> <span class='ocrx_word' id='word_1_91' title='bbox 729 1069 948 1108; x_wconf 73' lang='lat' dir='ltr'>&#39;l&#39;mzdemus</span> <span class='ocrx_word' id='word_1_92' title='bbox 979 1069 1015 1106; x_wconf 89' lang='lat' dir='ltr'>in</span> <span class='ocrx_word' id='word_1_93' title='bbox 1046 1068 1195 1107; x_wconf 89' lang='lat' dir='ltr'>Tbuan.</span> <span class='ocrx_word' id='word_1_94' title='bbox 1236 1081 1295 1119; x_wconf 87' lang='lat' dir='ltr'>ap.</span> <span class='ocrx_word' id='word_1_95' title='bbox 1328 1068 1484 1107; x_wconf 83' lang='lat' dir='ltr'>Lasscn.</span> <span class='ocrx_word' id='word_1_96' title='bbox 1519 1069 1638 1107; x_wconf 87' lang='lat' dir='ltr'>Paris.</span> <span class='ocrx_word' id='word_1_97' title='bbox 1673 1067 1720 1106; x_wconf 92' lang='lat' dir='ltr'>ll.</span> <span class='ocrx_word' id='word_1_98' title='bbox 1755 1066 1876 1116; x_wconf 87' lang='lat' dir='ltr'>Angl.</span> 
     </span>
     <span class='ocr_line' id='line_1_14' title="bbox 234 1136 1877 1188; baseline -0.002 -10"><span class='ocrx_word' id='word_1_99' title='bbox 234 1140 405 1188; x_wconf 82' lang='lat' dir='ltr'>August.</span> <span class='ocrx_word' id='word_1_100' title='bbox 473 1139 664 1178; x_wconf 78' lang='lat' dir='ltr'>Tonderis</span> <span class='ocrx_word' id='word_1_101' title='bbox 698 1138 734 1175; x_wconf 90' lang='lat' dir='ltr'>in</span> <span class='ocrx_word' id='word_1_102' title='bbox 766 1137 931 1186; x_wconf 80' lang='lat' dir='ltr'>Virgilio</span> <span class='ocrx_word' id='word_1_103' title='bbox 965 1136 1074 1184; x_wconf 83' lang='lat' dir='ltr'>Aldi,</span> <span class='ocrx_word' id='word_1_104' title='bbox 1106 1140 1144 1175; x_wconf 88' lang='lat' dir='ltr'>et</span> <span class='ocrx_word' id='word_1_105' title='bbox 1175 1138 1338 1175; x_wconf 83' lang='lat' dir='ltr'>vetustis</span> <span class='ocrx_word' id='word_1_106' title='bbox 1370 1138 1596 1176; x_wconf 77' lang='lat' dir='ltr'>editionibus</span> <span class='ocrx_word' id='word_1_107' title='bbox 1627 1137 1757 1175; x_wconf 88' lang='lat' dir='ltr'>nescio</span> <span class='ocrx_word' id='word_1_108' title='bbox 1789 1136 1877 1188; x_wconf 87' lang='lat' dir='ltr'>qui-</span> 
     </span>
     <span class='ocr_line' id='line_1_15' title="bbox 234 1204 1877 1257; baseline -0.002 -11"><span class='ocrx_word' id='word_1_109' title='bbox 234 1208 305 1246; x_wconf 86' lang='lat' dir='ltr'>bus</span> <span class='ocrx_word' id='word_1_110' title='bbox 337 1208 434 1257; x_wconf 91' lang='lat' dir='ltr'>apud</span> <span class='ocrx_word' id='word_1_111' title='bbox 457 1207 767 1245; x_wconf 85' lang='lat' dir='ltr'>Wernsdorlium.</span> <span class='ocrx_word' id='word_1_112' title='bbox 815 1206 908 1245; x_wconf 79' lang='lat' dir='ltr'>Non</span> <span class='ocrx_word' id='word_1_113' title='bbox 936 1206 1086 1257; x_wconf 78' lang='lat' dir='ltr'>fundes</span> <span class='ocrx_word' id='word_1_114' title='bbox 1119 1205 1336 1244; x_wconf 85' lang='lat' dir='ltr'>coniectura</span> <span class='ocrx_word' id='word_1_115' title='bbox 1366 1204 1594 1254; x_wconf 88' lang='lat' dir='ltr'>Boxbornii,</span> <span class='ocrx_word' id='word_1_116' title='bbox 1628 1217 1732 1257; x_wconf 85' lang='lat' dir='ltr'>quam</span> <span class='ocrx_word' id='word_1_117' title='bbox 1765 1216 1877 1243; x_wconf 86' lang='lat' dir='ltr'>rece-</span> 
     </span>
     <span class='ocr_line' id='line_1_16' title="bbox 234 1273 1876 1327; baseline -0.002 -13"><span class='ocrx_word' id='word_1_118' title='bbox 234 1280 370 1327; x_wconf 89' lang='lat' dir='ltr'>perunt</span> <span class='ocrx_word' id='word_1_119' title='bbox 400 1276 620 1325; x_wconf 85' lang='lat' dir='ltr'>Dilberrus,</span> <span class='ocrx_word' id='word_1_120' title='bbox 653 1274 867 1324; x_wconf 78' lang='lat' dir='ltr'>ArnolduS,</span> <span class='ocrx_word' id='word_1_121' title='bbox 900 1274 1206 1321; x_wconf 77' lang='lat' dir='ltr'>Wernsdorfius,</span> <span class='ocrx_word' id='word_1_122' title='bbox 1238 1273 1492 1312; x_wconf 84' lang='lat' dir='ltr'>Eicbstadius.</span> <span class='ocrx_word' id='word_1_123' title='bbox 1543 1273 1720 1322; x_wconf 88' lang='lat' dir='ltr'>Silligius</span> <span class='ocrx_word' id='word_1_124' title='bbox 1752 1274 1876 1324; x_wconf 89' lang='lat' dir='ltr'>prius:</span> 
     </span>
     <span class='ocr_line' id='line_1_17' title="bbox 242 1343 1876 1395; baseline -0.003 -11"><span class='ocrx_word' id='word_1_125' title='bbox 242 1346 298 1384; x_wconf 73' lang='lat' dir='ltr'>Tu,</span> <span class='ocrx_word' id='word_1_126' title='bbox 331 1346 465 1384; x_wconf 75' lang='lat' dir='ltr'>demas</span> <span class='ocrx_word' id='word_1_127' title='bbox 491 1345 641 1384; x_wconf 74' lang='lat' dir='ltr'>virides</span> <span class='ocrx_word' id='word_1_128' title='bbox 674 1359 710 1383; x_wconf 80' lang='lat' dir='ltr'>u.</span> <span class='ocrx_word' id='word_1_129' title='bbox 743 1356 880 1394; x_wconf 80' lang='lat' dir='ltr'>nuper:</span> <span class='ocrx_word' id='word_1_130' title='bbox 920 1343 1012 1383; x_wconf 73' lang='lat' dir='ltr'>Tmz’</span> <span class='ocrx_word' id='word_1_131' title='bbox 1043 1343 1192 1395; x_wconf 78' lang='lat' dir='ltr'>fundes</span> <span class='ocrx_word' id='word_1_132' title='bbox 1221 1356 1259 1381; x_wconf 85' lang='lat' dir='ltr'>v.</span> <span class='ocrx_word' id='word_1_133' title='bbox 1287 1357 1322 1381; x_wconf 80' lang='lat' dir='ltr'>u.</span> <span class='ocrx_word' id='word_1_134' title='bbox 1345 1346 1418 1381; x_wconf 88' lang='lat' dir='ltr'>etc.</span> <span class='ocrx_word' id='word_1_135' title='bbox 1452 1355 1530 1380; x_wconf 90' lang='lat' dir='ltr'>cum</span> <span class='ocrx_word' id='word_1_136' title='bbox 1563 1343 1876 1391; x_wconf 75' lang='lat' dir='ltr'>interrogatione.</span> 
     </span>
     <span class='ocr_line' id='line_1_18' title="bbox 236 1410 1879 1464; baseline -0.002 -12"><span class='ocrx_word' id='word_1_137' title='bbox 236 1414 296 1453; x_wconf 85' lang='lat' dir='ltr'>Ad</span> <span class='ocrx_word' id='word_1_138' title='bbox 331 1427 458 1452; x_wconf 85' lang='lat' dir='ltr'>verum</span> <span class='ocrx_word' id='word_1_139' title='bbox 493 1414 658 1464; x_wconf 84' lang='lat' dir='ltr'>proxime</span> <span class='ocrx_word' id='word_1_140' title='bbox 689 1414 854 1463; x_wconf 85' lang='lat' dir='ltr'>accedit,</span> <span class='ocrx_word' id='word_1_141' title='bbox 894 1413 992 1464; x_wconf 83' lang='lat' dir='ltr'>quod</span> <span class='ocrx_word' id='word_1_142' title='bbox 1023 1424 1098 1461; x_wconf 83' lang='lat' dir='ltr'>ego</span> <span class='ocrx_word' id='word_1_143' title='bbox 1130 1424 1178 1450; x_wconf 81' lang='lat' dir='ltr'>ex</span> <span class='ocrx_word' id='word_1_144' title='bbox 1203 1411 1369 1460; x_wconf 81' lang='lat' dir='ltr'>Virgilio</span> <span class='ocrx_word' id='word_1_145' title='bbox 1396 1411 1486 1449; x_wconf 89' lang='lat' dir='ltr'>Aldi</span> <span class='ocrx_word' id='word_1_146' title='bbox 1514 1411 1742 1459; x_wconf 80' lang='lat' dir='ltr'>monstravi,</span> <span class='ocrx_word' id='word_1_147' title='bbox 1774 1410 1879 1449; x_wconf 76' lang='lat' dir='ltr'>Ton-</span> 
     </span>
     <span class='ocr_line' id='line_1_19' title="bbox 238 1479 1877 1532; baseline -0.002 -11"><span class='ocrx_word' id='word_1_148' title='bbox 238 1484 368 1530; x_wconf 77' lang='lat' dir='ltr'>deris,</span> <span class='ocrx_word' id='word_1_149' title='bbox 401 1486 440 1520; x_wconf 91' lang='lat' dir='ltr'>ut</span> <span class='ocrx_word' id='word_1_150' title='bbox 471 1495 588 1532; x_wconf 92' lang='lat' dir='ltr'>nuper</span> <span class='ocrx_word' id='word_1_151' title='bbox 611 1482 727 1520; x_wconf 82' lang='lat' dir='ltr'>edidit</span> <span class='ocrx_word' id='word_1_152' title='bbox 748 1481 963 1521; x_wconf 83' lang='lat' dir='ltr'>Putsebius.</span> <span class='ocrx_word' id='word_1_153' title='bbox 1008 1481 1087 1519; x_wconf 87' lang='lat' dir='ltr'>Etsi</span> <span class='ocrx_word' id='word_1_154' title='bbox 1119 1479 1192 1518; x_wconf 85' lang='lat' dir='ltr'>hoc</span> <span class='ocrx_word' id='word_1_155' title='bbox 1224 1481 1343 1530; x_wconf 90' lang='lat' dir='ltr'>ipsum</span> <span class='ocrx_word' id='word_1_156' title='bbox 1375 1492 1446 1518; x_wconf 91' lang='lat' dir='ltr'>non</span> <span class='ocrx_word' id='word_1_157' title='bbox 1474 1482 1601 1530; x_wconf 88' lang='lat' dir='ltr'>potest</span> <span class='ocrx_word' id='word_1_158' title='bbox 1624 1491 1752 1517; x_wconf 88' lang='lat' dir='ltr'>verum</span> <span class='ocrx_word' id='word_1_159' title='bbox 1777 1490 1877 1518; x_wconf 86' lang='lat' dir='ltr'>esse.</span> 
     </span>
     <span class='ocr_line' id='line_1_20' title="bbox 236 1546 1879 1602; baseline -0.004 -12"><span class='ocrx_word' id='word_1_160' title='bbox 236 1553 329 1591; x_wconf 78' lang='lat' dir='ltr'>Nam</span> <span class='ocrx_word' id='word_1_161' title='bbox 363 1553 518 1589; x_wconf 80' lang='lat' dir='ltr'>futurum</span> <span class='ocrx_word' id='word_1_162' title='bbox 551 1551 675 1601; x_wconf 86' lang='lat' dir='ltr'>poscit</span> <span class='ocrx_word' id='word_1_163' title='bbox 706 1551 820 1600; x_wconf 90' lang='lat' dir='ltr'>ordo,</span> <span class='ocrx_word' id='word_1_164' title='bbox 853 1562 958 1602; x_wconf 85' lang='lat' dir='ltr'>quem</span> <span class='ocrx_word' id='word_1_165' title='bbox 982 1550 1104 1588; x_wconf 87' lang='lat' dir='ltr'>statim</span> <span class='ocrx_word' id='word_1_166' title='bbox 1131 1549 1324 1596; x_wconf 86' lang='lat' dir='ltr'>iudicabo,</span> <span class='ocrx_word' id='word_1_167' title='bbox 1357 1549 1634 1587; x_wconf 85' lang='lat' dir='ltr'>sententiarum.</span> <span class='ocrx_word' id='word_1_168' title='bbox 1677 1546 1879 1585; x_wconf 77' lang='lat' dir='ltr'>Praeclare</span> 
     </span>
     <span class='ocr_line' id='line_1_21' title="bbox 236 1615 1879 1670; baseline -0.004 -10"><span class='ocrx_word' id='word_1_169' title='bbox 236 1620 457 1660; x_wconf 78' lang='lat' dir='ltr'>Gronovius</span> <span class='ocrx_word' id='word_1_170' title='bbox 488 1620 585 1670; x_wconf 89' lang='lat' dir='ltr'>apud</span> <span class='ocrx_word' id='word_1_171' title='bbox 611 1619 833 1669; x_wconf 89' lang='lat' dir='ltr'>Arnoldum,</span> <span class='ocrx_word' id='word_1_172' title='bbox 866 1619 902 1656; x_wconf 92' lang='lat' dir='ltr'>in</span> <span class='ocrx_word' id='word_1_173' title='bbox 936 1619 1051 1656; x_wconf 80' lang='lat' dir='ltr'>variis</span> <span class='ocrx_word' id='word_1_174' title='bbox 1082 1617 1332 1664; x_wconf 87' lang='lat' dir='ltr'>lectionibus,</span> <span class='ocrx_word' id='word_1_175' title='bbox 1371 1617 1565 1656; x_wconf 81' lang='lat' dir='ltr'>Tondehz‘s</span> <span class='ocrx_word' id='word_1_176' title='bbox 1587 1616 1772 1655; x_wconf 85' lang='lat' dir='ltr'>emendat.</span> <span class='ocrx_word' id='word_1_177' title='bbox 1810 1615 1879 1654; x_wconf 87' lang='lat' dir='ltr'>In-</span> 
     </span>
     <span class='ocr_line' id='line_1_22' title="bbox 236 1685 1876 1734; baseline -0.003 -7"><span class='ocrx_word' id='word_1_178' title='bbox 236 1690 328 1728; x_wconf 81' lang='lat' dir='ltr'>cidit</span> <span class='ocrx_word' id='word_1_179' title='bbox 358 1691 395 1727; x_wconf 94' lang='lat' dir='ltr'>in</span> <span class='ocrx_word' id='word_1_180' title='bbox 427 1689 590 1727; x_wconf 86' lang='lat' dir='ltr'>eamdem</span> <span class='ocrx_word' id='word_1_181' title='bbox 622 1688 910 1727; x_wconf 79' lang='lat' dir='ltr'>emendationem</span> <span class='ocrx_word' id='word_1_182' title='bbox 942 1686 1146 1734; x_wconf 82' lang='lat' dir='ltr'>HeinsiuS,</span> <span class='ocrx_word' id='word_1_183' title='bbox 1185 1685 1252 1723; x_wconf 89' lang='lat' dir='ltr'>sed</span> <span class='ocrx_word' id='word_1_184' title='bbox 1285 1686 1464 1725; x_wconf 86' lang='lat' dir='ltr'>obscurat</span> <span class='ocrx_word' id='word_1_185' title='bbox 1501 1686 1635 1723; x_wconf 91' lang='lat' dir='ltr'>bonum</span> <span class='ocrx_word' id='word_1_186' title='bbox 1666 1686 1876 1734; x_wconf 83' lang='lat' dir='ltr'>inventum,</span> 
     </span>
     <span class='ocr_line' id='line_1_23' title="bbox 235 1755 1877 1806; baseline -0.002 -10"><span class='ocrx_word' id='word_1_187' title='bbox 235 1758 318 1796; x_wconf 90' lang='lat' dir='ltr'>dum</span> <span class='ocrx_word' id='word_1_188' title='bbox 350 1757 508 1796; x_wconf 80' lang='lat' dir='ltr'>cumulat</span> <span class='ocrx_word' id='word_1_189' title='bbox 530 1757 624 1806; x_wconf 85' lang='lat' dir='ltr'>alia,</span> <span class='ocrx_word' id='word_1_190' title='bbox 651 1756 866 1795; x_wconf 79' lang='lat' dir='ltr'>Tondenda</span> <span class='ocrx_word' id='word_1_191' title='bbox 890 1770 957 1801; x_wconf 74' lang='lat' dir='ltr'>eu,</span> <span class='ocrx_word' id='word_1_192' title='bbox 985 1755 1120 1795; x_wconf 72' lang='lat' dir='ltr'>Cende</span> <span class='ocrx_word' id='word_1_193' title='bbox 1143 1768 1298 1803; x_wconf 76' lang='lat' dir='ltr'>nemus,</span> <span class='ocrx_word' id='word_1_194' title='bbox 1325 1756 1477 1794; x_wconf 77' lang='lat' dir='ltr'>condet</span> <span class='ocrx_word' id='word_1_195' title='bbox 1503 1756 1665 1804; x_wconf 67' lang='lat' dir='ltr'>humusg</span> <span class='ocrx_word' id='word_1_196' title='bbox 1697 1758 1734 1794; x_wconf 85' lang='lat' dir='ltr'>et</span> <span class='ocrx_word' id='word_1_197' title='bbox 1757 1755 1877 1805; x_wconf 84' lang='lat' dir='ltr'>ipsum</span> 
     </span>
     <span class='ocr_line' id='line_1_24' title="bbox 235 1823 1877 1876; baseline -0.001 -12"><span class='ocrx_word' id='word_1_198' title='bbox 235 1826 322 1865; x_wconf 90' lang='lat' dir='ltr'>illud</span> <span class='ocrx_word' id='word_1_199' title='bbox 361 1826 555 1865; x_wconf 78' lang='lat' dir='ltr'>Tondebis</span> <span class='ocrx_word' id='word_1_200' title='bbox 587 1826 790 1876; x_wconf 76' lang='lat' dir='ltr'>depravat,</span> <span class='ocrx_word' id='word_1_201' title='bbox 823 1825 1106 1875; x_wconf 81' lang='lat' dir='ltr'>disperditque,</span> <span class='ocrx_word' id='word_1_202' title='bbox 1138 1825 1193 1862; x_wconf 83' lang='lat' dir='ltr'>ita</span> <span class='ocrx_word' id='word_1_203' title='bbox 1224 1824 1446 1862; x_wconf 85' lang='lat' dir='ltr'>scribendo:</span> <span class='ocrx_word' id='word_1_204' title='bbox 1482 1823 1644 1875; x_wconf 75' lang='lat' dir='ltr'>Optima</span> <span class='ocrx_word' id='word_1_205' title='bbox 1666 1824 1877 1872; x_wconf 78' lang='lat' dir='ltr'>vittarum,</span> 
     </span>
     <span class='ocr_line' id='line_1_25' title="bbox 237 1893 1879 1945; baseline -0.002 -10"><span class='ocrx_word' id='word_1_206' title='bbox 237 1917 290 1923; x_wconf 88' lang='lat'>-—</span> <span class='ocrx_word' id='word_1_207' title='bbox 327 1895 521 1934; x_wconf 77' lang='lat' dir='ltr'>Tondebis</span> <span class='ocrx_word' id='word_1_208' title='bbox 553 1895 705 1934; x_wconf 80' lang='lat' dir='ltr'>virides</span> <span class='ocrx_word' id='word_1_209' title='bbox 743 1893 904 1933; x_wconf 75' lang='lat' dir='ltr'>herbas.</span> <span class='ocrx_word' id='word_1_210' title='bbox 993 1893 1165 1945; x_wconf 85' lang='lat' dir='ltr'>Denique</span> <span class='ocrx_word' id='word_1_211' title='bbox 1199 1893 1460 1931; x_wconf 86' lang='lat' dir='ltr'>Wernsdorlio</span> <span class='ocrx_word' id='word_1_212' title='bbox 1501 1893 1537 1930; x_wconf 92' lang='lat' dir='ltr'>in</span> <span class='ocrx_word' id='word_1_213' title='bbox 1577 1897 1733 1931; x_wconf 86' lang='lat' dir='ltr'>mentem</span> <span class='ocrx_word' id='word_1_214' title='bbox 1775 1893 1879 1931; x_wconf 86' lang='lat' dir='ltr'>venit</span> 
     </span>
     <span class='ocr_line' id='line_1_26' title="bbox 242 1961 1879 2013; baseline -0.002 -10"><span class='ocrx_word' id='word_1_215' title='bbox 242 1964 458 2013; x_wconf 75' lang='lat' dir='ltr'>Tondebis,</span> <span class='ocrx_word' id='word_1_216' title='bbox 492 1967 530 2003; x_wconf 89' lang='lat' dir='ltr'>ut</span> <span class='ocrx_word' id='word_1_217' title='bbox 560 1965 604 2002; x_wconf 87' lang='lat' dir='ltr'>de</span> <span class='ocrx_word' id='word_1_218' title='bbox 631 1975 687 2001; x_wconf 89' lang='lat' dir='ltr'>me</span> <span class='ocrx_word' id='word_1_219' title='bbox 718 1965 874 2001; x_wconf 86' lang='lat' dir='ltr'>taceam.</span> <span class='ocrx_word' id='word_1_220' title='bbox 926 1962 1148 2008; x_wconf 69' lang='lat' dir='ltr'>Tomlebis,</span> <span class='ocrx_word' id='word_1_221' title='bbox 1182 1961 1218 1999; x_wconf 90' lang='lat' dir='ltr'>b.</span> <span class='ocrx_word' id='word_1_222' title='bbox 1252 1975 1286 1999; x_wconf 84' lang='lat' dir='ltr'>e.</span> <span class='ocrx_word' id='word_1_223' title='bbox 1320 1961 1559 2000; x_wconf 81' lang='lat' dir='ltr'>tondeberis:</span> <span class='ocrx_word' id='word_1_224' title='bbox 1594 1964 1632 2000; x_wconf 92' lang='lat' dir='ltr'>ut</span> <span class='ocrx_word' id='word_1_225' title='bbox 1656 1961 1879 2001; x_wconf 76' lang='lat' dir='ltr'>Candidior</span> 
     </span>
     <span class='ocr_line' id='line_1_27' title="bbox 234 2029 1877 2087; baseline -0.004 -14"><span class='ocrx_word' id='word_1_226' title='bbox 234 2041 447 2087; x_wconf 71' lang='lat' dir='ltr'>postquam</span> <span class='ocrx_word' id='word_1_227' title='bbox 479 2033 645 2071; x_wconf 89' lang='lat' dir='ltr'>tondenti</span> <span class='ocrx_word' id='word_1_228' title='bbox 679 2031 803 2070; x_wconf 78' lang='lat' dir='ltr'>barba</span> <span class='ocrx_word' id='word_1_229' title='bbox 835 2031 1028 2079; x_wconf 77' lang='lat' dir='ltr'>cadebat,</span> <span class='ocrx_word' id='word_1_230' title='bbox 1061 2032 1174 2079; x_wconf 87' lang='lat' dir='ltr'>Virg.</span> <span class='ocrx_word' id='word_1_231' title='bbox 1208 2030 1289 2068; x_wconf 80' lang='lat' dir='ltr'>Eel.</span> <span class='ocrx_word' id='word_1_232' title='bbox 1312 2029 1340 2067; x_wconf 91' lang='lat'>1.</span> <span class='ocrx_word' id='word_1_233' title='bbox 1365 2033 1430 2068; x_wconf 82' lang='lat'>29.</span> <span class='ocrx_word' id='word_1_234' title='bbox 1483 2029 1659 2069; x_wconf 74' lang='lat' dir='ltr'>Tendere</span> <span class='ocrx_word' id='word_1_235' title='bbox 1690 2041 1758 2079; x_wconf 92' lang='lat' dir='ltr'>pro</span> <span class='ocrx_word' id='word_1_236' title='bbox 1791 2036 1877 2068; x_wconf 77' lang='lat' dir='ltr'>ton-</span> 
     </span>
     <span class='ocr_line' id='line_1_28' title="bbox 239 2099 1879 2151; baseline -0.003 -10"><span class='ocrx_word' id='word_1_237' title='bbox 239 2103 346 2147; x_wconf 72' lang='lat' dir='ltr'>deri,</span> <span class='ocrx_word' id='word_1_238' title='bbox 378 2104 568 2151; x_wconf 74' lang='lat' dir='ltr'>potestate</span> <span class='ocrx_word' id='word_1_239' title='bbox 599 2101 710 2139; x_wconf 89' lang='lat' dir='ltr'>verbi</span> <span class='ocrx_word' id='word_1_240' title='bbox 742 2100 970 2139; x_wconf 84' lang='lat' dir='ltr'>Graecorum</span> <span class='ocrx_word' id='word_1_241' title='bbox 1001 2102 1132 2149; x_wconf 88' lang='lat' dir='ltr'>medii,</span> <span class='ocrx_word' id='word_1_242' title='bbox 1171 2101 1266 2138; x_wconf 84' lang='lat' dir='ltr'>satis</span> <span class='ocrx_word' id='word_1_243' title='bbox 1298 2100 1434 2138; x_wconf 86' lang='lat' dir='ltr'>usitate</span> <span class='ocrx_word' id='word_1_244' title='bbox 1466 2099 1619 2147; x_wconf 86' lang='lat' dir='ltr'>dicitur,</span> <span class='ocrx_word' id='word_1_245' title='bbox 1651 2111 1771 2150; x_wconf 88' lang='lat' dir='ltr'>neque</span> <span class='ocrx_word' id='word_1_246' title='bbox 1803 2110 1879 2147; x_wconf 88' lang='lat' dir='ltr'>ego</span> 
     </span>
     <span class='ocr_line' id='line_1_29' title="bbox 238 2166 1879 2219; baseline -0.004 -9"><span class='ocrx_word' id='word_1_247' title='bbox 238 2171 268 2210; x_wconf 90' lang='lat' dir='ltr'>l.</span> <span class='ocrx_word' id='word_1_248' title='bbox 303 2171 352 2208; x_wconf 88' lang='lat' dir='ltr'>II.</span> <span class='ocrx_word' id='word_1_249' title='bbox 385 2171 518 2209; x_wconf 80' lang='lat' dir='ltr'>Vossii</span> <span class='ocrx_word' id='word_1_250' title='bbox 549 2169 593 2207; x_wconf 89' lang='lat' dir='ltr'>ad</span> <span class='ocrx_word' id='word_1_251' title='bbox 627 2171 739 2218; x_wconf 88' lang='lat' dir='ltr'>Virg.</span> <span class='ocrx_word' id='word_1_252' title='bbox 773 2169 918 2219; x_wconf 84' lang='lat' dir='ltr'>Georg.</span> <span class='ocrx_word' id='word_1_253' title='bbox 940 2170 1010 2208; x_wconf 82' lang='lat' dir='ltr'><strong>III.</strong></span> <span class='ocrx_word' id='word_1_254' title='bbox 1045 2173 1138 2208; x_wconf 80' lang='lat'><strong>312.</strong></span> <span class='ocrx_word' id='word_1_255' title='bbox 1171 2168 1430 2215; x_wconf 84' lang='lat' dir='ltr'>admonitioni,</span> <span class='ocrx_word' id='word_1_256' title='bbox 1463 2180 1580 2217; x_wconf 89' lang='lat' dir='ltr'>nuper</span> <span class='ocrx_word' id='word_1_257' title='bbox 1612 2166 1806 2205; x_wconf 83' lang='lat' dir='ltr'>Huscbkio</span> <span class='ocrx_word' id='word_1_258' title='bbox 1834 2166 1879 2205; x_wconf 87' lang='lat' dir='ltr'>ad</span> 
     </span>
     <span class='ocr_line' id='line_1_30' title="bbox 238 2234 1881 2288; baseline -0.002 -10"><span class='ocrx_word' id='word_1_259' title='bbox 238 2239 382 2279; x_wconf 82' lang='lat' dir='ltr'>Tibull.</span> <span class='ocrx_word' id='word_1_260' title='bbox 415 2238 483 2277; x_wconf 94' lang='lat' dir='ltr'>IlI.</span> <span class='ocrx_word' id='word_1_261' title='bbox 518 2254 542 2284; x_wconf 83' lang='grc' dir='ltr'>ι,</span> <span class='ocrx_word' id='word_1_262' title='bbox 578 2241 641 2276; x_wconf 88' lang='grc'>10.</span> <span class='ocrx_word' id='word_1_263' title='bbox 674 2239 880 2288; x_wconf 82' lang='lat' dir='ltr'>repetitae,</span> <span class='ocrx_word' id='word_1_264' title='bbox 913 2239 1059 2277; x_wconf 89' lang='lat' dir='ltr'>multum</span> <span class='ocrx_word' id='word_1_265' title='bbox 1091 2238 1238 2285; x_wconf 87' lang='lat' dir='ltr'>tribuo,</span> <span class='ocrx_word' id='word_1_266' title='bbox 1270 2237 1337 2275; x_wconf 87' lang='lat' dir='ltr'>sed</span> <span class='ocrx_word' id='word_1_267' title='bbox 1370 2239 1474 2275; x_wconf 85' lang='lat' dir='ltr'>recte</span> <span class='ocrx_word' id='word_1_268' title='bbox 1498 2236 1675 2274; x_wconf 87' lang='lat' dir='ltr'>Vossium</span> <span class='ocrx_word' id='word_1_269' title='bbox 1706 2235 1752 2274; x_wconf 88' lang='lat' dir='ltr'>ad</span> <span class='ocrx_word' id='word_1_270' title='bbox 1783 2234 1881 2274; x_wconf 83' lang='lat' dir='ltr'>hunc</span> 
     </span>
     <span class='ocr_line' id='line_1_31' title="bbox 239 2303 1880 2356; baseline -0.003 -9"><span class='ocrx_word' id='word_1_271' title='bbox 239 2306 382 2347; x_wconf 89' lang='lat' dir='ltr'>Tibulli</span> <span class='ocrx_word' id='word_1_272' title='bbox 415 2307 555 2356; x_wconf 87' lang='lat' dir='ltr'>locum,</span> <span class='ocrx_word' id='word_1_273' title='bbox 588 2309 625 2345; x_wconf 85' lang='lat' dir='ltr'>et</span> <span class='ocrx_word' id='word_1_274' title='bbox 655 2307 699 2344; x_wconf 86' lang='lat' dir='ltr'>ad</span> <span class='ocrx_word' id='word_1_275' title='bbox 733 2306 890 2346; x_wconf 87' lang='lat' dir='ltr'>Carmen</span> <span class='ocrx_word' id='word_1_276' title='bbox 924 2307 959 2345; x_wconf 87' lang='lat' dir='ltr'>in</span> <span class='ocrx_word' id='word_1_277' title='bbox 991 2306 1151 2346; x_wconf 82' lang='lat' dir='ltr'>Messal.</span> <span class='ocrx_word' id='word_1_278' title='bbox 1175 2310 1268 2345; x_wconf 72' lang='lat'>173.</span> <span class='ocrx_word' id='word_1_279' title='bbox 1300 2304 1435 2356; x_wconf 87' lang='lat' dir='ltr'>aliquid</span> <span class='ocrx_word' id='word_1_280' title='bbox 1468 2304 1660 2342; x_wconf 80' lang='lat' dir='ltr'>remisisse</span> <span class='ocrx_word' id='word_1_281' title='bbox 1693 2303 1738 2342; x_wconf 90' lang='lat' dir='ltr'>de</span> <span class='ocrx_word' id='word_1_282' title='bbox 1762 2315 1880 2342; x_wconf 85' lang='lat' dir='ltr'>seve-</span> 
     </span>
     <span class='ocr_line' id='line_1_32' title="bbox 240 2372 1879 2421; baseline -0.003 -6"><span class='ocrx_word' id='word_1_283' title='bbox 240 2378 351 2415; x_wconf 84' lang='lat' dir='ltr'>ritate</span> <span class='ocrx_word' id='word_1_284' title='bbox 382 2388 450 2414; x_wconf 85' lang='lat' dir='ltr'>sua</span> <span class='ocrx_word' id='word_1_285' title='bbox 481 2387 633 2413; x_wconf 87' lang='lat' dir='ltr'>censeo.</span> <span class='ocrx_word' id='word_1_286' title='bbox 694 2374 744 2414; x_wconf 84' lang='lat' dir='ltr'>Ut</span> <span class='ocrx_word' id='word_1_287' title='bbox 775 2376 869 2413; x_wconf 89' lang='lat' dir='ltr'>enim</span> <span class='ocrx_word' id='word_1_288' title='bbox 908 2375 954 2414; x_wconf 90' lang='lat' dir='ltr'>de</span> <span class='ocrx_word' id='word_1_289' title='bbox 993 2374 1205 2413; x_wconf 87' lang='lat' dir='ltr'>hominibus</span> <span class='ocrx_word' id='word_1_290' title='bbox 1245 2373 1332 2411; x_wconf 92' lang='lat' dir='ltr'>illud</span> <span class='ocrx_word' id='word_1_291' title='bbox 1371 2374 1492 2421; x_wconf 85' lang='lat' dir='ltr'>magis</span> <span class='ocrx_word' id='word_1_292' title='bbox 1533 2374 1706 2412; x_wconf 82' lang='lat' dir='ltr'>usitatum</span> <span class='ocrx_word' id='word_1_293' title='bbox 1746 2372 1879 2421; x_wconf 86' lang='lat' dir='ltr'>fuerit,</span> 
     </span>
     <span class='ocr_line' id='line_1_33' title="bbox 241 2442 1880 2496; baseline -0.003 -12"><span class='ocrx_word' id='word_1_294' title='bbox 241 2459 324 2485; x_wconf 88' lang='lat' dir='ltr'>num</span> <span class='ocrx_word' id='word_1_295' title='bbox 355 2446 544 2496; x_wconf 76' lang='lat' dir='ltr'>sequitur,</span> <span class='ocrx_word' id='word_1_296' title='bbox 586 2456 658 2482; x_wconf 90' lang='lat' dir='ltr'>non</span> <span class='ocrx_word' id='word_1_297' title='bbox 695 2446 868 2495; x_wconf 88' lang='lat' dir='ltr'>potuisse</span> <span class='ocrx_word' id='word_1_298' title='bbox 906 2444 1000 2483; x_wconf 90' lang='lat' dir='ltr'>idem</span> <span class='ocrx_word' id='word_1_299' title='bbox 1038 2444 1084 2482; x_wconf 91' lang='lat' dir='ltr'>de</span> <span class='ocrx_word' id='word_1_300' title='bbox 1125 2443 1368 2491; x_wconf 83' lang='lat' dir='ltr'>animalibuS,</span> <span class='ocrx_word' id='word_1_301' title='bbox 1410 2442 1473 2480; x_wconf 90' lang='lat' dir='ltr'>vel</span> <span class='ocrx_word' id='word_1_302' title='bbox 1513 2443 1559 2481; x_wconf 84' lang='lat' dir='ltr'>de</span> <span class='ocrx_word' id='word_1_303' title='bbox 1590 2455 1631 2482; x_wconf 90' lang='lat' dir='ltr'>re</span> <span class='ocrx_word' id='word_1_304' title='bbox 1661 2443 1880 2488; x_wconf 83' lang='lat' dir='ltr'>inanimata,</span> 
     </span>
     <span class='ocr_line' id='line_1_34' title="bbox 245 2509 1882 2567; baseline -0.003 -13"><span class='ocrx_word' id='word_1_305' title='bbox 245 2511 351 2554; x_wconf 59' lang='lat' dir='ltr'>dici?</span> <span class='ocrx_word' id='word_1_306' title='bbox 384 2514 476 2567; x_wconf 83' lang='lat' dir='ltr'>Quis</span> <span class='ocrx_word' id='word_1_307' title='bbox 508 2512 573 2552; x_wconf 89' lang='lat' dir='ltr'>tali</span> <span class='ocrx_word' id='word_1_308' title='bbox 605 2514 640 2550; x_wconf 95' lang='lat' dir='ltr'>in</span> <span class='ocrx_word' id='word_1_309' title='bbox 672 2525 711 2551; x_wconf 89' lang='lat' dir='ltr'>re</span> <span class='ocrx_word' id='word_1_310' title='bbox 743 2514 885 2552; x_wconf 88' lang='lat' dir='ltr'>modum</span> <span class='ocrx_word' id='word_1_311' title='bbox 916 2513 1152 2564; x_wconf 84' lang='lat' dir='ltr'>praescribat</span> <span class='ocrx_word' id='word_1_312' title='bbox 1182 2509 1348 2563; x_wconf 63' lang='lat' dir='ltr'>poetae?</span> <span class='ocrx_word' id='word_1_313' title='bbox 1396 2511 1475 2550; x_wconf 88' lang='lat' dir='ltr'>Sed</span> <span class='ocrx_word' id='word_1_314' title='bbox 1507 2514 1627 2550; x_wconf 82' lang='lat' dir='ltr'>tamen</span> <span class='ocrx_word' id='word_1_315' title='bbox 1657 2511 1753 2563; x_wconf 88' lang='lat' dir='ltr'>apud</span> <span class='ocrx_word' id='word_1_316' title='bbox 1784 2511 1882 2550; x_wconf 80' lang='lat' dir='ltr'>Vir—</span> 
     </span>
     <span class='ocr_line' id='line_1_35' title="bbox 241 2580 1881 2633; baseline -0.003 -11"><span class='ocrx_word' id='word_1_317' title='bbox 241 2584 371 2633; x_wconf 87' lang='lat' dir='ltr'>gilium</span> <span class='ocrx_word' id='word_1_318' title='bbox 403 2582 546 2632; x_wconf 79' lang='lat' dir='ltr'>Georg.</span> <span class='ocrx_word' id='word_1_319' title='bbox 578 2581 649 2619; x_wconf 93' lang='lat' dir='ltr'>Ill.</span> <span class='ocrx_word' id='word_1_320' title='bbox 683 2585 778 2620; x_wconf 80' lang='lat'>312.</span> <span class='ocrx_word' id='word_1_321' title='bbox 810 2584 984 2632; x_wconf 78' lang='lat' dir='ltr'>praefero</span> <span class='ocrx_word' id='word_1_322' title='bbox 1016 2582 1148 2621; x_wconf 87' lang='lat' dir='ltr'>Vossii</span> <span class='ocrx_word' id='word_1_323' title='bbox 1179 2582 1406 2633; x_wconf 84' lang='lat' dir='ltr'>aliorumque</span> <span class='ocrx_word' id='word_1_324' title='bbox 1438 2580 1748 2630; x_wconf 82' lang='lat' dir='ltr'>explicationem,</span> <span class='ocrx_word' id='word_1_325' title='bbox 1784 2582 1881 2618; x_wconf 83' lang='lat' dir='ltr'>tam-</span> 
     </span>
     <span class='ocr_line' id='line_1_36' title="bbox 243 2648 1881 2704; baseline -0.003 -13"><span class='ocrx_word' id='word_1_326' title='bbox 243 2666 350 2704; x_wconf 85' lang='lat' dir='ltr'>quam</span> <span class='ocrx_word' id='word_1_327' title='bbox 391 2651 677 2701; x_wconf 81' lang='lat' dir='ltr'>simpliciorem,</span> <span class='ocrx_word' id='word_1_328' title='bbox 722 2651 794 2689; x_wconf 89' lang='lat' dir='ltr'>etsi</span> <span class='ocrx_word' id='word_1_329' title='bbox 826 2650 979 2689; x_wconf 83' lang='lat' dir='ltr'>alteram</span> <span class='ocrx_word' id='word_1_330' title='bbox 1018 2652 1194 2701; x_wconf 90' lang='lat' dir='ltr'>agnoscit</span> <span class='ocrx_word' id='word_1_331' title='bbox 1225 2651 1441 2689; x_wconf 85' lang='lat' dir='ltr'>Priscianus</span> <span class='ocrx_word' id='word_1_332' title='bbox 1473 2648 1583 2687; x_wconf 91' lang='lat' dir='ltr'><strong>VIII.</strong></span> <span class='ocrx_word' id='word_1_333' title='bbox 1622 2650 1716 2687; x_wconf 71' lang='lat'><strong>796.</strong></span> <span class='ocrx_word' id='word_1_334' title='bbox 1776 2650 1815 2686; x_wconf 88' lang='lat' dir='ltr'>et</span> <span class='ocrx_word' id='word_1_335' title='bbox 1846 2649 1881 2686; x_wconf 89' lang='lat' dir='ltr'>in</span> 
     </span>
     <span class='ocr_line' id='line_1_37' title="bbox 244 2717 1882 2770; baseline -0.003 -10"><span class='ocrx_word' id='word_1_336' title='bbox 244 2720 384 2760; x_wconf 83' lang='lat' dir='ltr'>Tibulli</span> <span class='ocrx_word' id='word_1_337' title='bbox 415 2720 498 2758; x_wconf 90' lang='lat' dir='ltr'>loco</span> <span class='ocrx_word' id='word_1_338' title='bbox 532 2718 745 2767; x_wconf 83' lang='lat' dir='ltr'>elegantem</span> <span class='ocrx_word' id='word_1_339' title='bbox 777 2719 945 2770; x_wconf 83' lang='lat' dir='ltr'>quidem,</span> <span class='ocrx_word' id='word_1_340' title='bbox 989 2720 1057 2758; x_wconf 88' lang='lat' dir='ltr'>sed</span> <span class='ocrx_word' id='word_1_341' title='bbox 1094 2731 1166 2757; x_wconf 90' lang='lat' dir='ltr'>non</span> <span class='ocrx_word' id='word_1_342' title='bbox 1199 2721 1335 2757; x_wconf 87' lang='lat' dir='ltr'>certam</span> <span class='ocrx_word' id='word_1_343' title='bbox 1376 2731 1464 2756; x_wconf 87' lang='lat' dir='ltr'>esse</span> <span class='ocrx_word' id='word_1_344' title='bbox 1496 2720 1620 2757; x_wconf 86' lang='lat' dir='ltr'>statuo</span> <span class='ocrx_word' id='word_1_345' title='bbox 1650 2717 1882 2755; x_wconf 86' lang='lat' dir='ltr'>emendatio-</span> 
     </span>
     <span class='ocr_line' id='line_1_38' title="bbox 244 2785 1882 2841; baseline -0.002 -14"><span class='ocrx_word' id='word_1_346' title='bbox 244 2803 326 2828; x_wconf 88' lang='lat' dir='ltr'>nem</span> <span class='ocrx_word' id='word_1_347' title='bbox 357 2788 525 2837; x_wconf 85' lang='lat' dir='ltr'>Ileinsii,</span> <span class='ocrx_word' id='word_1_348' title='bbox 558 2788 719 2827; x_wconf 78' lang='lat' dir='ltr'>Pumice</span> <span class='ocrx_word' id='word_1_349' title='bbox 751 2801 853 2841; x_wconf 78' lang='lat' dir='ltr'>qnae</span> <span class='ocrx_word' id='word_1_350' title='bbox 883 2802 1011 2828; x_wconf 76' lang='lat' dir='ltr'>canas</span> <span class='ocrx_word' id='word_1_351' title='bbox 1042 2788 1205 2828; x_wconf 76' lang='lat' dir='ltr'>tondeat</span> <span class='ocrx_word' id='word_1_352' title='bbox 1235 2794 1327 2826; x_wconf 76' lang='lat' dir='ltr'>(mle</span> <span class='ocrx_word' id='word_1_353' title='bbox 1358 2801 1504 2826; x_wconf 81' lang='lat' dir='ltr'>comas.</span> <span class='ocrx_word' id='word_1_354' title='bbox 1567 2785 1764 2826; x_wconf 81' lang='lat' dir='ltr'>Caeterum</span> <span class='ocrx_word' id='word_1_355' title='bbox 1795 2793 1882 2824; x_wconf 80' lang='lat' dir='ltr'>ton-</span> 
     </span>
     <span class='ocr_line' id='line_1_39' title="bbox 247 2854 1880 2907; baseline -0.002 -11"><span class='ocrx_word' id='word_1_356' title='bbox 247 2858 353 2906; x_wconf 78' lang='lat' dir='ltr'>deri,</span> <span class='ocrx_word' id='word_1_357' title='bbox 386 2855 631 2907; x_wconf 66' lang='grc' dir='ltr'><em>κείρεσθαι,</em></span> <span class='ocrx_word' id='word_1_358' title='bbox 664 2856 710 2893; x_wconf 87' lang='lat' dir='ltr'>de</span> <span class='ocrx_word' id='word_1_359' title='bbox 741 2856 941 2894; x_wconf 84' lang='lat' dir='ltr'>arboribus</span> <span class='ocrx_word' id='word_1_360' title='bbox 972 2857 1153 2896; x_wconf 83' lang='lat' dir='ltr'>sollemne</span> <span class='ocrx_word' id='word_1_361' title='bbox 1184 2858 1262 2895; x_wconf 86' lang='lat' dir='ltr'>est.</span> <span class='ocrx_word' id='word_1_362' title='bbox 1358 2856 1453 2895; x_wconf 92' lang='lat' dir='ltr'>Illud</span> <span class='ocrx_word' id='word_1_363' title='bbox 1485 2854 1597 2894; x_wconf 85' lang='lat' dir='ltr'>velim</span> <span class='ocrx_word' id='word_1_364' title='bbox 1635 2855 1880 2903; x_wconf 83' lang='lat' dir='ltr'>observetur,</span> 
     </span>
     <span class='ocr_line' id='line_1_40' title="bbox 246 2923 1881 2976; baseline 0 -14"><span class='ocrx_word' id='word_1_365' title='bbox 246 2926 390 2965; x_wconf 75' lang='lat' dir='ltr'>facilem</span> <span class='ocrx_word' id='word_1_366' title='bbox 422 2938 509 2965; x_wconf 86' lang='lat' dir='ltr'>esse</span> <span class='ocrx_word' id='word_1_367' title='bbox 539 2925 855 2974; x_wconf 85' lang='lat' dir='ltr'>emendationem,</span> <span class='ocrx_word' id='word_1_368' title='bbox 892 2925 1132 2975; x_wconf 79' lang='lat' dir='ltr'>Toudenms,</span> <span class='ocrx_word' id='word_1_369' title='bbox 1169 2925 1380 2965; x_wconf 73' lang='lat' dir='ltr'>Tomlebis.</span> <span class='ocrx_word' id='word_1_370' title='bbox 1440 2925 1511 2963; x_wconf 79' lang='lat' dir='ltr'>Est</span> <span class='ocrx_word' id='word_1_371' title='bbox 1540 2923 1718 2976; x_wconf 83' lang='lat' dir='ltr'>quaedam</span> <span class='ocrx_word' id='word_1_372' title='bbox 1760 2924 1881 2962; x_wconf 81' lang='lat' dir='ltr'>affini-</span> 
     </span>
     <span class='ocr_line' id='line_1_41' title="bbox 249 2992 1883 3046; baseline -0.002 -12"><span class='ocrx_word' id='word_1_373' title='bbox 249 2995 307 3034; x_wconf 84' lang='lat' dir='ltr'>tas</span> <span class='ocrx_word' id='word_1_374' title='bbox 338 2996 421 3033; x_wconf 84' lang='lat' dir='ltr'>soni</span> <span class='ocrx_word' id='word_1_375' title='bbox 451 2995 488 3034; x_wconf 93' lang='lat' dir='ltr'>in</span> <span class='ocrx_word' id='word_1_376' title='bbox 520 2994 541 3035; x_wconf 82' lang='lat' dir='ltr'><em>b</em></span> <span class='ocrx_word' id='word_1_377' title='bbox 572 2996 610 3034; x_wconf 86' lang='lat' dir='ltr'>et</span> <span class='ocrx_word' id='word_1_378' title='bbox 638 3008 673 3034; x_wconf 85' lang='lat' dir='ltr'>m</span> <span class='ocrx_word' id='word_1_379' title='bbox 695 2993 852 3034; x_wconf 79' lang='lat' dir='ltr'>litteris:</span> <span class='ocrx_word' id='word_1_380' title='bbox 886 2994 980 3033; x_wconf 85' lang='lat' dir='ltr'>unde</span> <span class='ocrx_word' id='word_1_381' title='bbox 1005 2995 1205 3046; x_wconf 86' lang='lat' dir='ltr'>permutari</span> <span class='ocrx_word' id='word_1_382' title='bbox 1230 2997 1450 3045; x_wconf 85' lang='lat' dir='ltr'>potuerunt.</span> <span class='ocrx_word' id='word_1_383' title='bbox 1494 2992 1536 3033; x_wconf 90' lang='lat' dir='ltr'>lu</span> <span class='ocrx_word' id='word_1_384' title='bbox 1558 2992 1708 3031; x_wconf 82' lang='lat' dir='ltr'>Moreto</span> <span class='ocrx_word' id='word_1_385' title='bbox 1728 3005 1766 3031; x_wconf 89' lang='lat' dir='ltr'>v.</span> <span class='ocrx_word' id='word_1_386' title='bbox 1789 2996 1883 3031; x_wconf 86' lang='lat'>103.</span> 
     </span>
    </p>
   </div>
  </div>
 </body>
</html>
