2006 3365
216 145 316 188 212
769 135 1293 177 ANIMADVERSIONES

217 256 302 308 quid
333 256 452 294 minus
481 266 594 293 aurea
623 249 807 305 profero?
838 264 933 305 quae
964 251 1136 302 exempla
1165 252 1339 302 profero,
1369 263 1491 292 nonne
1515 254 1603 291 sunt
1621 251 1757 291 aetatis
1779 263 1849 290 au-

218 320 336 364 reae?
394 324 442 362 Et
466 323 709 362 ratiocinatur
730 322 808 361 ita:
840 321 874 359 si
898 320 964 358 illa
987 322 1075 359 sunt
1100 332 1150 358 ex
1189 332 1304 359 aurea
1325 324 1474 371 aetate,
1504 325 1545 361 ut
1569 322 1680 369 sunt,
1712 323 1850 359 certum

218 396 277 433 est
299 395 371 432 tum
395 403 542 430 amores
566 391 686 429 fuisse
717 391 893 430 furtivos
925 389 1032 438 Ergo
1061 391 1134 428 etc.
1186 392 1314 430 minus
1339 385 1525 439 ὶιτότης,
1552 401 1621 441 pro
1646 389 1850 439 negatione

215 460 389 512 simplici.
420 462 461 500 ut
489 460 526 498 in
557 459 690 499 Diris:
732 459 781 499 Si
809 461 936 498 minus
967 459 1068 498 haec
1097 458 1162 497 N
1141 465 1283 511 eptune
1313 465 1407 498 tuas
1439 459 1686 511 infundimus
1718 459 1848 497 auris.

216 532 354 568 Aurea
375 529 545 569 saecula
569 541 683 580 supra
704 542 742 567 v.
764 531 830 567 47.
856 528 1086 567 distinxerat
1102 538 1124 565 a
1144 527 1292 566 deorum
1319 530 1464 577 aetate3
1489 527 1551 566 hic
1576 527 1670 565 deos
1689 525 1849 566 heroas-

215 610 287 650 que
317 597 598 649 comprehendit
615 610 660 637 ea
675 597 942 649 appellatione.
1004 595 1105 635 Sane
1131 595 1264 635 incerti
1297 599 1384 635 sunt
1412 596 1505 635 fines
1532 596 1668 634 aetatis
1689 607 1849 644 aureae,

215 667 277 705 ubi
316 667 363 706 de
402 667 552 706 deorum
589 667 717 717 agitur
755 665 959 704 amoribus.
1029 664 1123 704 Nam
1163 665 1381 714 Ariadnen,
1428 666 1501 704 etsi
1538 666 1658 703 amata
1697 661 1849 702 Baccho

214 737 305 785 suit,
335 739 439 776 recte
464 734 561 776 Cato
588 749 628 774 v.
653 739 719 774 47.
750 747 773 773 a
803 734 954 773 deorum
978 736 1103 773 aetate
1133 736 1309 784 separat,
1341 746 1448 785 quum
1472 732 1554 783 illa,
1587 732 1684 785 quod
1716 736 1841 772 osten-

213 806 304 846 dunt
342 817 488 845 amores
527 804 693 854 Thesei,
734 803 914 843 historico
955 804 1113 854 tempori
1152 803 1202 842 sit
1238 803 1406 854 propior.
1481 802 1538 842 At
1573 802 1668 841 alios
1699 801 1848 841 deorum

212 887 378 923 amores,
416 873 708 925 Endyfflonem,
749 872 923 921 AdonIn,
964 872 1161 923 Orionem,
1201 871 1393 910 remotiori
1424 871 1599 918 saeculo,
1640 870 1701 911 vel
1733 871 1848 910 aetati

214 943 326 982 nullis
357 944 470 982 certis
502 942 637 981 finibus
668 942 900 981 definiendae
931 941 1159 990 assignabat
1188 941 1408 993 antiquitas.
1469 954 1595 981 aurea
1626 952 1698 980 non
1730 940 1848 979 solum

212 1015 319 1052 aetas
344 1012 480 1051 dicitur
504 1012 609 1062 ipsa,
641 1011 710 1049 sed
742 1012 851 1050 etiam
876 1022 972 1063 quae
1001 1010 1046 1048 ad
1070 1009 1166 1048 illam
1190 1011 1393 1060 pertinent.
1426 1014 1465 1048 ut
1488 1008 1679 1048 homines:
1712 1008 1847 1048 Theo-

212 1082 292 1121 crit.
325 1080 414 1119 XII.
453 1083 513 1119 l5
550 1083 613 1118 16.
647 1093 669 1129 η
703 1077 757 1129 ῥα
785 1075 872 1115 τότ’
905 1078 1012 1128 ἦσαν
1043 1075 1245 1126 χούσειοι
1277 1074 1409 1114 πάὶαι
1441 1070 1614 1125 ἇιὸοες,
1649 1072 1708 1114 ὅκ
1729 1090 1848 1114 αιτε-

213 1149 356 1199 (ρι’λησ
390 1146 410 1185 ὁ
443 1145 660 1199 φιῑηθειᾭς
721 1150 759 1188 et
790 1148 852 1200 qui
884 1148 917 1186 ei
948 1150 1152 1198 praesunt,
1184 1147 1267 1185 dii:
1306 1147 1468 1186 Aureus
1500 1148 1703 1187 Saturnus
1730 1147 1846 1197 Virg.

211 1218 357 1268 Georg.
389 1217 438 1256 ΙΙ.
471 1221 565 1257 538.
599 1230 726 1257 aurea
765 1217 885 1268 Virqo
918 1216 1032 1265 Eleg.
1064 1216 1100 1253 in
1131 1215 1257 1254 Maec.
1290 1215 1352 1254 ob.
1385 1219 1451 1254 23.

294 1287 636 1338 lutei-punctionem
661 1285 747 1325 olim
775 1285 865 1325 editi
892 1284 1024 1323 nullam
1058 1283 1200 1323 habent
1222 1285 1294 1322 nisi
1319 1285 1353 1323 in
1380 1284 1452 1323 fine
1478 1295 1640 1334 versus3
1672 1287 1846 1336 punctum

209 1356 319 1395 Rom.
346 1356 376 1395 Ι.
401 1357 499 1396 Mut.
552 1356 701 1405 signum
725 1355 909 1403 interrog.
934 1354 1042 1393 Rom.
1070 1352 1119 1391 ΙΙ.
1139 1353 1237 1392 Ven.
1263 1353 1401 1393 Achat.
1424 1353 1525 1393 Rub.
1557 1353 1665 1393 lens.
1688 1354 1847 1393 Praeter

208 1425 281 1464 hoc
303 1426 453 1465 Veneta
476 1425 576 1465 Rub.
609 1424 762 1463 Vieent.
790 1435 868 1462 cum
900 1421 1018 1460 Voss.
1036 1421 1086 1460 lI.
1112 1422 1261 1462 Veneta
1293 1425 1410 1462 1482.
1434 1422 1528 1461 duae
1551 1423 1725 1462 Venetae
1750 1422 1847 1461 Bur-

208 1495 353 1543 manni,
371 1494 418 1533 al.
448 1495 574 1545 inepte
599 1493 709 1532 colon
733 1496 823 1543 post
844 1494 986 1531 minus.
1045 1492 1224 1546 nunquid
1241 1490 1328 1530 libri
1345 1491 1508 1530 nonnulli
1527 1492 1660 1542 scripti
1678 1494 1715 1531 et
1731 1492 1845 1542 editi,

211 1569 248 1603 ut
276 1563 385 1602 Rom.
417 1562 447 1601 Ι.
479 1562 576 1600 Veh.
604 1561 746 1601 Acbat.
779 1560 881 1599 lens.
908 1560 1005 1599 Mut.
1037 1561 1122 1599 vic.
1155 1564 1193 1599 et
1228 1560 1406 1599 Aldinae.
1433 1563 1601 1613 nunquit
1634 1561 1715 1600 cod.
1754 1561 1844 1600 Bas.

210 1636 324 1672 nimis
351 1632 492 1670 Medic.
559 1643 684 1684 prono
709 1631 828 1669 Voss.
861 1628 891 1667 l.
971 1630 1158 1682 numquid
1177 1632 1304 1668 minus
1328 1643 1453 1668 aurea
1476 1625 1651 1682 proles?
1680 1629 1844 1670 Vonckii

211 1704 245 1740 in
275 1700 559 1741 Commentariis
584 1699 706 1738 Acad.
737 1698 858 1737 Elect.
891 1697 1088 1736 Palatinae
1120 1699 1393 1748 coniecturam,
1427 1710 1447 1736 a
1474 1699 1683 1737 Burmanno
1714 1697 1844 1749 prola-

210 1776 304 1819 tam,
345 1769 490 1820 recepit
520 1767 745 1817 putschius,
784 1770 823 1807 ut
852 1779 874 1805 a
906 1766 1100 1806 coelicolis
1133 1769 1297 1805 transeat
1328 1770 1442 1817 poeta
1481 1767 1526 1805 ad
1557 1765 1710 1805 heroum
1741 1780 1845 1806 amo-

211 1852 297 1887 res,
335 1838 406 1876 hoe
443 1850 588 1876 sensu:
639 1849 722 1875 num
773 1837 858 1888 quid
900 1835 961 1885 hi,
1006 1835 1165 1884 heroes,
1215 1847 1327 1874 secus
1368 1831 1530 1874 secere?
1607 1837 1690 1875 Fuit
1729 1836 1848 1876 altera

212 1907 373 1946 Vonckii
408 1907 650 1945 coniectura:
682 1906 869 1958 numquid
899 1907 1026 1944 minus
1059 1919 1186 1943 aurea
1216 1900 1424 1943 Pomona?
1539 1905 1749 1943 Burmanno
1780 1918 1846 1944 au·

209 1980 282 2015 tem
324 1977 397 2027 ipsi
434 1977 484 2014 ila
521 1973 637 2014 scribi
662 1969 793 2025 ‘posse
825 1974 1056 2012 videbatur:
1096 1987 1197 2012 nureo
1230 1988 1329 2027 quur
1368 1977 1494 2013 minus
1527 1987 1652 2013 aurea
1680 1971 1847 2028 proles?

210 2047 380 2085 Eri-atum
412 2046 447 2083 in
481 2043 636 2084 Vratisl.
668 2043 697 2082 Ι.
733 2043 795 2082 ubi
826 2042 889 2081 hie
923 2055 1060 2081 versus
1091 2043 1331 2093 postpositus
1363 2043 1420 2092 ei,
1452 2044 1512 2094 qui
1544 2048 1603 2082 est
1633 2042 1700 2081 75.

297 2183 347 2221 V.
372 2184 435 2221 ἶῖ).
458 2183 593 2233 (1ἶ8.)
606 2190 729 2224 ERGO
743 2190 867 2232 QUOD
882 2189 1004 2223 DEUS
1022 2190 1177 2231 ATQUE
1195 2190 1366 2229 HEROS,
1383 2190 1473 2223 FUR
1488 2189 1587 2223 NON
1605 2189 1759 2224 MINOR
1773 2182 1847 2223 etc.

215 2254 341 2300 deus,
383 2251 572 2302 Iuppiter3
613 2251 749 2298 heros,
794 2250 960 2291 Adonis,
1005 2248 1134 2288 Orion.
1206 2250 1289 2288 Etsi
1334 2248 1405 2287 hoe
1447 2249 1515 2287 iam
1555 2249 1592 2288 in
1634 2251 1847 2288 universum

215 2322 349 2360 «lictum
381 2322 453 2359 est.
515 2321 694 2359 Potuerat
724 2320 806 2357 sie:
851 2319 953 2366 Ergo
986 2318 1081 2370 quod
1115 2318 1162 2356 dii
1195 2324 1307 2369 atque
1348 2317 1498 2356 heroes.
1588 2319 1705 2359 heros
1737 2319 1847 2358 Ado-

218 2392 276 2428 niS
315 2390 423 2428 etiam
455 2388 594 2428 Ovidio
635 2387 762 2431 audit,
809 2387 1024 2439 Cinyreius·
1063 2388 1179 2426 heros
1219 2388 1370 2426 Metam.
1413 2387 1463 2426 X.
1507 2392 1600 2428 730.
1720 2388 1848 2439 Negat

218 2458 388 2499 Catullus
419 2459 456 2495 in
484 2469 529 2495 ea
552 2468 591 2495 re
623 2456 722 2494 divis
750 2456 1026 2507 componendos
1056 2468 1145 2494 esse
1171 2455 1351 2494 homines.
1413 2456 1546 2506 Magis
1571 2457 1703 2496 callide
1721 2456 1846 2496 Chae-

219 2541 282 2567 rea
310 2527 479 2567 Terentii
518 2527 570 2564 ita
600 2525 861 2570 ratiocinatur,
905 2525 1001 2576 quod
1043 2526 1145 2563 deum
1184 2537 1255 2562 non
1298 2526 1431 2575 pigeat
1468 2527 1617 2575 facere,
1660 2526 1695 2564 id
1736 2524 1847 2564 facile

219 2609 335 2648 posse
367 2596 401 2634 in
433 2607 476 2633 se
506 2594 701 2633 admittere
731 2593 926 2633 hominem.
960 2591 1020 2632 Cf.
1051 2594 1253 2644 Aristoph.
1285 2593 1386 2632 Nub.
1423 2598 1541 2634 1080.
1573 2608 1632 2647 sq.
1736 2594 1846 2634 Eros

221 2666 342 2705 Paris.
375 2665 427 2704 11.
457 2665 602 2704 haer-os
634 2661 731 2702 mut.
764 2665 857 2715 quoi
877 2675 946 2714 pro
977 2676 1049 2702 cur
1079 2662 1196 2703 Voss.
1216 2662 1247 2702 Ι.
1308 2664 1374 2703 7ἷέ
1405 2675 1474 2714 pro
1513 2676 1590 2703 non
1619 2661 1743 2702 Paris.
1775 2663 1846 2702 lv.

305 2804 354 2844 V.
373 2806 438 2842 τε.
458 2803 494 2840 ῑ.
512 2804 551 2840 8.
572 2798 685 2848 (179.
703 2803 769 2839 80.
788 2802 844 2851 1.)
863 2810 1058 2843 INFELIX
1072 2809 1182 2849 Eoo,
1201 2808 1300 2842 NoN
1317 2809 1424 2843 11.Lo
1440 2810 1519 2851 Qui
1540 2808 1758 2843 TEMPORE
1773 2802 1847 2840 etc.

223 2874 339 2925 Quum
368 2887 411 2911 v.
445 2874 510 2909 63.
542 2881 687 2908 amores
725 2881 928 2908 recensere
968 2870 1116 2908 deorum
1154 2868 1395 2917 ordiebatur,
1437 2867 1508 2908 boc
1543 2868 1686 2917 agebat
1726 2867 1847 2921 Cato,

224 2946 260 2980 ut
299 2953 401 2980 suum
440 2941 574 2978 factum
619 2937 768 2976 deorum
808 2936 1053 2991 heroumque,
1088 2938 1150 2990 qui
1191 2940 1277 2976 ante
1315 2938 1437 2988 ipsum
1474 2936 1684 2976 violassent
1724 2938 1848 2988 pudo-

223 3023 321 3059 rem,
361 3009 584 3048 auctoritate
619 3008 875 3059 praetexeret.
946 3007 1076 3059 Nunc,
1117 3009 1286 3046 extremo
1319 3006 1497 3056 carmine,
1535 3007 1638 3045 totus
1668 3005 1849 3059 delapsus
