2006 3365
256 183 323 227 16
813 174 1345 216 ANIMADVERSIONES

256 306 362 346 quem
395 293 491 334 Cato
522 293 595 333 hoc
627 291 798 331 Dirarum
831 292 991 329 carmine
1022 289 1190 328 imitatus
1221 290 1293 328 sit:
1335 290 1500 329 fortasse
1527 287 1768 338 Callimachi,
1801 299 1898 338 pro-

255 366 342 414 pter
359 363 454 402 Ibin.
488 362 564 401 Sed
589 359 783 399 molestum
806 362 866 398 est
884 359 1057 398 breviter
1081 358 1230 408 dicere,
1262 370 1357 410 quae
1389 358 1484 396 alius
1516 358 1670 406 diffuse,
1702 361 1741 396 et
1765 357 1900 408 partim

255 432 455 470 manifesto
480 429 596 479 salsa,
630 428 765 480 partim
798 440 871 467 non
903 428 998 467 satis
1033 427 1131 466 inter
1163 439 1206 465 se
1234 427 1355 465 onmia
1375 426 1609 466 concilianda
1629 425 1899 477 disputaverit.

256 499 381 551 Quare
416 498 575 550 reliqua,
617 498 678 549 qui
718 496 842 541 volet,
887 497 983 548 apud
1017 497 1137 547 ipsum
1179 494 1287 544 legat
1319 496 1632 535 Wernsdorfium.
1692 494 1900 534 Manifesto

255 566 388 605 salsum
420 566 508 604 illud
541 569 620 611 est,
656 569 696 606 ut
718 578 826 605 unum
853 577 1152 613 commemorem,
1179 564 1275 616 quod
1309 563 1607 613 ταυτολογίαις
1633 570 1793 604 scatere
1813 574 1901 602 car-

254 647 336 674 men
369 633 551 685 Catonis,
584 637 623 675 et
652 649 787 675 verum
817 630 1100 683 βαττολυγίας
1130 633 1347 686 exemplam
1378 645 1466 672 esse
1496 633 1604 673 dicit.

341 704 402 743 De
434 705 577 743 nomine
608 705 693 755 ipso
726 704 894 744 Battara·
935 702 1032 742 haec
1070 702 1209 741 habeo.
1270 703 1362 742 Vox
1399 714 1472 741 non
1511 704 1661 752 reperta
1699 703 1760 741 est
1797 699 1901 739 alibi.

256 773 337 813 Sed
368 776 491 812 tamen
523 773 702 813 Battara
736 775 818 823 est,
851 784 983 812 nomen
1016 772 1112 822 viri,
1152 771 1251 822 apud
1283 770 1506 811 Ciceronem
1538 770 1662 821 Epist.
1695 769 1742 809 ad
1771 767 1900 809 Famil.

255 841 345 882 vll,
377 855 421 879 1x.
453 854 560 894 quem
591 842 710 881 locum
743 842 926 881 Heinsius
957 840 1115 892 protulit
1144 839 1191 878 ad
1222 852 1373 879 versum
1405 838 1566 879 Catonis
1601 843 1635 878 l.
1671 842 1710 879 et
1740 837 1902 886 βαττα-

256 908 406 959 ρίζων,
442 922 522 949 cum
554 911 760 960 derivatis,
793 906 1109 960 βατταρισμός,
1146 905 1456 958 βατταριστής,
1490 908 1590 960 apud
1613 908 1903 959 grammaticos,

256 993 352 1032 quos
376 991 595 1018 enumerare
621 979 879 1030 supersedeo:
913 979 1103 1017 sufficiunt
1135 980 1277 1027 testes,
1306 978 1613 1030 antiquissimus,
1635 977 1842 1027 Hipponax
1866 975 1903 1014 in

256 1048 422 1087 Bekkeri
454 1047 644 1088 Anecdot.
678 1048 708 1087 1.
741 1062 778 1100 p.
812 1052 880 1097 85,
914 1052 979 1087 20.
1014 1052 1052 1086 et
1085 1045 1223 1086 Cicero
1261 1047 1307 1085 ad
1340 1046 1510 1085 Atticum
1541 1046 1611 1085 VI.
1642 1059 1682 1084 v.
1743 1045 1904 1084 Primam

255 1118 366 1156 vocis
390 1117 573 1165 originem
599 1118 810 1156 rectissime
830 1115 1272 1167 explicuItCasaubonus
1294 1115 1337 1154 ad
1352 1115 1903 1165 Sueton.August.1,xxxv11.

257 1186 319 1224 ubi
353 1197 471 1224 voces
502 1188 680 1224 recenset
711 1186 820 1223 fictas
851 1197 919 1235 per
960 1181 1294 1231 ὀνοματοποιῖαν
1332 1184 1378 1222 ad
1412 1185 1692 1235 exprimendum
1722 1186 1905 1238 frequen-

257 1258 328 1293 tem
361 1254 540 1292 infantiae
573 1266 703 1292 sonum
736 1254 787 1293 ba
819 1253 881 1292 vel
915 1254 982 1293 bat
1013 1256 1076 1292 aut
1103 1253 1194 1292 bad.
1235 1253 1296 1291 De
1322 1253 1544 1305 battubata,
1569 1254 1670 1306 quod
1695 1254 1905 1305 respondet

257 1327 387 1362 nostro
416 1323 728 1376 papperlapap,
761 1323 898 1361 Festus
929 1321 968 1361 h.
1002 1335 1041 1361 v.
1074 1322 1202 1373 ibique
1234 1321 1434 1373 Scaliger3
1476 1324 1525 1361 cs.
1564 1322 1661 1361 idem
1691 1323 1830 1362 Festus
1863 1337 1905 1363 v.

257 1393 468 1441 exbaeres,
502 1396 540 1430 et
570 1405 610 1430 v.
645 1392 840 1431 imbutum.
874 1392 1004 1442 Sosip.
1039 1390 1237 1430 Charisius
1275 1390 1341 1431 lib.
1374 1390 1423 1429 ΙΙ.
1465 1394 1563 1430 extr.
1613 1391 1768 1441 Tetigit
1808 1404 1907 1432 nunc

259 1461 347 1500 illud
384 1461 616 1510 butetbatta,
649 1473 731 1499 nam
757 1461 814 1499 sic
838 1461 995 1509 scribit,
1024 1460 1239 1499 Lobeckius
1263 1461 1298 1498 in
1317 1459 1586 1511 Aglaophamo
1603 1459 1767 1511 T.11.p.
1784 1463 1904 1502 1332.

260 1533 524 1582 comparatque
556 1542 636 1568 eum
668 1533 796 1568 nostro
831 1529 1014 1581 tay-isari.
1076 1529 1183 1582 Quod
1215 1530 1334 1580 ipsum
1375 1530 1409 1567 in
1441 1532 1595 1568 mentem
1626 1528 1714 1567 mihi
1745 1532 1908 1570 revocat

258 1599 469 1638 Plautinum
502 1599 600 1638 liroe
631 1599 750 1647 lime,
783 1598 901 1637 Poen.
924 1598 953 1636 I.
986 1602 1019 1636 1.
1050 1602 1089 1637 S.
1122 1611 1202 1636 nam
1234 1599 1332 1638 liroe
1362 1599 1461 1637 lime
1493 1598 1564 1636 etsi
1596 1598 1751 1649 proprie
1781 1598 1909 1648 signi-

260 1667 399 1706 ficabat
419 1666 541 1717 λῆροι
560 1666 679 1717 λῆροι
693 1694 703 1711 ,
718 1669 854 1706 sactum
874 1671 992 1706 tamen
1014 1680 1103 1705 esse
1120 1680 1188 1705 usu
1205 1670 1317 1717 puto,
1331 1669 1370 1705 ut
1386 1665 1475 1704 nihil
1493 1668 1648 1705 sonaret
1664 1666 1784 1711 aliud,
1801 1679 1910 1720 quam

260 1739 427 1775 nostrum
458 1738 572 1776 liram
604 1738 746 1776 larum.
807 1736 868 1775 De
899 1735 1163 1775 Bambalione
1195 1734 1396 1775 Ciceronis
1435 1735 1509 1774 loci
1550 1738 1638 1775 sunt
1668 1734 1834 1787 Philipp.
1857 1735 1907 1776 ll.

261 1819 413 1845 xxxvi.
447 1811 512 1846 90.
545 1806 613 1845 111.
646 1820 702 1843 v1.
738 1809 802 1843 lc.
835 1817 994 1857 quorum
1028 1804 1220 1855 posterior
1253 1805 1421 1855 inprimis
1452 1804 1640 1843 disertus:
1680 1805 1908 1855 Bambalio,

261 1878 331 1931 qui
358 1883 524 1929 propter
553 1876 844 1915 haesitantiam
885 1874 1075 1926 linquae,
1119 1881 1396 1928 stuporemque
1426 1874 1588 1923 cordis,
1620 1887 1830 1925 coynomen
1860 1888 1911 1914 en:

260 1945 499 1985 contumelia
529 1947 715 1984 traxerit.
779 1943 904 1992 Igitur
935 1955 1001 1981 eas
1034 1943 1132 1981 inter
1163 1954 1283 1981 voces
1314 1938 1469 1989 βαττος
1499 1942 1582 1981 suit.
1633 1941 1907 1982 casaubonus:

262 2011 435 2063 βάττος,
463 2014 605 2066 inquit,
629 2013 733 2053 male
757 2012 1011 2060 βαττολογιά
1043 2019 1080 2050 et
1106 2008 1398 2060 βατταρίζων,
1431 2018 1474 2051 ut
1496 2011 1635 2064 placet
1660 2011 1908 2052 doctioribus

264 2086 577 2132 Grammatiei3;
608 2096 683 2121 non
715 2096 741 2120 a
773 2083 923 2130 Raeto,
956 2085 1062 2121 sicat
1093 2083 1290 2120 somniant
1318 2086 1476 2133 poetae.
1522 2081 1740 2120 Doctiores
1773 2079 1909 2120 Gram-

264 2154 420 2191 maticos
453 2152 563 2199 dicit,
596 2155 636 2190 ut
659 2150 927 2201 Etymologum
944 2164 983 2191 v.
1007 2147 1292 2198 βατταρίζων.
1327 2151 1374 2188 es.
1403 2150 1490 2188 boni
1511 2150 1744 2199 grammatici
1769 2150 1908 2189 obser-

265 2222 370 2259 vatio
411 2221 559 2259 Aneed.
595 2220 756 2258 sseklzer.
790 2221 821 2259 l.
853 2233 891 2270 p.
924 2222 1020 2257 224.
1063 2222 1101 2258 et
1138 2219 1235 2269 apud
1269 2218 1502 2269 Hesychium
1542 2232 1581 2257 v.
1622 2216 1905 2268 βατταρίζων.

265 2290 333 2328 scd
366 2289 618 2340 Etymologus
650 2289 818 2339 inprimis
849 2289 1065 2339 perspicue.
1106 2288 1270 2327 Fuerunt
1301 2288 1437 2336 igitur,
1471 2300 1577 2339 (piam
1609 2286 1802 2327 multorum
1832 2300 1907 2327 no·-

265 2360 419 2407 minum,
443 2370 673 2396 romanorum
697 2358 828 2405 etiam,
854 2358 1034 2396 rationem
1058 2357 1179 2395 fuisse
1211 2359 1379 2405 constat,
1411 2353 1588 2406 βάττος,
1620 2359 1658 2396 et
1687 2357 1761 2396 alia
1790 2358 1908 2396 forma

267 2424 499 2476 βάτταρος,
532 2439 627 2478 quae
653 2427 710 2464 sic
734 2438 804 2464 non
837 2427 1027 2464 invenitur
1053 2426 1232 2476 amplius,
1265 2425 1333 2464 sed
1360 2425 1553 2465 invenitur
1576 2426 1785 2465 derivatum
1801 2425 1906 2473 βατ-

267 2494 475 2545 ταρίζειν,
508 2508 580 2534 non
607 2496 761 2546 propria
784 2496 975 2545 primitus,
1008 2495 1075 2532 sed
1100 2494 1334 2545 appellativa
1357 2494 1524 2543 nomina,
1558 2495 1603 2533 iis
1632 2495 1744 2535 tribui
1771 2493 1906 2545 Solita,

268 2566 330 2618 qui
361 2565 424 2603 illo
456 2564 610 2613 linguae
643 2564 738 2603 vitio
771 2563 1019 2611 laborabant,
1051 2563 1115 2601 vel
1147 2564 1257 2602 etiam
1288 2562 1420 2601 simili:
1458 2574 1540 2601 nam
1570 2563 1682 2602 facile
1713 2562 1905 2602 concede-

268 2647 348 2673 mus
381 2632 631 2683 Casaubono,
674 2633 785 2671 etiam
816 2632 862 2670 ad
894 2631 967 2670 alia
999 2632 1093 2670 vitia
1124 2631 1356 2674 denotanda,
1392 2633 1576 2682 pueritiae
1606 2632 1754 2681 affinia,
1786 2643 1905 2670 voees

269 2702 479 2742 istiusmodi
511 2703 633 2740 saetas
665 2701 795 2739 fuisse.
842 2699 892 2740 Ut
916 2701 1013 2751 apud
1042 2702 1161 2751 ipsum
1181 2698 1402 2739 Ciceronem
1426 2700 1450 2740 l.
1477 2700 1502 2739 l.
1527 2700 1572 2739 ad
1593 2700 1774 2749 Atticum,
1799 2699 1906 2747 βατ-

269 2768 454 2820 ταρίζων
478 2783 549 2808 non
574 2772 703 2820 potest
734 2769 981 2818 balbutiens,
1013 2781 1128 2807 sensu
1155 2769 1331 2819 proprio,
1363 2782 1469 2808 esse:
1502 2769 1568 2808 sed
1593 2771 1654 2808 est
1673 2769 1906 2822 perturbate

271 2842 459 2894 loquens,
494 2839 718 2878 balbutiens
746 2841 902 2888 propter
928 2838 1088 2887 inopiam
1113 2837 1280 2886 consilii,
1312 2837 1470 2890 malique
1492 2838 1670 2876 facinoris
1701 2839 1904 2877 conscien-

273 2911 371 2948 tiam.
431 2908 522 2947 Inde
553 2920 661 2960 quum
694 2907 839 2944 nomina
877 2918 966 2944 esse
1004 2906 1158 2956 propria
1198 2907 1439 2957 coepissent,
1479 2908 1680 2956 potuerunt
1717 2907 1828 2945 etiam
1857 2907 1904 2945 iis

274 2978 407 3026 tribui,
439 2978 475 3015 in
507 2990 601 3030 quos
632 2988 705 3014 non
736 2974 889 3014 caderet
920 2973 1030 3012 ullum
1066 2973 1219 3025 linguae
1250 2976 1393 3014 vitium.
1454 2973 1503 3013 Ut
1532 2974 1764 3013 Theocritus
1794 2987 1904 3027 quum

274 3045 431 3097 aliquem
460 3045 641 3085 hominem
671 3046 834 3086 Battum
863 3042 1054 3095 appellat,
1092 3055 1166 3082 non
1197 3043 1410 3094 signifieat,
1440 3042 1607 3082 blaesum
1637 3044 1724 3083 sive
1753 3043 1903 3083 balbum
