2006 3365
289 144 389 188 838
890 136 1253 177 DISSERTATIO
1284 137 1353 178 lv.

289 268 409 304 gare,
442 259 554 306 atque
585 255 681 291 inter
712 264 756 290 se
788 252 1053 301 distinguere:
1085 251 1159 290 alia
1191 263 1296 290 nemo
1328 252 1611 303 expiscabitur,
1643 255 1716 293 nisi
1746 254 1792 293 ad
1819 255 1926 305 ipsos

287 324 488 362 recurrerit
519 321 686 360 codices.
747 320 870 359 Nimia
912 322 972 360 est
1002 322 1164 359 virorum
1196 320 1388 358 doctorum
1421 320 1457 358 in
1490 322 1687 361 codicibus
1719 323 1927 361 indicandis

286 395 399 443 atque
429 389 666 440 appellandis
698 389 951 438 negligentia.
1013 388 1129 443 Quem
1154 389 1385 426 Burmannus
1411 389 1455 427 ad
1480 390 1608 442 Priap.
1635 392 1758 441 epigr.
1778 406 1925 429 Lxxxx.

287 463 385 498 extr.
417 458 628 497 Mediceum
660 458 812 508 primum
845 464 1058 508 nuncupat,
1099 457 1194 495 harid
1235 458 1345 495 dubie
1378 462 1437 496 est
1482 459 1577 498 Plut.
1609 460 1795 499 XXXIII.
1829 459 1925 500 Cod.

286 544 390 566 xxm.
421 526 470 565 T.
503 526 554 565 II.
587 525 696 565 catal.
731 538 762 564 c.
802 530 891 564 111.
968 526 1215 578 Eumdemque
1261 527 1387 564 dicere
1428 526 1577 565 videtur
1619 529 1849 566 Burmannus
1879 529 1924 567 ad

286 598 411 646 Priap.
445 611 623 634 Lxxxm.
660 600 695 634 1.
758 595 817 635 Cf.
852 596 948 634 Plut.
971 595 1187 634 Lxxxxl.
1222 593 1317 634 Cod.
1338 610 1425 633 xix.
1457 595 1505 633 T.
1528 595 1597 635 ΙΙΙ.
1630 595 1752 636 Catal.
1777 609 1809 635 c.
1831 600 1925 636 753.

285 665 392 703 Unde
424 666 581 704 discitur
611 665 697 717 quid
731 666 781 702 sn.
816 665 1012 716 Priapeia
1043 666 1179 702 minor.
1241 663 1441 716 Priapeia
1462 667 1584 704 minor
1615 669 1687 704 tum
1717 667 1927 704 vocabatur

286 747 431 773 carmen
458 735 555 787 quod
581 739 640 773 est
667 734 763 783 apud
796 733 1039 772 Brn·:nat-1num
1058 731 1276 770 LXXXIII.
1340 733 1448 788 Quid
1477 734 1551 772 hoe
1581 738 1673 773 novi
1703 730 1799 773 est?
1831 734 1927 788 quid

286 807 349 843 ira
380 817 417 841 η.
451 805 490 843 (Ι.
551 803 689 842 Eadem
722 802 893 841 carminis
925 801 1092 839 eiusdem
1125 801 1325 851 inscriptio
1360 802 1395 839 in
1423 801 1716 841 Vratislaviensi
1741 802 1808 841 ΙΙΙ.
1841 804 1924 841 sic:

292 873 460 923 Veryilii·
488 875 613 912 minor
642 871 840 924 Priapea.
902 872 938 909 in
970 871 1194 909 llionacensi
1226 869 1255 908 Ι.
1290 871 1374 908 ita:
1408 871 1557 923 Incipit
1589 871 1788 924 Priapeia
1820 871 1925 911 Ma-

285 943 396 980 roms
428 942 567 979 omisso
599 952 685 978 voc.
717 943 852 978 rtei‘uor.
915 944 953 978 et
998 939 1055 977 sic
1093 938 1187 977 haud
1230 940 1343 977 dubie
1383 940 1416 977 in
1459 939 1754 978 Vratislaviensi
1789 940 1817 978 I.
1878 941 1926 979 Et

283 1009 321 1048 hi
354 1010 501 1062 quidem
534 1010 714 1057 codices,
748 1009 992 1047 Monacensis
1023 1007 1053 1045 Ι.
1087 1007 1404 1047 Vratislaviensis
1431 1008 1461 1047 Ι.
1495 1011 1533 1047 et
1564 1007 1723 1048 Vratisl.
1754 1008 1823 1047 Ill.
1855 1009 1927 1048 hoc

285 1092 391 1117 unum
424 1091 570 1117 carmen
602 1077 742 1116 habent
774 1089 822 1116 ex
854 1077 1063 1127 PriapeiiS,
1101 1076 1278 1128 reliquam
1309 1077 1536 1127 farraginem
1568 1079 1754 1117 omittunt.

370 1239 541 1278 Procedo
574 1239 609 1276 in
642 1237 822 1285 Galliam,
855 1237 898 1274 ad
922 1236 1158 1275 Parisinus.
1219 1237 1381 1275 Parisini
1413 1237 1460 1276 ab
1492 1237 1672 1285 Heinsio,
1706 1241 1744 1276 et
1774 1249 1794 1275 a
1827 1238 1925 1276 Bur-

283 1320 414 1346 manno
446 1321 497 1346 ex
526 1309 707 1357 apparatu
741 1305 909 1353 Ileinsii‚
949 1305 993 1342 ad
1039 1305 1151 1344 Diras
1184 1304 1341 1343 adhibiti
1375 1308 1461 1344 sunt
1493 1310 1594 1355 tres,
1638 1307 1924 1355 Petavianus,

289 1378 528 1424 Thunueus,
564 1376 825 1415 Pateaneas:
871 1375 942 1413 duo
973 1375 1121 1424 priores
1154 1374 1380 1423 diligenter,
1413 1376 1451 1413 et
1482 1376 1577 1413 satis
1609 1378 1812 1413 accurate:
1847 1375 1924 1414 Pu-

285 1451 443 1485 teaneus
474 1446 573 1483 binis
605 1447 744 1483 tantum
776 1443 893 1485 loeis.
929 1457 965 1481 v.
1001 1447 1066 1481 41.
1091 1446 1127 1481 et
1154 1445 1242 1481 152.
1303 1443 1412 1481 Nunc
1443 1448 1600 1495 quatuor
1632 1447 1719 1482 sunt
1748 1444 1925 1493 Parisiis,

285 1516 319 1553 in
354 1513 593 1553 Bibliotheca
624 1513 774 1562 Regia,
815 1526 908 1564 quos
941 1524 1069 1550 millies
1102 1512 1264 1550 collatos
1296 1511 1418 1551 habeo
1451 1513 1636 1551 beneficio
1669 1513 1739 1550 viri
1772 1513 1923 1551 suavis-

285 1585 390 1632 simi,
426 1582 633 1622 Christiani
665 1581 847 1630 Lassi-ni,
888 1582 1088 1630 Norvagi,
1131 1582 1192 1633 qui
1226 1582 1322 1633 quod
1358 1586 1502 1632 tempus
1534 1583 1614 1620 suis
1645 1581 1809 1627 studiis,
1843 1582 1927 1634 qui-

284 1653 356 1692 bus
375 1654 442 1690 iam
461 1650 654 1699 inclaruit,
679 1653 791 1702 atque
812 1651 952 1698 insigni
974 1650 1144 1698 Augusti
1174 1650 1347 1688 Guilelmi
1368 1662 1388 1687 a
1406 1650 1615 1699 Sehlegel,
1640 1651 1720 1689 Viri
1740 1650 1926 1700 Illustris‚

285 1723 389 1773 operi
422 1721 703 1767 destinaverat,
749 1720 829 1757 eius
870 1722 1011 1769 partem
1043 1718 1151 1767 mihi,
1191 1722 1227 1757 et
1266 1719 1505 1756 excutiendis
1537 1732 1649 1758 meam
1683 1720 1718 1757 in
1751 1731 1826 1758 rem
1858 1730 1926 1756 co-

286 1791 433 1829 dicibus
467 1790 614 1839 latinis,
647 1789 735 1827 dare
770 1787 901 1826 voluit.
964 1788 1062 1826 Sunt
1093 1790 1213 1826 autem
1245 1793 1401 1839 quatuor
1433 1788 1483 1826 illi
1517 1789 1646 1838 partim
1679 1789 1813 1839 iidem,
1845 1788 1926 1840 qui-

284 1861 357 1899 bus
389 1859 571 1898 Heinsius
604 1871 696 1897 usus
728 1861 808 1905 est,
842 1857 976 1907 partim
1008 1856 1083 1895 alii.
1147 1856 1391 1896 Pereensebo
1424 1869 1552 1896 omnes
1583 1857 1727 1896 ordine.

830 2046 1394 2102 PetavianuS.

371 2181 447 2219 Hic
477 2192 549 2218 non
578 2178 735 2230 amplius
763 2181 822 2218 est
849 2179 1030 2226 Parisiis,
1056 2183 1227 2230 quantum
1254 2178 1339 2217 mihi
1370 2179 1515 2230 quidem
1548 2180 1710 2217 constat.
1770 2178 1928 2227 Emptos

288 2250 443 2290 codices
485 2249 717 2287 Petavianos
749 2261 769 2286 a
801 2247 1014 2295 Chi-istiua,
1060 2249 1098 2285 et
1137 2247 1342 2286 translatos
1382 2247 1561 2285 Holmiam
1608 2259 1696 2285 esso
1735 2258 1769 2284 a.
1806 2250 1926 2284 1650.

292 2322 412 2358 1651.
445 2317 630 2369 epistolae
660 2329 718 2354 me
750 2317 896 2354 Ileinsii
928 2320 965 2354 et
995 2316 1047 2354 Is.
1082 2315 1214 2354 Vossii
1261 2316 1489 2363 docuerunt,
1531 2315 1687 2366 Syllog.
1728 2315 1926 2354 Burmann.

288 2388 336 2428 T.
369 2387 437 2426 III.
483 2400 521 2438 p.
556 2388 651 2425 590.
684 2389 778 2425 591.
812 2388 907 2423 602.
941 2387 1035 2423 60-1.
1069 2389 1106 2422 5.
1141 2388 1177 2422 6.
1212 2387 1304 2422 619.
1340 2388 1378 2422 et
1409 2384 1554 2422 Heinsii
1585 2384 1630 2422 ad
1673 2384 1703 2423 l.
1734 2384 1793 2423 Fr.
1827 2383 1928 2422 Gro-

288 2458 440 2497 novium
465 2456 553 2495 ibid.
580 2468 616 2506 p.
644 2458 737 2493 259.
760 2455 855 2492 267.
919 2454 978 2493 Cf.
1012 2452 1228 2500 Arnohlus,
1263 2453 1430 2490 Uirarum
1464 2453 1612 2491 editor:
1644 2453 1779 2493 Audio
1800 2460 1928 2492 tamen

289 2530 331 2566 in
370 2527 562 2577 Dionysii
602 2524 767 2563 Petavii
804 2523 1058 2562 Bibliotheca
1098 2521 1176 2570 (ab
1215 2522 1523 2572 Auyustissima
1563 2521 1724 2573 Reqina
1759 2523 1929 2561 Sueciae

291 2598 429 2636 aureis
460 2607 585 2646 nuper
615 2592 810 2632 sumtibus
842 2593 1103 2644 comparata)
1136 2604 1276 2630 reeens
1308 2591 1475 2643 aliquod
1503 2590 1601 2630 MS.
1634 2590 1929 2630 Catalectorum

297 2665 605 2716 Viryilz’anorum
635 2667 820 2711 exstare3
862 2663 977 2699 euius
1019 2660 1206 2699 indicium
1245 2673 1412 2711 maynus
1454 2660 1523 2699 ille
1566 2659 1662 2698 Nic.
1702 2659 1925 2707 Heinsius,

291 2733 484 2774 Danielis
515 2733 674 2770 maximi
698 2730 854 2779 Filius,
884 2730 1101 2781 praeclare
1131 2729 1240 2782 apud
1269 2743 1327 2768 me
1355 2730 1534 2781 fecerat3
1568 2731 1636 2783 (sui
1666 2729 1707 2767 id
1736 2731 1865 2780 ipsum
1889 2731 1929 2767 in

293 2804 446 2842 Galliis
480 2800 675 2856 quondam
705 2799 828 2847 vidit,
856 2799 1044 2852 leyitque.
1105 2797 1146 2836 Id
1179 2799 1296 2846 igitur
1321 2811 1355 2836 a.
1386 2800 1506 2836 1645.
1534 2781 1658 2836 1646..
1685 2798 1819 2835 factum
1847 2798 1927 2844 est,

293 2885 364 2923 quo
396 2874 564 2921 tempore
596 2868 776 2907 Heinsius
811 2867 1036 2906 versabatur
1079 2867 1265 2905 Parisiis:
1309 2868 1357 2905 cf.
1390 2865 1586 2917 Epistolae
1617 2866 1696 2903 eius
1727 2864 1771 2902 ad
1803 2863 1834 2903 I.
1865 2863 1926 2903 Fr.

293 2939 545 2987 Gronovium,
576 2938 625 2977 T.
657 2937 725 2976 III.
759 2936 858 2987 Syll.
890 2936 1014 2974 Burm.
1046 2947 1138 2986 pag.
1173 2937 1266 2973 158.
1299 2947 1383 2987 sqq.
1414 2935 1572 2973 maxime
1599 2945 1689 2984 pag.
1714 2935 1805 2971 168.
1835 2935 1926 2972 169.

292 3011 329 3047 et
359 3007 531 3058 Epistola
569 3007 614 3046 ad
654 3006 729 3045 lac.
762 3004 989 3045 Gronovium
1030 3016 1091 3056 ap.
1132 3005 1257 3044 Burm.
1296 3004 1420 3055 Epist.
1460 3003 1507 3042 ad
1546 3001 1732 3053 Hoppium
1773 3013 1813 3053 p.
1845 3015 1926 3040 mv.
