2006 3365
239 155 341 200 240
848 147 1212 189 DISSERTATIO
1245 148 1276 188 I.

238 267 324 306 mihi
365 264 517 306 Geclius
558 275 646 302 esse
686 263 900 303 Vossianus
943 263 992 302 N.
1029 267 1093 301 15.
1126 261 1250 303 Catal.
1291 276 1328 315 p.
1361 266 1457 303 386.
1497 267 1536 304 et
1573 264 1622 304 N.
1657 267 1723 304 96.
1756 262 1880 304 Catal.

238 350 277 387 p.
311 339 405 374 390.
466 334 516 372 Et
547 334 581 371 in
614 332 679 371 illo
711 333 856 385 quidem
889 333 962 370 ita:
1004 331 1217 371 Prisciani
1255 332 1304 371 de
1335 340 1423 374 EST
1448 341 1506 374 ET
1531 342 1641 375 NON.
1673 336 1712 372 at
1742 334 1778 371 in
1808 332 1881 372 hoe

238 405 300 456 qui
332 406 392 441 est
415 402 464 441 N.
490 404 554 440 96.
591 402 754 450 Virgilio
786 401 985 440 tribuitur:
1026 400 1221 452 Virgilius
1254 401 1303 440 de
1333 406 1397 440 est
1427 407 1464 439 et
1495 414 1584 440 non.
1617 402 1684 440 sed
1716 405 1776 440 est
1807 403 1881 440 cti-

238 484 292 509 am
325 471 541 510 Vossianus
572 469 621 508 N.
645 475 710 508 33.
745 468 867 509 Catal.
902 482 937 519 p.
963 472 1059 508 380.
1088 470 1123 507 in
1151 481 1250 521 quo,
1285 471 1448 508 testante
1481 467 1689 518 Catalogo:
1728 469 1881 510 Versus

237 540 452 578 Prisciani
484 540 533 578 de
564 548 652 581 EST
678 548 735 581 ET
761 547 869 581 NON.
931 537 1099 587 Virgilio
1134 539 1244 576 etiam
1276 538 1458 576 adscribit
1490 538 1705 577 Vossianus
1736 538 1784 577 N.
1813 542 1881 577 81.

240 607 364 647 catal.
397 621 433 658 p.
470 613 565 647 aso.
609 609 686 646 ita:
720 616 853 650 MARo
881 616 1080 649 viueiLn
1108 616 1166 648 nE
1194 615 1282 649 EST
1308 615 1366 648 Εἰ*
1391 615 1490 648 NON
1515 615 1603 649 EST
1629 616 1686 648 LI.
1720 615 1780 649 1N.
1810 605 1883 645 hoc

239 681 319 725 est,
340 676 436 715 liber
454 677 597 727 incipit.
631 675 680 715 Ut
704 676 868 714 omittam
894 689 972 720 cos,
1004 687 1098 727 quos
1119 676 1213 713 inl'ra
1237 675 1447 713 recensebo
1469 675 1572 713 Diss.
1590 675 1658 713 IV.
1708 675 1884 713 Eiusdem

235 747 317 784 sere
346 745 511 783 fabricae
530 757 575 783 ac
597 745 737 782 l'arinae
755 756 899 782 carmen
928 743 996 783 Vir
1019 743 1142 783 honus
1160 746 1242 782 est:
1268 756 1312 782 ac
1340 743 1513 793 putabam
1533 743 1605 782 hoc
1631 754 1777 795 quoque
1796 742 1882 781 Pri-

236 815 364 853 sciauo
382 814 492 852 tribui
518 814 552 851 in
580 813 791 852 codicibus.
824 813 891 850 sed
915 812 996 849 dum
1023 813 1174 850 excutio
1198 811 1388 859 schedas,
1419 812 1553 850 nullum
1572 813 1739 850 invenio.
1787 811 1885 850 Sunt

235 886 381 931 tamen,
405 884 438 920 in
460 882 595 934 quihus
617 881 704 920 illud
729 884 788 920 est
810 876 1053 927 ἀνώνυμον,
1075 881 1173 930 apud
1196 880 1454 928 Scaligerum,
1477 881 1676 929 Vinctum,
1701 881 1883 918 Burman-

235 964 317 990 num
338 950 456 990 Anth.
473 951 554 989 Lat.
576 950 624 989 V.
647 965 755 988 cxm.
788 950 1040 997 Leidensem,
1069 961 1174 1001 quem
1200 950 1249 987 ihi
1268 950 1498 987 Burmannus
1518 949 1707 993 adhibuit,
1731 948 1884 988 Geelius

235 1025 360 1059 monet
386 1032 475 1058 esse
498 1020 727 1058 Vossianum
746 1019 794 1057 N.
817 1023 883 1057 96.
916 1017 1043 1057 Catal.
1067 1030 1104 1068 p.
1125 1022 1219 1057 390.
1243 1018 1278 1055 in
1303 1030 1374 1069 quo
1392 1018 1523 1056 codice
1546 1019 1618 1056 ita:
1654 1017 1766 1071 Opus
1786 1018 1884 1056 mel-

237 1091 416 1128 litissimi
442 1088 637 1126 Maronis
671 1087 721 1125 (le
740 1089 827 1127 viro
855 1090 1045 1139 sapienti.
1108 1087 1175 1125 Sic
1197 1088 1313 1125 refert
1331 1086 1500 1124 Geelius.
1561 1087 1674 1136 Apud
1699 1087 1884 1124 Burman-

236 1171 317 1196 num
332 1187 341 1205 ,
362 1158 393 1194 si
423 1157 516 1194 idem
542 1159 600 1194 est
621 1156 768 1203 codex,
794 1158 832 1193 ut
862 1158 921 1193 est
942 1154 1038 1193 haud
1061 1155 1199 1203 dubie,
1223 1154 1318 1193 salso
1337 1154 1481 1203 legitur
1501 1154 1614 1208 Opus
1637 1156 1886 1194 inclitissimi

236 1227 301 1266 Jll.
324 1226 372 1264 de
389 1239 427 1264 v.
451 1238 486 1263 s.
535 1223 748 1262 Vossianus
770 1223 817 1262 N.
841 1226 906 1261 Sl.
929 1221 1050 1262 Catal.
1070 1237 1106 1274 p.
1130 1227 1225 1262 389.
1249 1224 1328 1261 ita:
1372 1232 1409 1265 Ρ,
1437 1232 1656 1266 MARONIS
1684 1232 1884 1266 V1RG1L11

236 1304 318 1337 VIR
343 1302 498 1336 BONUS
524 1302 583 1334 ET
609 1301 681 1335 SA.
705 1302 762 1334 LI.
789 1301 851 1334 IN.
908 1291 1130 1341 Imperitiam
1153 1304 1349 1343 seramque
1371 1295 1554 1341 aetatem,
1582 1295 1620 1331 ut
1642 1304 1748 1330 unuin
1781 1304 1885 1330 com-

235 1375 453 1412 memorem,
497 1363 533 1400 in
581 1363 742 1401 carmine
789 1361 997 1411 eiusmodi,
1041 1361 1136 1413 quod
1170 1359 1304 1398 nullam
1336 1365 1532 1410 praeterea
1562 1361 1815 1412 antiquitatis,
1848 1364 1886 1400 et

235 1433 361 1482 rudis,
421 1436 577 1483 propter
625 1431 909 1482 antiquitatem,
973 1430 1066 1468 artis
1122 1430 1297 1467 metricae
1354 1433 1474 1467 notam
1529 1428 1669 1478 hahet,
1722 1433 1887 1479 arguunt

237 1497 543 1546 πολυσύλλαβα
576 1501 609 1538 in
643 1501 746 1538 exitu
786 1498 1016 1538 hexametri:
1057 1501 1349 1552 itzyeniurtzque,
1393 1499 1728 1538 commeditantes.
1789 1498 1884 1537 Turn

237 1571 340 1609 rudis
378 1569 521 1621 quidam
563 1569 598 1606 in
641 1580 685 1606 eo
727 1568 885 1605 carmine
925 1568 1193 1606 vocabulorum
1234 1579 1455 1615 graecorum
1499 1580 1589 1605 usus
1627 1570 1709 1606 est:
1749 1581 1884 1607 mono-

236 1639 426 1691 syllaba,
468 1638 739 1688 ‹lofflnalicas,
780 1636 997 1674 dialectica
1039 1637 1148 1674 turba
1188 1637 1412 1687 sophorum.
1482 1635 1617 1685 Magis
1657 1637 1882 1686 castigatum

237 1720 403 1754 carmen,
437 1710 474 1744 ct
506 1718 572 1756 pro
606 1718 675 1743 sua
706 1707 830 1743 aetate
862 1706 957 1743 satis
990 1704 1171 1752 elegans,
1214 1703 1283 1743 Vir
1315 1704 1452 1743 honus.

321 1776 520 1827 Priapeia
552 1774 650 1826 quod
682 1775 835 1821 attinet,
870 1785 943 1811 non
975 1772 1092 1810 solum
1127 1773 1172 1810 ab
1207 1785 1332 1810 eorum
1366 1785 1517 1821 errore,
1551 1773 1611 1824 qui
1643 1772 1726 1811 olim
1758 1775 1883 1812 farra-

235 1847 361 1895 ginem
395 1845 502 1881 istam
535 1844 580 1880 ad
602 1841 802 1890 Virgilium
836 1846 949 1879 totam
982 1842 1226 1890 referebant,
1260 1854 1364 1893 quem
1396 1844 1541 1891 poetam
1574 1844 1645 1879 tam
1677 1841 1739 1878 diu
1772 1855 1814 1880 se
1846 1844 1884 1881 et

237 1920 307 1953 tam
342 1913 513 1951 studiose
553 1911 751 1949 volutasse
790 1911 823 1947 in
857 1909 1088 1960 turpitudine
1120 1914 1230 1962 atque
1262 1910 1499 1947 obscenitate
1531 1922 1687 1960 prorsus
1720 1910 1883 1948 incredi-

236 1983 313 2022 bile
346 1985 428 2030 cst,
470 1981 537 2019 scd
571 1982 680 2018 ctiam
712 1980 758 2017 ab
793 1978 935 2016 illorum
969 1979 1144 2028 opinione
1176 1979 1381 2016 cavendum
1415 1978 1585 2026 videtur,
1627 1980 1686 2030 qui
1719 1980 1883 2018 immixta

235 2064 323 2090 csse
356 2050 519 2099 Catulli,
553 2048 729 2098 Virgilii,
763 2047 927 2094 Tibulli,
950 2047 1078 2085 Ovidii
1113 2048 1273 2084 eariniua
1305 2045 1478 2084 nonnulla
1510 2047 1734 2086 concedunt.
1795 2048 1881 2097 Ego

236 2123 308 2160 etsi
343 2120 456 2158 semel
491 2118 551 2157 vel
585 2117 785 2169 aliquoties
819 2116 959 2155 lusisse
992 2116 1192 2165 Virgilium
1236 2116 1270 2153 in
1316 2115 1414 2153 molli
1458 2115 1520 2153 vel
1562 2116 1672 2154 etiam
1710 2117 1879 2155 obsceno

236 2191 458 2239 argumento
491 2187 603 2225 facilc
643 2188 909 2235 concederem,
958 2188 996 2223 ut
1039 2197 1152 2233 supra
1187 2197 1293 2222 unum
1327 2187 1431 2222 certe
1464 2195 1610 2222 carmen
1642 2184 1879 2235 Priapeium,

236 2259 355 2298 Hanc
385 2270 455 2308 eqo
488 2260 652 2294 invenes
685 2255 832 2302 locam,
865 2255 1018 2303 dignum
1045 2252 1211 2301 Virgilio
1245 2265 1332 2290 esse
1364 2251 1665 2302 declaravimus,
1698 2265 1820 2305 neque
1842 2254 1879 2291 in

236 2327 318 2370 his,
354 2338 448 2378 quae
480 2325 655 2374 Priapeia
687 2324 841 2361 dicimus
873 2323 1048 2373 proprie,
1080 2322 1161 2370 pari
1192 2321 1313 2358 onmia
1344 2322 1431 2358 suut
1462 2321 1694 2370 impuritate:
1729 2321 1819 2359 nihil
1841 2323 1877 2359 in

237 2395 425 2446 Priapeiis
457 2393 731 2441 Virgilianum,
765 2392 894 2429 nedum
917 2389 1187 2436 Catulliannm,
1222 2401 1418 2438 agnosc03
1452 2392 1608 2427 aetatem
1643 2389 1786 2439 Ovidii,
1815 2390 1875 2427 vel

237 2476 436 2515 supparem
469 2462 631 2504 Ovidio,
665 2461 832 2498 concedo
865 2459 1006 2502 multis,
1051 2461 1112 2496 aut
1145 2458 1176 2494 si
1210 2459 1292 2509 quis
1325 2458 1374 2495 ita
1407 2457 1526 2505 malit,
1567 2457 1759 2509 plerisque
1790 2469 1874 2495 car-

237 2533 410 2571 minibus.
474 2530 534 2568 Ad
576 2528 766 2566 luvenalis
799 2528 889 2566 Ludi
924 2527 1086 2566 libellum
1120 2526 1349 2576 pertinuisse
1397 2526 1591 2576 Priapeia,
1633 2526 1730 2564 nullo
1771 2530 1874 2564 certo

237 2602 378 2639 indicio
411 2599 679 2649 cognoscitur3
721 2609 764 2634 ac
804 2597 936 2634 desunt
970 2595 1032 2633 illa
1064 2597 1098 2632 in
1132 2595 1325 2633 codicibus
1369 2596 1550 2646 antiquis,
1592 2595 1653 2646 qui
1694 2594 1874 2644 opuscula

236 2669 450 2717 virgiliana
482 2667 691 2709 continent,
725 2664 860 2702 multis.
924 2664 1020 2703 Sunt
1042 2664 1128 2709 alii,
1174 2665 1207 2701 in
1241 2664 1376 2715 quibus
1418 2676 1489 2701 non
1534 2663 1741 2701 tribuuntur
1779 2662 1871 2700 Vir-

234 2738 343 2788 gilio.
405 2737 619 2776 Vossianus
650 2733 698 2771 N.
734 2736 799 2772 Sl.
834 2732 956 2772 Catal.
991 2746 1025 2783 p.
1063 2736 1157 2771 389.
1191 2733 1242 2770 ita
1273 2733 1423 2782 incipit:
1459 2732 1655 2771 Carminis
1688 2733 1873 2784 incompti

235 2810 353 2847 tusus
385 2807 532 2844 lecture
560 2816 772 2856 procaces.
804 2801 949 2853 absque
981 2801 1102 2840 titulo.
1163 2802 1287 2840 Editio
1320 2801 1487 2840 Romana
1506 2800 1555 2838 ll.
1588 2799 1684 2837 hunc
1715 2803 1868 2845 tantum,

236 2879 268 2914 si
300 2876 394 2914 fides
424 2873 595 2913 Tabulae
626 2872 821 2920 librorum,
855 2870 997 2908 titulum
1029 2868 1164 2908 habet:
1209 2871 1419 2923 Prt‘apeia.
1468 2869 1540 2907 etsi
1569 2867 1641 2906 hoc
1672 2869 1775 2907 eius.
1808 2870 1868 2920 qni

235 2945 397 2994 praefuit
429 2942 584 2981 editioni
616 2940 826 2988 Romanae,
870 2939 1049 2989 Episcopi
1083 2938 1318 2984 Aleriensis,
1353 2938 1591 2989 diligentiae,
1624 2938 1684 2988 qui
1715 2938 1867 2975 dubita-

236 3013 300 3050 bat
332 3012 376 3050 de
407 3011 623 3060 Priapeiis,
661 3008 795 3060 aliquis
827 3007 976 3046 tribuat.
