2006 3365
260 129 328 173 92
825 127 963 167 ANIM
972 128 1280 169 ADVERSION
1287 128 1348 169 Es

544 243 752 282 Emersere
779 243 863 294 seri
891 243 1079 283 candenti
1107 257 1128 282 e
1157 246 1315 296 yurqice
1345 244 1505 296 voltus,

547 312 783 364 Aequoreae
813 318 1025 350 monstrum
1057 311 1256 352 Nereides
1289 312 1548 354 admirantes.

258 379 483 424 Nereides,
505 379 588 430 feri
617 379 778 428 vulcus,
805 379 1046 431 appositive,
1075 383 1114 418 ut
1144 378 1207 418 ille
1237 381 1302 419 ait.
1344 381 1391 421 Et
1415 383 1578 435 egregie
1598 384 1701 436 feri,
1720 381 1793 422 hoc
1817 386 1900 429 est,

259 447 402 485 efferati
434 446 678 486 admiratione
708 459 753 487 ac
784 451 953 499 stupore.
1015 448 1149 500 Neque
1181 448 1267 486 illud
1301 462 1427 488 verum
1458 455 1537 500 est,
1570 451 1667 504 quod
1700 450 1902 503 perhibent

259 514 490 552 Burmannus
522 518 559 554 et
580 516 887 563 Wernsdorlius,
919 530 1092 570 corpora
1124 517 1280 569 proprie
1309 518 1380 557 dici
1405 524 1569 559 monstra
1589 520 1741 559 marina.
1785 519 1901 573 Quam

258 582 293 620 in
324 595 400 620 rem
431 583 527 634 quod
560 584 791 623 Burmannus
823 585 996 625 Ovidium
1027 585 1146 624 Trist.
1181 586 1208 625 1.
1246 603 1294 630 ιι.
1329 592 1395 626 39.
1428 586 1577 638 laudat,
1619 589 1709 627 mira
1749 591 1809 628 est
1839 591 1903 629 aut

257 650 495 701 negligentia
526 656 588 691 aut
619 653 837 693 infelicitate
878 667 980 692 usus.
1041 655 1173 705 Magis
1214 660 1336 706 aptum
1372 656 1654 696 Wernsdorlius
1693 657 1902 708 exemplum

255 720 362 770 ponit
393 733 413 758 e
445 719 523 760 Ciri
556 734 594 760 v.
629 725 721 761 451.
783 724 1019 777 Aequoreae
1045 732 1209 777 pestes,
1243 727 1428 765 immania
1460 737 1620 777 corpora
1647 729 1773 779 ponti.
1819 726 1901 766 Vc-

255 799 332 826 rum
364 789 535 841 quicquid
569 789 641 829 hoc
671 791 957 830 observationis
989 795 1070 843 est,
1112 793 1317 843 dilabetur,
1361 793 1422 831 ubi
1464 794 1676 833 accuratius
1707 806 1810 832 usum
1841 793 1902 832 lo-

255 856 391 907 quendi
425 859 717 898 examinaveris.
768 861 949 913 Corpora
980 866 1144 900 monstra
1174 863 1313 901 marina
1344 874 1465 915 neque
1495 863 1650 913 saepius
1676 874 1798 915 neque
1821 874 1902 900 ma-

254 925 319 975 gis
350 927 525 976 proprie,
556 940 662 979 quam
694 928 768 967 alia
799 929 993 979 animalia,
1033 942 1104 969 non
1136 931 1311 981 exceptis
1344 930 1575 981 hominibus,
1607 930 1801 970 dicuntur:
1842 930 1902 968 di-

255 996 387 1032 cuntur
417 998 538 1033 autem
570 1008 635 1042 ea,
669 1009 764 1049 quae
796 998 989 1038 excellunt
1019 998 1145 1051 aliquo
1176 999 1306 1049 modo,
1340 1003 1378 1038 nt
1411 1000 1609 1047 vastitate,
1640 1003 1705 1038 aut
1730 998 1899 1050 pulchri-

254 1062 402 1112 tudine,
445 1066 509 1102 aut
546 1064 791 1104 deformitate.
853 1067 897 1105 Ε.
930 1079 972 1116 g.
1005 1070 1044 1106 ut
1082 1068 1129 1106 de
1168 1067 1443 1118 pulchritudine
1483 1067 1692 1119 exemplum
1729 1067 1900 1115 afferam,

254 1130 288 1168 in
321 1129 401 1170 Ciri
433 1145 472 1170 v.
506 1134 600 1170 202.
640 1133 686 1172 de
717 1134 855 1184 puellis
894 1135 929 1173 in
960 1147 1056 1173 aves
1086 1136 1260 1175 mutatis:
1300 1150 1396 1186 vos,
1427 1150 1449 1176 o
1477 1137 1744 1189 pulcherrima
1777 1148 1900 1191 quon-

254 1200 345 1239 dam
377 1214 562 1253 corpora.

337 1269 484 1308 Multus
515 1272 576 1309 est
608 1270 800 1309 Arnoldus
833 1271 878 1308 de
909 1271 1067 1310 artificio
1107 1270 1216 1310 huius
1256 1285 1418 1322 versus,
1458 1274 1555 1326 quod
1594 1273 1658 1313 illc
1700 1273 1832 1324 partim
1864 1272 1900 1311 in

253 1336 474 1382 vocalibus,
511 1340 644 1389 partim
676 1340 710 1377 in
741 1339 898 1378 alternis
929 1340 1096 1391 dactylis
1127 1344 1165 1379 et
1197 1341 1378 1392 spondeis
1410 1342 1527 1393 ponit.
1584 1343 1654 1382 Est
1685 1353 1776 1381 sane
1805 1354 1900 1392 gra-

254 1407 316 1444 vis
349 1419 486 1445 versus
519 1419 702 1446 concursu
735 1408 917 1447 vocalium
948 1409 1133 1458 grandius
1164 1411 1386 1450 sonantium.

338 1478 484 1515 virenti
515 1488 583 1526 pro
612 1478 765 1529 furenti
795 1479 891 1516 coni.
937 1478 1134 1517 Heinsius.

349 1612 397 1651 V.
440 1618 506 1653 58.
596 1623 721 1657 HAEC
758 1623 886 1657 AGAT
925 1623 1126 1658 INFESTO
1163 1624 1417 1660 NEPTUNUS
1459 1626 1611 1660 CAECA
1647 1625 1898 1660 TRIDENTL

254 1681 500 1721 Coniunctam
530 1681 591 1721 hic
622 1695 759 1722 versus
790 1695 870 1722 cum
902 1696 1017 1722 versu
1050 1688 1116 1722 59.
1148 1686 1370 1724 sententiam
1402 1685 1531 1725 hahet.
1565 1689 1650 1738 ayit
1672 1686 1897 1735 M0n.1.11‚

252 1758 346 1803 aqet
377 1751 545 1790 Norimb.
591 1754 710 1791 1492.
752 1753 905 1791 vitiose.
966 1752 1008 1791 ln
1043 1753 1150 1792 Vrat.
1184 1753 1214 1793 Ι.
1258 1754 1330 1794 hoc
1370 1755 1522 1794 verbum
1561 1756 1682 1794 deest.
1744 1757 1899 1809 infesta

251 1819 388 1858 Petav.
421 1819 569 1858 Thuan.
602 1820 772 1870 August.
805 1825 843 1860 ct
874 1821 1026 1874 reliqui,
1059 1833 1210 1874 quorum
1243 1824 1412 1863 notitiam
1444 1822 1589 1875 liabeo,
1626 1825 1778 1864 codices
1799 1826 1898 1864 scri-

251 1889 306 1939 pti
337 1891 489 1938 praeter
519 1889 642 1927 Paris.
675 1889 745 1928 lv.
777 1902 928 1940 omnes,
967 1902 1045 1929 cum
1076 1893 1171 1930 omni
1203 1892 1367 1931 editione
1405 1894 1552 1944 prisca,
1592 1897 1743 1944 practer
1774 1894 1898 1933 Muti-

251 1968 419 1995 nensem.
481 1959 644 2009 insessa
675 1957 784 1997 Vrat.
818 1958 847 1997 1.
966 1961 1118 2011 infesto
1149 1960 1235 1999 Par.
1268 1961 1337 2001 lv.
1369 1962 1466 2001 Mut.
1499 1961 1782 2013 Asceusianae,
1814 1962 1897 2001 Ar-

251 2028 359 2074 gent.
394 2025 582 2076 Aldinae,
614 2029 652 2065 et
684 2027 769 2065 inde
803 2027 982 2080 reliquae.
1044 2032 1082 2068 et
1112 2030 1261 2081 infesto
1293 2031 1382 2069 fecit
1413 2030 1544 2070 Gloss.
1576 2031 1627 2071 V.
1654 2031 1684 2070 1.
1732 2031 1897 2070 Badius:

251 2095 427 2134 tridenti.
461 2110 496 2134 s.
530 2095 671 2135 baculo
702 2097 854 2147 reyali:
897 2098 1062 2149 infesto.
1108 2098 1184 2136 alii
1212 2099 1434 2151 referentes
1468 2100 1523 2138 ad
1552 2101 1754 2152 fuscinam
1781 2101 1896 2153 fece-

250 2171 341 2203 rant
372 2166 540 2216 infesta.
573 2180 608 2204 s.
638 2166 806 2217 fuscina
832 2166 1008 2205 tridenti.
1040 2179 1166 2206 caeca
1197 2168 1232 2205 in
1258 2168 1426 2216 August.
1459 2173 1496 2207 et
1527 2168 1622 2207 haud
1650 2169 1764 2207 dubie
1790 2168 1895 2217 aliis,

251 2235 291 2272 ut
321 2233 355 2271 in
387 2233 551 2272 Romana
584 2233 614 2272 1.
675 2248 796 2274 coeca
828 2234 863 2272 in
896 2235 994 2274 Mut.
1085 2236 1154 2275 Est
1191 2238 1312 2274 autem
1352 2236 1545 2287 epitheton
1587 2239 1682 2276 scite
1721 2238 1895 2288 positum.

251 2315 401 2349 caeca,
433 2314 548 2341 caeco
581 2304 733 2354 impetu.
796 2304 940 2343 Vastae
971 2303 1088 2342 moles
1125 2304 1212 2343 illae
1254 2317 1322 2343 non
1356 2305 1527 2344 consulto
1567 2309 1677 2355 eunt,
1717 2306 1785 2345 scd
1817 2307 1896 2345 fere

251 2370 426 2409 fluctibus
458 2376 651 2424 tractuque
681 2373 794 2411 maris
826 2373 1017 2411 feruntur:
1052 2371 1196 2411 Plinius
1217 2373 1265 2412 H.
1287 2373 1334 2412 N.
1357 2373 1425 2412 lx.
1457 2377 1555 2413 extr.
1587 2374 1784 2427 Oppianus
1808 2373 1896 2413 Hal.

250 2439 301 2480 V.
335 2442 401 2478 62.
434 2453 517 2492 sqq.

335 2577 383 2617 V.
419 2580 485 2617 59.
534 2587 699 2621 A'rRUM
726 2588 1040 2622 coNVERrENs
1068 2588 1261 2622 AESTUM
1286 2589 1436 2624 MAlus
1464 2589 1672 2633 UNmQUE
1699 2589 1892 2624 vemas,

337 2649 475 2686 Atrum
500 2645 752 2700 convertens]
773 2647 900 2698 Lego,
927 2662 1187 2698 conver-rens,
1214 2646 1528 2698 συνεπισύρων.
1560 2652 1698 2690 Atrum
1720 2657 1891 2698 aestum,

250 2719 290 2755 ut
318 2714 502 2763 μέλαινα
534 2714 637 2765 spot}
667 2717 806 2767 poetis.
838 2720 1024 2754 ScALIG.
1085 2716 1207 2766 Igitur
1239 2717 1418 2768 Scaliger
1449 2719 1495 2757 de
1526 2718 1725 2769 superficie
1756 2721 1894 2758 tantum

248 2786 359 2824 maris
391 2784 609 2834 cogitabat,
641 2797 747 2836 quam
779 2787 882 2823 venti
915 2786 996 2824 dum
1029 2786 1183 2837 radunt,
1215 2799 1259 2826 ac
1290 2790 1465 2837 verrunt,
1498 2787 1594 2826 illam
1617 2799 1722 2839 quam
1755 2790 1892 2837 φρΐκα

250 2854 427 2903 dicimus,
469 2854 647 2892 efficiunt.
710 2852 824 2892 Aliud
860 2854 965 2893 iubet
999 2866 1133 2893 versus
1165 2856 1224 2908 qni
1256 2857 1473 2906 praecedit,
1513 2867 1667 2908 quocum
1697 2854 1759 2894 hic
1789 2859 1892 2895 stru-

250 2925 356 2961 ctura
385 2935 508 2961 nexus
539 2925 622 2971 est,
654 2929 752 2974 aqat
785 2930 1033 2963 convertens.
1095 2923 1269 2964 Monstra
1300 2924 1499 2976 Neptunus
1530 2926 1637 2977 aqu,
1680 2924 1704 2960 i.
1738 2936 1771 2962 e.
1805 2937 1892 2963 sur-

251 3002 330 3030 sum
360 2992 464 3043 agit,
497 2991 579 3030 dum
611 2993 737 3032 ventis
768 2992 930 3045 undique
960 2996 1157 3033 convertit
1193 3002 1346 3034 aestum
1374 2997 1512 3034 maris.
1571 2991 1725 3032 Fluctus
1757 2995 1892 3044 maris,
