2006 3365
508 166 562 207 IN
593 166 815 208 VALERII
846 165 1085 208 CATONIS
1116 166 1297 208 DIRAS.
1660 168 1726 214 35

78 278 204 331 Epist.
231 292 269 331 p.
292 282 357 320 43.
419 281 526 334 Quod
559 294 653 321 vcro
684 281 880 321 Arnoldus
911 283 962 321 ita
992 282 1125 332 legere
1157 280 1388 323 Gronovium
1419 283 1568 322 narrat:
1601 281 1726 322 Muta

75 351 193 402 prins
222 351 372 401 suerit,
407 364 523 404 quam
553 363 628 389 non
658 364 744 389 mea
775 351 903 389 libera
935 350 1088 399 Musa,
1122 351 1157 389 id
1190 363 1266 401 ego
1298 363 1478 404 nunquam
1509 350 1544 389 in
1569 353 1726 389 mentem

79 417 237 456 venisse
268 417 487 467 Gronovio,
520 418 585 456 sed
619 431 780 457 errorem
813 421 902 469 puto
935 417 1094 456 Arnoldi
1127 430 1239 467 esse,
1272 421 1437 458 sortasse
1459 432 1508 459 ex
1538 418 1633 458 male
1665 420 1724 458 in-

78 484 233 524 tellecta
263 485 451 524 Gronovii
484 486 528 524 ad
563 487 721 524 Statium
753 487 1023 524 observatione
1055 490 1199 525 natum.
1242 487 1460 527 Boxhornio
1493 489 1528 527 in
1561 488 1726 527 editione

78 566 146 591 sua
177 553 374 603 placebat:
411 555 549 594 Multa
578 557 695 607 prius
725 556 877 606 fuerim
892 583 905 603 ,
939 567 1055 607 quam
1085 567 1160 593 non
1190 568 1276 594 mea
1304 556 1431 595 libera
1455 570 1598 596 avena.
1627 556 1726 609 quod

77 621 128 659 ita
150 621 318 672 explicat
342 623 489 674 inepte:
513 623 624 662 multa
647 623 841 674 peribunt,
863 625 974 673 atque
995 622 1277 671 subvertentur,
1301 627 1338 661 ut
1355 625 1507 675 fuerint
1526 626 1577 664 sit
1596 625 1727 676 perie-

77 690 176 728 rint:
206 692 505 742 quemadmodum
530 694 611 743 s'uit
633 691 768 729 dicitur
790 690 835 727 de
859 691 1025 728 mortuis.
1067 691 1271 729 Heinsius:
1297 692 1451 731 Cuncta
1475 696 1591 745 prius
1611 694 1727 746 fient,

80 771 196 812 quam
227 772 302 798 non
332 773 417 799 mea
448 761 578 800 libera
608 773 739 799 avena
776 759 985 798 Montibus
1017 767 1056 799 ec
1086 761 1209 800 silvis
1242 761 1358 799 ‹lislat
1391 759 1472 807 (vel
1496 762 1626 811 iceret)
1655 769 1727 801 tua

74 828 212 879 faeta,
248 827 445 881 Isyemye.
488 827 715 874 PutschiuS,
747 839 855 880 quum
882 827 988 879 plura
1019 830 1231 879 tentasset,
1265 830 1435 868 constitit
1456 830 1490 868 in
1513 829 1606 868 hoc:
1637 831 1727 870 dis-

75 897 219 935 cordia
258 898 404 948 yliscet
447 896 584 936 Multa
620 898 756 949 prius,
799 895 895 948 fient
934 910 1050 951 qnam
1085 911 1161 937 non
1201 910 1287 937 mea
1325 898 1453 937 libera
1492 911 1647 938 avena.
1686 901 1726 938 ut

77 979 210 1004 avena
241 966 291 1004 sit
320 964 533 1014 ablativus,
566 967 605 1003 et
636 965 681 1003 ad
713 978 798 1004 mea
831 964 1065 1015 intelligatur
1094 979 1206 1021 rura.

161 1033 269 1072 Haec
301 1036 337 1072 et
368 1034 571 1072 meditatus
603 1046 701 1072 eram
734 1034 890 1083 dudum,
923 1046 1115 1087 meumque
1139 1035 1174 1073 in
1202 1047 1304 1073 usmn
1333 1035 1655 1086 conscripseram,
1688 1037 1727 1074 et

76 1100 196 1141 locum
230 1102 388 1142 Catonis
419 1115 464 1140 eo
495 1103 604 1141 modo
637 1103 906 1153 expediveram
937 1102 1061 1142 obiter
1099 1102 1135 1142 in
1168 1104 1436 1143 dissertatione
1469 1105 1515 1142 de
1546 1104 1727 1154 Battaro,

75 1183 183 1222 quum
226 1171 386 1222 inspicio
431 1170 476 1209 G.
520 1170 566 1210 G.
608 1171 861 1209 VVernsdorfii
910 1171 1110 1209 editionem
1157 1171 1377 1211 Orationem
1420 1172 1727 1224 Philippicarum.

74 1239 134 1279 lbi
165 1252 188 1278 a
219 1239 425 1279 Garatonio
458 1240 501 1278 ad
536 1239 654 1278 locum
687 1252 788 1288 eum,
822 1251 926 1291 quem
959 1252 1072 1290 supra
1103 1239 1203 1289 dixi,
1240 1253 1388 1279 versum
1410 1241 1568 1281 Catonis
1598 1241 1727 1280 eodem

75 1309 184 1347 modo
218 1310 452 1357 restitutum,
486 1321 557 1360 quo
591 1311 650 1347 est
680 1321 701 1346 a
732 1321 788 1347 me
820 1308 1036 1354 restitutus,
1081 1308 1378 1361 illustratamque
1409 1308 1609 1350 Ciceronis
1641 1310 1725 1350 loeo

75 1376 235 1427 ellipsin
268 1377 396 1414 video.
469 1376 591 1425 Igitur
630 1377 771 1427 primae
810 1376 892 1415 laus
931 1377 1162 1415 inventionis
1202 1378 1297 1428 apud
1339 1377 1581 1417 Garatonium
1619 1382 1727 1430 esto3

74 1457 155 1483 mea
197 1444 291 1483 haec
333 1446 405 1494 sit,
454 1445 549 1497 quod
593 1446 731 1496 primus
778 1448 952 1484 accurate
995 1446 1256 1496 exposuerim,
1304 1449 1487 1498 quatenus
1524 1459 1570 1486 ea
1610 1449 1729 1487 resti-

75 1515 171 1552 tutio
211 1515 438 1552 auctoritate
478 1514 712 1552 confirmetur
743 1512 932 1551 librorum.
993 1514 1179 1553 Senserat
1208 1515 1317 1553 etiam
1356 1514 1604 1564 Garatonius,
1646 1529 1728 1555 me-

74 1581 148 1620 lius
184 1583 265 1620 sore
297 1583 329 1620 si
361 1585 489 1620 omnia
520 1581 747 1631 scripsisset
778 1580 887 1621 Cato.
949 1582 1197 1636 Quamquam,
1237 1583 1320 1621 dum
1358 1584 1490 1622 iterum
1531 1596 1606 1622 rem
1637 1597 1728 1636 per-

73 1650 220 1701 pendo,
256 1651 365 1689 etiam
396 1651 520 1689 multa
551 1649 690 1700 placet.
752 1650 823 1688 Est
853 1651 948 1689 enim
980 1652 1160 1690 interdum
1192 1652 1254 1690 vis
1285 1653 1485 1705 quaedam,
1524 1656 1562 1692 et
1591 1666 1729 1703 magna

74 1719 223 1757 ironiae
254 1720 466 1767 acerbitas,
508 1720 542 1757 in
576 1731 642 1768 eo,
685 1720 717 1757 si
750 1720 835 1772 quis
873 1721 991 1758 minus
1031 1721 1144 1771 dicit,
1183 1734 1288 1773 quam
1328 1725 1549 1772 exspectes.
1603 1723 1648 1762 Ε.
1680 1736 1722 1773 g.

72 1800 180 1839 quum
214 1787 393 1826 dicimus:
438 1789 490 1827 (lu
522 1789 669 1827 Harmst
701 1789 821 1839 lonye
851 1797 1028 1839 rwarren,
1071 1790 1106 1828 id
1139 1789 1211 1829 hoc
1241 1794 1373 1834 sonat,
1414 1792 1571 1830 futurum
1603 1794 1724 1830 tamen

73 1867 162 1894 esse
194 1860 284 1907 post
314 1857 461 1895 multum
494 1858 675 1908 temporis
708 1857 816 1907 illud,
849 1857 945 1909 quod
979 1861 1182 1909 exspectat
1211 1858 1328 1898 alter:
1362 1862 1401 1898 at
1431 1871 1473 1898 re
1503 1872 1596 1899 vera
1626 1861 1721 1899 idem

73 1927 152 1973 est,
184 1925 304 1977 quod:
339 1926 390 1965 dn
422 1927 571 1966 lsannsc
601 1930 706 1977 ewz‘q
736 1933 893 1966 marten
903 1955 914 1976 ,
949 1939 1130 1979 nunquam
1163 1927 1250 1977 fiet,
1282 1927 1379 1980 quod
1411 1931 1633 1978 exspectas

156 2063 207 2101 V.
239 2067 277 2103 S·
334 2072 580 2107 MONTIBUS
608 2073 666 2106 ET
691 2073 848 2107 SlLVlS
875 2072 1024 2107 DICAM
1050 2073 1142 2107 TUA
1183 2073 1354 2116 FACTA,
1380 2073 1622 2110 LYCURGE.

158 2130 384 2185 Montibus]
418 2134 649 2183 lmprecatur
675 2130 748 2168 καί
770 2130 957 2181 δένδρων
982 2129 1056 2168 καί
1079 2128 1282 2179 α’μηέλων
1306 2129 1490 2183 ἐκκοπὴν
1512 2134 1559 2173 ab
1583 2147 1717 2174 exem-

71 2200 134 2251 plo
166 2199 333 2253 Lycurgi
366 2201 554 2250 Thracis,
588 2202 648 2253 qui
681 2204 807 2240 furore
838 2205 1036 2252 correptus
1067 2202 1192 2240 securi
1224 2214 1354 2241 omnes
1384 2203 1542 2242 arbores
1574 2204 1717 2243 vitibus

70 2269 264 2307 maritatas
295 2270 491 2310 caedebat.
554 2270 662 2309 Unde
694 2273 899 2323 securiqer
930 2271 1052 2310 dietus
1084 2270 1257 2310 Senecae
1289 2271 1323 2309 in
1347 2270 1560 2322 Oedipode.
1602 2272 1718 2326 quue

71 2339 181 2375 etiam
209 2341 467 2391 persequitur,
507 2352 614 2391 quum
646 2340 697 2378 ait
736 2362 788 2368 ——-
838 2341 1073 2380 Trinacriae
1111 2341 1373 2380 sterilescunt
1401 2342 1556 2392 yandia
1585 2343 1714 2382 vobis.

70 2407 184 2446 vobis
225 2407 343 2455 enim,
384 2420 453 2446 non
496 2409 607 2447 nobis
652 2408 848 2458 legendum
881 2412 959 2448 est.
1021 2408 1176 2461 Neque,
1217 2409 1356 2461 inquit,
1395 2411 1714 2460 πυροφορείτω.

69 2475 129 2514 Ne
162 2477 256 2513 serat
286 2487 381 2524 ager
412 2478 612 2526 frumenta,
645 2477 768 2529 qualia
800 2477 836 2515 in
867 2477 1079 2516 Trinacria.
1112 2480 1298 2515 SCALIG.
1401 2479 1560 2518 Videtur
1589 2482 1710 2519 autem

70 2543 213 2582 vitibus
253 2545 333 2581 suis
363 2543 470 2582 alium
501 2545 718 2595 Lycurgum
750 2546 967 2596 imprecari,
998 2558 1021 2584 a
1051 2559 1123 2599 quo
1155 2547 1408 2586 succidantur.
1430 2551 1585 2587 HEtNS.
1627 2549 1709 2588 Re-

70 2615 151 2650 cte:
198 2612 266 2651 sed
308 2612 414 2650 nimis
452 2612 665 2652 dubitanter
712 2614 915 2664 Heinsius,
969 2627 1077 2667 quum
1118 2616 1314 2654 veritatem
1354 2617 1421 2655 iam
1463 2619 1709 2656 monstrasset

71 2679 265 2729 Scaliger.
326 2679 447 2728 Igitur
477 2681 608 2720 verbis
639 2685 802 2732 tanturn,
836 2695 907 2722 non
941 2684 1153 2732 sententia,
1187 2683 1318 2723 similis
1345 2683 1480 2725 Catoni
1512 2685 1616 2723 loeus
1647 2689 1706 2724 est

69 2748 251 2799 Virgilii,
294 2749 375 2788 Ecl.
408 2748 457 2787 11.
499 2752 536 2786 4.
576 2753 612 2789 5.
654 2752 710 2790 ibi
744 2753 845 2792 haec
883 2754 1090 2793 incondita
1130 2754 1245 2794 solus
1284 2753 1481 2792 Montibus
1521 2756 1559 2791 et
1597 2753 1706 2791 silvis

69 2818 204 2857 studio
236 2817 419 2857 iactabat
459 2820 580 2857 inani·
700 2820 907 2874 Lycur-qe,
937 2822 1170 2874 apostrophe
1202 2822 1372 2871 multum,
1410 2833 1454 2860 ac
1493 2834 1614 2872 paene
1645 2823 1705 2860 ni-

68 2886 176 2924 mium
215 2887 354 2926 usitata
384 2883 533 2925 Catoni.
593 2885 643 2926 Ut
672 2887 746 2927 hoc
784 2891 909 2929 statim
951 2890 1034 2930 loco
1073 2902 1146 2930 non
1186 2891 1333 2930 multum
1374 2890 1511 2941 placet.
1571 2889 1703 2943 Neque

68 2954 196 2993 mirum
226 2955 323 3008 quod
355 2967 401 2994 ea
430 2953 611 2994 fefellerit
640 2955 859 3008 Domitium,
898 2959 960 3011 qui
1001 2960 1225 3012 [sycuryum
1262 2959 1334 2998 dici
1373 2957 1531 3009 putabat
1560 2958 1702 2998 Arium.

67 3023 119 3064 Et
148 3023 289 3063 Glossa
318 3025 369 3064 V.
402 3023 431 3064 1.
463 3024 509 3063 ad
541 3035 627 3064 voc.
660 3024 866 3078 Jsyeurqe:
899 3039 921 3065 ο
951 3027 1082 3067 Thoro
1114 3027 1281 3067 Miliene.
1316 3026 1375 3066 Cf.
1407 3026 1502 3064 infra
1530 3026 1637 3066 Diss.
1669 3028 1699 3066 1.

1355 3096 1418 3141 3.
