2006 3365
251 117 350 161 120
809 112 1335 153 ANIMADVERSIONES

248 229 358 267 Vrat.
391 227 420 267 Ι.
539 228 741 266 Praeterea
775 226 820 266 de
852 227 1154 277 interpunctione
1186 228 1396 279 quaeritur,
1438 232 1553 267 utrum
1587 228 1893 279 distinguendum

247 300 336 348 post
366 310 462 349 eqo,
511 308 556 332 au
591 295 815 341 iungendum
848 295 897 333 sit
929 295 1063 335 Exsul
1093 295 1358 334 indemnatus.
1420 297 1554 336 Placet
1586 310 1664 336 cum
1696 298 1892 338 distincti-

248 378 343 415 one,
374 368 414 403 ut
445 367 504 402 est
536 364 569 401 in
604 362 764 402 Vratisl.
798 363 826 402 Ι.
860 364 894 402 in
927 363 1094 402 Romana
1125 364 1154 403 Ι.
1197 364 1281 403 cod.
1316 365 1404 403 Bas.
1437 365 1536 404 Ven.
1572 365 1710 406 Acbat.
1750 370 1823 405 tum
1855 369 1890 407 in

247 434 361 482 Virg.
394 431 512 482 Aldi,
547 432 719 478 Aldinis,
752 435 789 470 et,
820 432 1107 471 recentioribus.
1169 433 1242 472 Est
1273 434 1366 471 enim
1397 432 1470 472 boo
1501 435 1657 484 fortius,
1699 437 1736 474 et
1766 436 1892 486 placet

246 501 482 550 asyndeton,
522 501 661 549 exsul,
702 501 974 549 indemnatus,
1014 514 1151 553 eyens.
1214 501 1345 541 Attius
1385 501 1523 541 Medea
1561 516 1621 553 ap.
1659 503 1817 542 Nonium
1851 519 1889 556 p.

250 571 312 617 12,
347 573 384 607 9.
431 570 590 617 Exsul,
624 571 727 608 inter
755 571 908 617 hostis,
948 583 1123 623 eaespes,
1157 583 1327 623 expers,
1362 571 1574 619 desertus,
1608 585 1755 623 vaqus.
1812 573 1889 611 Se-

244 649 337 675 neea
367 637 508 676 Medea
541 651 580 676 v.
605 641 668 676 20.
697 641 731 675 1.
762 652 834 691 per
866 638 982 677 nrbes
1014 646 1118 678 erret
1149 642 1310 691 iynotas
1343 653 1487 690 (Ἥρης,
1521 640 1676 688 Exsul,
1707 655 1887 694 pavens,

244 706 428 754 invisus,
471 708 614 745 incerti
650 706 769 745 laris.
838 706 1002 746 Ovidius
1041 707 1149 746 Ibide
1180 722 1219 746 v.
1256 711 1347 746 113.
1409 709 1565 753 Επειιῖ,
1607 711 1722 763 inops
1761 725 1887 750 erres.

246 774 406 813 Sallust.
438 774 552 815 Catil.
588 790 738 813 xxxin.
769 779 926 825 miseri,
960 784 1144 828 eyenles,
1179 799 1231 805 —
1265 798 1314 803 -—-
1348 785 1546 829 expertes.
1597 777 1768 826 lugan-th.
1803 793 1888 828 xiv,

250 847 313 882 17.
345 844 464 883 exsul
491 847 654 897 patria,
690 846 822 893 domo,
857 845 971 884 solus
1003 853 1041 884 ec
1072 867 1116 872 —
1157 859 1290 897 eyens.
1332 846 1391 884 ubi
1424 845 1596 883 nonnulla
1630 847 1738 884 etiam
1769 859 1886 897 asyn-

244 912 331 950 deto
376 913 623 951 memorabilia
667 912 789 951 laudat
829 911 997 952 Cortius.
1067 914 1116 952 Et
1154 914 1187 951 si
1218 915 1301 965 quis
1339 915 1517 965 asyndeti
1560 915 1594 952 in
1636 914 1887 954 substantivis

244 980 453 1032 exemplum
478 984 655 1032 expetat,
687 982 873 1020 Pacuvius
901 982 1088 1021 Periboea
1114 995 1175 1033 ap.
1205 982 1364 1020 Nonium
1390 995 1427 1032 p.
1452 987 1489 1021 3.
1521 991 1668 1031 melus,
1694 991 1883 1035 effossas,

242 1062 414 1098 moeror,
447 1051 620 1098 senium,
654 1050 919 1104 exsiliumque
949 1057 987 1089 et
1018 1058 1217 1090 seneclus.
1337 1051 1586 1090 indemnatus·
1615 1055 1743 1090 contra
1768 1052 1881 1090 llein-

242 1120 357 1166 sium,
390 1118 450 1170 qui
483 1118 618 1157 Exsul
648 1131 740 1169 eqo,
782 1132 828 1157 en
860 1119 1073 1158 damnatus
1106 1121 1347 1163 correxerat,
1384 1119 1614 1158 ssurmannus
1646 1124 1770 1159 tuetur
1802 1121 1884 1160 loco

241 1185 439 1226 Ciceronis
469 1188 664 1237 apposito.
699 1188 732 1224 in
766 1186 922 1226 Verrem
953 1187 1019 1226 lib.
1052 1189 1102 1227 V.
1135 1199 1168 1226 c.
1200 1203 1254 1225 vr.
1291 1196 1329 1226 us
1364 1202 1478 1242 quam
1510 1189 1712 1228 damnatis
1746 1193 1883 1229 sere-is

240 1269 391 1296 erucem
419 1255 597 1307 fixeras,
629 1257 734 1294 hanc
765 1255 987 1294 indemnatis
1019 1256 1174 1295 civibus
1207 1256 1399 1296 Romanis
1432 1271 1683 1297 reservares.
1729 1259 1884 1297 Poterat

242 1324 447 1374 aptiorem,
489 1330 526 1363 et
567 1324 626 1376 qui
660 1324 814 1375 propius
854 1323 1036 1362 accedere
1077 1324 1239 1362 adrem
1281 1325 1440 1363 Catonis
1484 1326 1654 1375 videtur,
1698 1326 1745 1364 de
1777 1326 1883 1376 Lege

240 1393 391 1441 agraria
423 1404 455 1431 c.
489 1393 537 1432 R.
572 1394 677 1430 (irat.
700 1392 746 1430 ll.
774 1407 862 1431 xxr.
913 1393 960 1431 L.
992 1393 1113 1432 Sulla
1146 1406 1258 1447 quum
1292 1392 1393 1432 bona
1423 1393 1712 1432 indemnatorum
1739 1397 1882 1434 civium

237 1462 405 1514 funesta
433 1462 506 1500 illa
537 1466 721 1501 auctione
752 1475 828 1501 sua
861 1463 1069 1512 venderet,
1102 1469 1139 1502 et
1170 1477 1216 1502 se
1242 1464 1436 1515 praedam
1465 1477 1577 1502 suam
1602 1464 1753 1504 diceret
1783 1478 1880 1504 ven-

240 1531 355 1579 dere,
389 1537 514 1569 tamen
546 1545 596 1570 cur
626 1532 699 1570 hoe
730 1531 815 1569 loco
847 1532 1042 1570 vendidit.
1104 1530 1354 1585 Quamquam,
1389 1532 1426 1570 nt
1458 1544 1533 1581 ego
1566 1531 1746 1572 Catonem
1778 1535 1882 1572 acci-

239 1599 408 1649 piendum
450 1612 538 1637 esse
580 1601 721 1648 monui,
768 1601 947 1639 incertum
987 1603 1070 1645 est.
1115 1602 1232 1638 utrum
1273 1601 1522 1639 indemnatus
1563 1602 1682 1650 magis
1722 1603 1882 1653 priorem

236 1668 424 1717 iniuriam,
457 1669 651 1720 ianuitnte
685 1669 820 1707 illatam
853 1670 1064 1720 praetoris,
1096 1681 1142 1708 an
1174 1668 1246 1708 hoc
1278 1673 1449 1720 spectet,
1483 1670 1578 1722 quod
1606 1683 1674 1708 sua
1701 1670 1779 1708 iura
1810 1671 1879 1709 de-

236 1735 341 1774 volvi
377 1736 420 1774 ad
454 1736 601 1774 militem
636 1738 753 1775 videt.

322 1806 371 1844 V.
405 1809 472 1844 85.
510 1807 679 1857 funesta
719 1806 823 1845 Mon.
858 1806 906 1845 ll.
965 1807 1098 1860 prelia
1130 1808 1238 1846 Vrat.
1272 1806 1320 1845 Il.
1362 1808 1524 1859 praelia
1564 1806 1723 1845 Mediol.
1758 1811 1878 1846 1501.

236 1874 349 1923 Virg.
383 1874 492 1920 Aldi,
535 1875 649 1913 Taur.
687 1879 807 1914 1518.
840 1888 959 1925 marg.
993 1874 1115 1927 bugd.
1151 1878 1272 1914 1529.
1315 1878 1351 1913 et
1385 1875 1567 1914 Venetar.
1603 1878 1722 1915 1544.
1762 1880 1880 1915 1555.

239 1946 358 1982 1558.
410 1943 449 1982 In
484 1943 554 1981 tine
586 1948 707 1982 autem
741 1945 825 1982 cod.
861 1944 981 1994 Angl.
1015 1944 1227 1993 Romanae,
1262 1944 1409 1982 Veneta
1446 1944 1586 1982 Achat.
1620 1949 1656 1982 et
1688 1945 1786 1983 inter
1816 1957 1879 1983 re-

234 2013 423 2051 centiores
451 2012 682 2050 Burmannus
715 2013 1049 2065 interrogationem
1081 2015 1242 2052 iaciunt:
1277 2027 1348 2053 non
1382 2014 1504 2063 bene,
1538 2018 1575 2053 ut
1606 2014 1782 2053 arbitror.
1830 2015 1878 2052 et'.

234 2080 278 2119 ad
314 2094 350 2118 v.
385 2082 449 2119 87.
541 2081 601 2119 Ad
635 2084 855 2120 sententiam
887 2086 998 2133 aptus
1031 2082 1202 2121 Lucanus
1224 2083 1255 2121 l.
1282 2087 1375 2121 341.
1409 2083 1443 2120 in
1476 2084 1646 2122 oratione
1673 2082 1877 2122 Caesaris:

462 2149 541 2188 His
575 2151 717 2191 saltem
748 2151 879 2203 lonyi,
913 2165 987 2190 non
1019 2165 1103 2191 cum
1135 2152 1257 2200 duee,
1291 2152 1454 2203 praemia
1486 2150 1573 2189 belli

462 2217 714 2257 Rultlantur.

234 2287 399 2337 Lepidus
430 2298 492 2337 ap.
526 2286 744 2325 Sallustium
776 2289 810 2326 in
842 2289 1078 2341 Fragmentis
1111 2290 1212 2328 Hist.
1245 2289 1310 2327 lib.
1344 2289 1371 2327 Ι.
1436 2289 1572 2329 Verum
1604 2302 1674 2341 eyn
1707 2290 1876 2328 seditio-

236 2369 332 2405 sus,
366 2359 422 2394 uti
451 2355 570 2394 Sulla
602 2358 687 2404 ait,
721 2359 789 2410 qui
818 2358 981 2407 praemia
1013 2358 1200 2396 turbarum
1234 2371 1388 2412 queror.
1423 2360 1460 2396 et
1493 2358 1552 2395 ubi
1586 2358 1633 2395 de
1661 2359 1875 2405 veteranis,

235 2424 360 2477 paullo
391 2428 497 2476 post:
530 2429 694 2475 effre-qia
725 2426 881 2465 seilz'cel
912 2427 1106 2476 mercede,
1138 2440 1222 2466 eum
1252 2427 1422 2477 releyatz‘
1453 2430 1489 2465 in
1519 2427 1695 2479 paludes
1727 2433 1764 2466 et
1798 2427 1874 2466 sil-

236 2507 339 2543 vas,
371 2493 639 2533 contumeliam
670 2501 790 2549 atque
819 2495 1013 2534 invidiam
1044 2509 1180 2544 suam,
1223 2496 1383 2545 praemia
1412 2509 1536 2548 penes
1566 2509 1722 2549 paucos
1755 2496 1873 2534 intel-

235 2564 414 2615 liyerent.

320 2630 517 2671 Caeterum
548 2629 608 2669 bic
639 2630 726 2669 illud
759 2632 1000 2682 reputandum
1028 2635 1109 2679 est,
1143 2632 1238 2683 quod
1266 2645 1356 2682 pag.
1387 2636 1447 2670 14.
1472 2632 1661 2670 docuimus
1686 2631 1731 2670 de
1758 2643 1873 2670 scena

236 2701 431 2740 carminis:
466 2698 682 2751 (parmasu
715 2699 1013 2749 elegantissima.
1058 2700 1141 2739 Non
1169 2700 1325 2751 amplius
1358 2704 1416 2739 est
1448 2701 1480 2738 in
1513 2701 1633 2738 medio
1661 2711 1754 2749 agro
1779 2714 1871 2739 suo:

235 2770 325 2809 dicit
356 2770 449 2809 enim
480 2769 648 2823 reliqui,
680 2783 764 2808 mea
796 2783 891 2807 rura
923 2770 1083 2823 reliqui.
1145 2769 1219 2808 Pro
1252 2782 1323 2821 quo
1356 2770 1575 2823 relinquam
1607 2772 1686 2806 erat
1716 2769 1753 2806 in
1787 2769 1871 2807 cod.

235 2839 412 2879 Leidensi
443 2851 504 2889 ap.
537 2839 658 2877 Burm.
692 2837 787 2889 quod
821 2840 859 2877 et
889 2838 1007 2889 ipsum
1041 2837 1134 2876 haud
1175 2837 1374 2876 absurdum
1406 2839 1524 2886 foret,
1568 2838 1600 2875 si
1631 2836 1872 2877 adhiberetur

238 2907 500 2957 interrogatio.
560 2906 636 2947 Sed
669 2906 874 2947 auctoritas
905 2906 986 2944 eius
1015 2906 1157 2945 codicis
1187 2905 1298 2957 plane
1330 2906 1428 2946 nulla
1459 2909 1530 2946 est.
