2006 3365
280 159 379 204 166
838 151 1363 197 ANIMADVERSIONES

279 271 367 310 mihi
397 269 597 322 probabile
627 272 709 319 est,
741 266 1014 322 antiquioribus
1044 273 1256 321 pastorem,
1286 271 1351 310 vel
1382 269 1609 322 βουκόλον,
1640 274 1759 311 fuisse
1780 273 1913 325 Endy-

278 341 453 385 mione=113
484 338 637 377 alteram
669 340 934 388 narrationem,
967 351 1062 390 quae
1093 351 1172 377 eum
1206 342 1423 379 venatorem
1454 342 1564 391 facit,
1598 354 1702 394 quam
1727 354 1824 380 nunc
1851 355 1914 381 re-

278 407 528 456 centioribus,
559 405 632 445 hoc
664 410 743 457 est,
776 408 893 446 nostri
911 408 997 445 aevi
1030 407 1271 457 hominibus,
1296 409 1528 459 pictoribus,
1560 410 1666 459 aliis,
1689 422 1912 450 communem

276 476 412 525 video,
443 475 567 525 magis
597 476 794 527 magisque
816 475 1050 524 divulgatam
1081 488 1188 523 esse,
1224 483 1419 529 postquam
1444 480 1568 530 opinio
1593 480 1638 518 de
1664 479 1766 517 Luna
1790 478 1912 517 Diana

275 544 513 584 invaluisset.
558 543 633 583 Iam
665 557 744 583 cum
775 544 834 583 his
866 541 1357 595 opinionibus,(mmmm
1388 548 1507 586 fuisse
1524 549 1814 597 Endymiouem,
1850 547 1910 586 vel

275 616 513 661 venatorem,
546 625 619 652 non
651 614 747 652 satis
779 615 958 652 convenit
988 613 1096 662 illud,
1128 615 1225 666 quod
1258 615 1409 653 tradunt
1440 616 1627 665 nonnulli,
1667 619 1799 654 noctes
1831 628 1910 654 eum

273 680 548 733 pervigilasse.
587 682 648 721 De
678 684 863 720 venatore
894 682 1037 733 quidem
1070 683 1258 721 concedo:
1292 684 1372 722 fieri
1400 687 1549 734 potest,
1583 688 1620 723 ut
1651 689 1795 722 noctem
1819 697 1910 734 per-

272 750 411 799 vigilet
440 753 619 800 venator,
651 750 713 790 vel
747 754 851 789 certe
883 754 1023 801 partem
1056 752 1192 790 noctis.
1240 755 1278 791 ut
1309 755 1369 791 est
1399 753 1495 804 apud
1528 754 1748 792 Horatium:
1781 760 1911 792 manet

273 819 347 859 sub
384 820 482 859 Iove
517 820 671 872 frigido
716 819 901 860 Venator.
977 822 1031 860 At
1070 816 1298 870 βουκόλον,
1347 825 1558 872 pastorem,
1600 823 1757 861 dormire
1799 822 1912 861 decet

271 892 405 937 noctu,
438 901 510 928 non
540 889 719 939 vigilare.
780 889 847 929 Sic
879 893 998 928 tamen
1029 889 1209 938 Nomius,
1243 890 1331 929 VII.
1367 894 1461 929 239.

556 955 617 1002 εἰς
649 954 774 1005 λέχος
802 954 1100 1004 Ἐνὸὶῃαίωνος,
1134 954 1387 1007 ιῖκοιμήτοιο
1421 957 1591 1008 νομῆας.

270 1027 493 1078 iterumque:
514 1037 594 1065 nam
627 1027 886 1068 emendatione
905 1026 1075 1065 Nonnum
1107 1027 1229 1066 beabo
1260 1027 1332 1066 hac
1362 1029 1669 1079 opportunitate,
1701 1040 1808 1080 quam
1836 1039 1908 1079 ap-

269 1096 463 1147 probatum
495 1096 540 1133 iri
579 1095 729 1135 Graefio
766 1096 869 1134 scio:
901 1094 1011 1134 XIII.
1044 1098 1139 1133 554.

551 1160 753 1211 Λάτμιον
786 1160 901 1213 α’μφί
930 1160 1116 1212 βόαυλον
1148 1160 1401 1213 ἀκοιμήτοιο
1435 1164 1603 1214 νομῆος.

268 1234 330 1272 ubl
362 1232 503 1282 vulgo:
537 1230 740 1280 Λάτμιον
773 1229 810 1271 (ἱ.
845 1233 884 1280 β.
919 1229 1172 1282 ἁκοιμήτοιο
1207 1230 1408 1283 Σελήνης.
1458 1234 1562 1287 Quae
1592 1235 1643 1274 sit
1672 1234 1906 1273 emendatio..

268 1303 328 1341 nis
365 1304 598 1352 necessitas,
645 1315 739 1354 quae
781 1303 1031 1353 corruptionis
1070 1314 1247 1352 caussae,
1288 1306 1392 1353 patet
1433 1304 1616 1353 peritiori.
1677 1303 1745 1342 Sic
1786 1306 1907 1341 autem

268 1371 367 1410 solet
398 1383 464 1409 sua
495 1374 668 1422 repetere
699 1371 870 1409 Nomius·
933 1370 982 1410 Ut
1013 1371 1110 1423 quod
1152 1370 1241 1409 ibid.
1272 1370 1381 1409 XIII.
1415 1374 1509 1409 556.
1556 1371 1696 1420 legitur
1735 1370 1906 1410 hemisti-

271 1442 412 1489 chium>
444 1437 733 1488 n090[3}.17'roio
768 1435 974 1489 Estque&
1010 1440 1206 1491 repetitum
1238 1442 1298 1479 est
1329 1452 1377 1478 ex
1409 1440 1505 1479 libro
1538 1439 1609 1479 lV.
1631 1443 1726 1478 225.
1759 1440 1907 1479 tertium

267 1510 374 1548 venit
412 1508 579 1548 XXXII.
622 1513 687 1546 21.
728 1512 765 1547 et
803 1509 982 1547 audacius
1023 1510 1149 1547 eadem
1195 1510 1230 1547 in
1261 1508 1408 1558 fabula,
1451 1509 1639 1547 XXXIII.
1672 1511 1738 1548 34.
1772 1508 1906 1544 ποθο-

269 1574 407 1629 βλήτῳ
440 1574 553 1625 παρὰ
585 1574 728 1628 πέτρῃ.
782 1574 907 1623 λέχος
935 1574 1451 1626 Έινῦῗυλιιίωιός-νομῆος
1483 1577 1602 1616 habes
1634 1579 1791 1617 etlaml.
1811 1580 1905 1616 332.

269 1647 436 1700 Quonam
474 1647 591 1695 igitur
629 1647 736 1684 modo
777 1645 849 1684 hoc
887 1647 1007 1697 accipi
1051 1647 1168 1685 voluit
1206 1647 1384 1696 Nonnus,
1428 1642 1680 1695 (ἱκοιμήτοιο
1721 1644 1907 1695 νομῆοςζ

268 1716 331 1756 An
363 1718 436 1763 ita,
470 1719 508 1754 ut
539 1718 638 1754 totas
670 1718 801 1754 noctes
833 1716 984 1753 amicam
1017 1728 1118 1753 suam
1141 1715 1349 1765 Endymion
1382 1711 1698 1765 exspectaverit?
1730 1718 1767 1753 ut
1792 1728 1907 1766 supra

269 1786 412 1824 modum
439 1784 585 1823 lasciva
601 1784 703 1822 Liuia
734 1795 801 1835 per
833 1787 932 1823 totas
965 1786 1096 1822 noctes
1127 1785 1342 1823 exercuerit
1362 1780 1661 1834 Endymioneos}
1693 1784 1779 1823 Non
1800 1787 1905 1835 puto.

268 1855 365 1893 Puto
398 1854 517 1902 magis
548 1852 717 1891 Nonnum
750 1853 916 1891 indicare
955 1851 1013 1890 his
1044 1852 1139 1891 locis
1171 1852 1362 1900 voluisse,
1394 1853 1479 1904 quid
1504 1853 1574 1891 sub
1605 1865 1649 1891 ea
1673 1852 1798 1891 fabula
1824 1853 1907 1891 veri

268 1923 418 1962 lateret.
479 1922 635 1961 Scilicet
673 1922 785 1960 multo
825 1925 911 1960 aute
948 1921 1118 1960 Nonuum
1160 1926 1325 1971 tempore
1364 1921 1570 1972 explicatio
1611 1921 1761 1960 fabulae
1798 1922 1907 1960 istius

267 1993 423 2031 inventa
453 1993 575 2029 luerat
614 1990 730 2029 haec:
772 1991 922 2041 primum
963 1990 1233 2040 Endymionem
1264 1990 1517 2028 astronomiae
1554 2002 1705 2040 operam
1732 1990 1906 2039 dedisse,

269 2061 463 2112 lunamque
501 2060 747 2098 observasse.
808 2058 868 2098 Cf.
901 2058 1056 2097 Scholia
1087 2058 1282 2109 Apollonii
1315 2058 1338 2096 l.
1371 2058 1395 2096 l.
1436 2059 1661 2109 Anonymus
1700 2059 1746 2097 de
1777 2058 1907 2097 Incre-

270 2129 418 2168 dibilih.
451 2141 532 2179 cap.
565 2128 654 2167 ΧΗ.
686 2128 816 2167 Plinus
848 2129 897 2166 H.
930 2128 978 2167 N.
1009 2126 1058 2166 ΙΙ.
1092 2143 1148 2166 ix.
1197 2129 1329 2180 ltaque
1359 2126 1455 2166 hanc
1484 2127 1643 2166 Nonnus
1675 2127 1906 2178 explicatio-

270 2210 351 2237 nem
382 2199 612 2248 respiciens,
644 2197 738 2236 locis
770 2197 845 2235 illis
878 2198 1045 2246 duobus,
1078 2197 1175 2249 quod
1206 2209 1333 2247 parum
1359 2197 1521 2235 decebat
1544 2199 1712 2246 poetam,
1744 2196 1905 2235 fabulam

270 2279 350 2306 cum
390 2266 644 2316 explicatione
684 2265 834 2304 fabulae
872 2267 1039 2314 miscuit,
1080 2265 1312 2304 concubitum
1351 2265 1479 2304 Lunae
1517 2277 1824 2313 commemorans,
1868 2268 1906 2303 et

271 2333 409 2384 νομῆα
440 2334 636 2385 appellans
668 2335 956 2385 Endymiomun,
989 2335 1060 2373 sed
1093 2331 1342 2382 α’κοιζιιητον,
1376 2346 1448 2384 quo
1471 2334 1707 2382 signiticaret
1736 2334 1904 2372 indefes-

271 2417 351 2443 sum
383 2407 630 2443 astronomum
669 2403 852 2456 lunaeque
892 2405 1176 2442 observatorem
1207 2403 1326 2440 fuisse
1357 2403 1639 2452 Endymionem.
1700 2403 1905 2442 Praeterea

272 2473 388 2514 semel
418 2473 512 2511 idem
542 2476 673 2524 aperte
704 2473 896 2524 publicare
928 2485 972 2512 ac
1002 2472 1162 2523 prodere
1193 2482 1327 2509 arcana
1347 2471 1571 2517 fabularum,
1604 2484 1747 2524 proque
1776 2471 1904 2510 fabula

271 2543 561 2594 explicationem
593 2554 736 2593 ponere
772 2541 921 2580 fabulae
961 2554 1076 2579 ausus
1114 2545 1192 2586 est,
1229 2539 1331 2579 XLI.
1365 2544 1459 2578 379.
1492 2552 1575 2592 seq.
1616 2541 1678 2578 ubi
1717 2541 1813 2579 inter
1843 2542 1902 2579 in-

270 2614 452 2650 ventores
482 2622 599 2650 rerum
629 2611 834 2662 artiumque
865 2612 1085 2648 recensetur
1114 2608 1338 2659 Endymion.
1399 2608 1546 2662 Quibus
1577 2611 1759 2661 antiquam
1790 2610 1902 2648 fabu-

272 2680 342 2719 lam
373 2681 540 2732 sequitur
559 2679 738 2727 Nonnus,
771 2678 844 2717 loci
870 2677 972 2716 multi
1004 2679 1110 2715 sunt:
1143 2689 1293 2729 quorum
1324 2690 1432 2716 unum
1462 2676 1788 2728 addam,XLVII.
1808 2681 1902 2716 282.

272 2763 357 2803 sqq.
389 2749 453 2789 ubi
484 2749 535 2788 ita
571 2748 733 2799 loquitur
771 2750 905 2797 poeta,
946 2747 1026 2785 acsi
1063 2758 1132 2797 per
1163 2748 1275 2785 totam
1316 2751 1483 2797 noctem,
1524 2747 1587 2785 vel
1626 2757 1693 2797 per
1730 2758 1902 2795 maguam

270 2820 392 2858 noctis
422 2821 586 2869 partem,
627 2829 745 2868 usque
777 2816 821 2854 ad
856 2808 1037 2864 ὄρθρον,
1080 2827 1158 2852 cum
1190 2816 1422 2866 Endymione
1462 2816 1600 2855 cubare
1628 2814 1733 2854 Luna
1764 2815 1899 2855 soleat.

355 2888 413 2927 De
443 2888 623 2926 nocturno
655 2885 780 2924 Lunae
820 2896 898 2923 cum
930 2884 1163 2934 Endymione
1201 2886 1418 2923 commercio
1459 2883 1639 2924 convenit
1676 2884 1712 2920 in
1745 2885 1901 2922 univer-

271 2970 349 2995 sum
380 2957 503 3007 poetis
536 2955 784 3000 doctissimis,
819 2952 1068 3002 Callimacho,
1102 2952 1328 3003 Apollonio,
1362 2953 1567 2993 Nicandro.
1686 2952 1748 2992 De
1780 2952 1900 2993 Calli-

268 3025 399 3065 macho
429 3025 540 3065 testis
570 3028 629 3064 est
659 3022 867 3062 luculentus
899 3021 1070 3062 Catullus
1101 3022 1138 3061 in
1169 3020 1286 3062 Coma
1315 3023 1547 3063 Berenices:
