2006 3365
295 150 396 196 318
886 142 1249 184 DISSERTATIO
1285 142 1354 183 111.

554 259 604 298 11.
640 262 730 298 171.
765 258 853 298 Nee
881 259 961 297 iam
990 263 1181 306 caetera,
1213 258 1419 298 mortaleis
1453 272 1568 311 quae.

639 330 729 366 174.
761 326 827 366 Ne
855 340 979 379 yenus
1010 326 1171 366 occidat
1199 327 1417 367 humanum.

635 396 730 434 738.
762 395 810 434 In
843 409 947 448 quae
976 408 1145 447 corpora
1177 397 1216 434 .ςὶ
1246 396 1395 436 nullus.

633 466 729 503 827.
761 465 1021 504 Evaneseere
1047 464 1274 517 paullatim.

631 536 728 572 891.
762 534 855 573 Non
884 546 934 572 ex
964 533 1138 572 omnibus
1169 535 1331 571 omnino.

636 605 730 641 906.
761 602 845 642 Sed
873 608 1002 641 tamen
1034 607 1120 640 esto
1152 602 1231 640 iam
1259 614 1385 654 posse
1413 601 1528 639 haec.

607 673 727 709 1035.
760 671 843 709 Aut
872 673 999 710 minus
1032 677 1125 709 ante
1158 669 1263 723 quod
1293 669 1499 708 auderent.

605 742 727 778 1170.
760 739 849 779 Nec
877 745 982 778 tenet
1014 740 1143 777 omnia
1171 738 1401 791 paullatim.

291 806 330 846 A
361 807 498 860 quibus
530 807 600 846 vix
630 808 822 860 quiequam
862 807 1034 846 differunt
1065 806 1187 846 tales:

555 876 586 916 Ι.
660 880 727 916 88.
760 877 838 916 Cui
877 877 994 916 simul
1025 877 1158 928 infula
1190 877 1408 928 viryz‘neos.

639 949 728 984 110.
762 945 1081 997 Relliyionibus,
1116 952 1237 999 atque
1266 946 1397 983 minis.

633 1019 728 1053 303.
763 1015 878 1069 Quae
907 1021 1034 1053 tamen
1066 1015 1194 1053 omnia
1225 1026 1430 1067 corporea.

631 1086 725 1122 330.
758 1083 849 1122 Nec
879 1090 1007 1122 tamen
1037 1083 1212 1136 undique
1242 1095 1450 1136 corporea.

634 1155 728 1190 894.
767 1150 906 1191 Verum
936 1153 1088 1190 semina
1117 1152 1369 1191 multimodis.

610 1224 730 1259 1097.
763 1221 819 1260 Ec
850 1234 897 1260 ne
928 1226 1088 1259 caetera
1121 1220 1331 1260 consimiIi.

545 1288 595 1329 ll.
630 1292 722 1329 466.
756 1290 864 1338 Est,
907 1295 951 1328 at
988 1289 1146 1328 lez-ibus
1188 1294 1311 1341 atque
1339 1287 1537 1326 rotundis.

631 1361 725 1397 510.
758 1358 972 1408 ZVaribus,
1004 1358 1200 1406 auribus,
1234 1365 1356 1412 atque
1386 1357 1530 1396 oculis.

632 1430 727 1466 514.
759 1428 948 1481 Denique
978 1427 1028 1466 ab
1059 1426 1217 1478 iynibus
1250 1426 1305 1465 ad
1333 1425 1509 1478 qelidaS·

634 1500 729 1536 835.
766 1497 818 1537 Ut
849 1510 924 1536 non
962 1496 1137 1535 {mutibus
1170 1495 1386 1534 attribuas.

607 1569 728 1604 1035.
761 1566 855 1605 IVon
886 1579 980 1605 esse
1010 1567 1152 1612 unica,
1187 1564 1260 1603 secl
1290 1575 1457 1602 numero.

608 1638 728 1673 1089.
762 1633 876 1691 Quae
908 1633 1000 1672 bene
1030 1636 1191 1684 coynila
1223 1634 1262 1672 si
1291 1638 1445 1671 teneas.

608 1706 728 1741 1165.
760 1703 814 1742 Et
844 1716 928 1742 cum
956 1708 1133 1754 tempora
1164 1700 1414 1754 temporibus.

291 1773 376 1813 Non
409 1771 555 1811 multum
587 1771 705 1818 enim,
746 1774 809 1810 aut
839 1769 951 1820 nihil,
997 1771 1028 1809 si
1060 1773 1165 1809 recte
1204 1770 1348 1819 sentio,
1393 1767 1438 1807 ad
1470 1766 1723 1806 emolliendam
1756 1767 1925 1806 duritiam

292 1843 457 1888 confert,
491 1854 598 1893 quum
631 1840 805 1891 dactylus
837 1844 897 1878 est
927 1852 996 1891 pes
1027 1841 1172 1878 tertius.
1236 1839 1351 1878 Certe
1389 1837 1586 1876 Lueretius
1616 1835 1712 1874 haud
1746 1840 1926 1875 cunctan-

290 1913 371 1959 ter,
405 1922 476 1962 quo
518 1911 596 1948 iure
634 1910 711 1949 Cui
749 1909 866 1949 simul
910 1908 1042 1960 infula
1082 1911 1308 1959 vimineos,
1351 1907 1479 1945 eodem
1520 1906 1597 1945 Cui
1634 1905 1752 1945 simul
1790 1904 1926 1957 infula

289 1979 505 2029 malarmn3
545 1991 617 2031 quo
648 1979 726 2016 iure
759 1978 874 2035 Quae
903 1985 1031 2016 tamen
1061 1978 1190 2015 omnia
1221 1988 1437 2028 corporea,
1484 1974 1610 2013 eodem
1643 1974 1757 2032 Quae
1796 1979 1925 2012 tamen

290 2052 418 2087 omnia
448 2053 633 2086 concreta
656 2047 864 2098 scripturus
891 2047 1041 2084 suisset.
1103 2045 1237 2094 Selegi
1265 2044 1390 2088 locos,
1423 2044 1483 2095 qui
1508 2042 1640 2082 nullam
1666 2043 1826 2081 duritiae
1850 2054 1924 2081 ex-

291 2118 519 2156 cusationem
551 2116 710 2165 liabent,
754 2115 923 2154 exclusis
965 2116 1030 2159 iis,
1078 2115 1112 2153 in
1146 2114 1280 2165 quibus
1312 2113 1441 2164 pedem
1474 2112 1619 2150 tertium
1650 2110 1801 2150 inchoat
1830 2122 1923 2149 ver-

290 2186 374 2224 bum
406 2192 488 2234 est,
533 2184 594 2223 vel
628 2191 740 2232 sunt,
783 2187 859 2233 sic,
909 2197 980 2236 quo
1013 2184 1057 2222 de
1088 2195 1234 2232 genere
1264 2181 1387 2233 paullo
1420 2184 1506 2219 ante
1537 2193 1558 2219 a
1588 2193 1644 2219 me
1674 2180 1844 2218 monitum
1875 2179 1922 2217 ad

292 2254 408 2303 Virg.
441 2254 583 2302 Georg.
616 2253 665 2291 11.
700 2257 765 2291 (31.
809 2265 1022 2305 quamquam
1058 2253 1165 2290 etiam
1198 2252 1293 2290 inter
1325 2250 1416 2289 haee
1447 2262 1553 2287 unum
1584 2248 1792 2287 alterumve
1824 2247 1922 2298 apud

291 2323 502 2362 Lucretium
533 2325 593 2360 est
622 2334 735 2373 supra
767 2321 907 2359 modum
939 2321 1088 2368 durum,
1129 2323 1167 2358 ut
1198 2319 1227 2358 Ι.
1265 2320 1355 2358 237.
1391 2318 1605 2357 Immortali
1636 2323 1729 2357 sunt
1759 2325 1919 2357 natura.

292 2390 489 2431 Caeterum
521 2391 718 2429 excusatio
757 2389 874 2437 haee,
918 2401 1022 2441 quam
1053 2401 1074 2427 a
1105 2393 1234 2427 natura
1265 2387 1373 2426 verbi
1405 2394 1468 2427 est
1499 2388 1678 2438 petimus,
1725 2399 1798 2425 non
1836 2385 1922 2425 huie

291 2460 445 2511 propria
475 2460 593 2498 verbo
626 2461 712 2507 est,
744 2458 810 2496 sed
845 2457 957 2507 longe
989 2460 1103 2508 patet.
1169 2457 1235 2496 Est
1267 2456 1362 2494 enim
1393 2457 1499 2495 etiam
1531 2456 1680 2494 aliarum
1709 2454 1919 2493 vocularum

290 2528 385 2567 hacc
415 2532 566 2575 natura,
609 2530 647 2566 ut
677 2531 812 2578 sponte
843 2526 1112 2565 adhaerescunt
1142 2526 1202 2564 alii
1247 2526 1386 2564 cuidam
1427 2526 1510 2564 sive
1555 2524 1795 2575 praecedenti
1834 2523 1919 2561 sive

291 2598 460 2650 sequenti
492 2597 590 2635 voci.
652 2595 768 2635 Velut
799 2609 919 2634 eurum
951 2608 1043 2648 quas
1076 2595 1377 2645 praepositiones
1400 2593 1643 2645 appellamus.
1705 2593 1828 2645 Quare
1859 2590 1917 2628 ni-

289 2664 341 2704 hil
373 2666 588 2705 offensionis
619 2663 760 2702 hahent
777 2666 808 2703 l.
834 2668 925 2703 715.
991 2665 1043 2703 Et
1076 2666 1142 2718 qni
1174 2670 1344 2717 quatuor
1374 2677 1423 2701 ea·
1453 2662 1584 2701 rebus.
1646 2665 1684 2700 et
1706 2663 1799 2700 764.
1830 2660 1916 2698 De-

289 2737 408 2789 nique
440 2742 608 2788 quatuor
637 2747 687 2772 ex
717 2733 848 2772 rebus.
908 2732 1009 2771 Nihil
1049 2732 1277 2784 praepositio
1318 2733 1420 2770 inter
1459 2731 1589 2781 pedem
1629 2729 1802 2769 obtinens
1847 2740 1916 2766 se.-

290 2804 473 2852 cundum,
507 2806 688 2855 sequente
719 2816 764 2841 se
794 2802 1029 2851 pronomine,
1069 2800 1164 2853 quod
1197 2804 1266 2838 tam
1300 2803 1514 2838 consuetum
1547 2811 1591 2838 ac
1621 2798 1799 2836 sollemne
1831 2797 1915 2835 Lu-

291 2873 429 2921 cretio,
462 2875 502 2910 ut
532 2871 807 2923 quatuordecim
839 2869 932 2907 locis
965 2870 999 2907 in
1038 2870 1182 2908 duobus
1224 2869 1328 2906 libris
1370 2870 1420 2907 ita
1458 2867 1674 2907 collocatum
1706 2866 1915 2916 reperiatur

291 2942 390 2979 inter
421 2954 484 2985 se,
528 2940 558 2978 Ι.
605 2941 697 2977 761.
731 2940 823 2978 769.
856 2941 950 2977 819.
985 2941 1077 2977 825.
1111 2941 1204 2977 838.
1239 2941 1332 2976 909.
1407 2937 1454 2976 ΙΙ.
1490 2942 1554 2975 29.
1590 2938 1654 2974 75.
1689 2938 1781 2973 483.
1816 2937 1911 2973 689.

293 3010 384 3047 692.
405 3010 497 3048 761.
526 3012 619 3049 941.
642 3012 759 3048 1008.
820 3007 953 3060 Neque
986 3007 1171 3047 dubitavit
1200 3006 1327 3046 eodeni
1358 3006 1467 3045 modo
1487 3005 1538 3044 uti
1559 3002 1744 3052 Virgilius
1765 3001 1910 3052 Georg.
