2006 3365
261 128 364 171 290
866 110 1232 155 DISSERTATIO
1263 110 1331 151 ΙΙΙ.

494 235 612 275 Hanc
645 231 838 287 querulae
867 230 1048 282 referunt
1077 239 1199 266 voces
1215 253 1229 275 ,
1263 228 1355 280 quis
1386 228 1528 266 nantia
1559 226 1648 266 limo

492 304 674 354 Corpora
705 299 865 353 lympha
893 299 1031 350 fovet:
1065 298 1223 335 sonitus
1255 294 1331 333 alit
1362 296 1477 334 ae‘rz's
1508 296 1635 335 Eeho.

265 386 453 429 quaqua,
498 383 564 422 pro
603 370 733 420 inepto
781 379 1039 422 quamquam,
1081 362 1277 415 praeclara
1319 366 1379 402 est
1417 363 1462 403 C.
1495 363 1641 404 Barthii
1689 362 1903 402 Adversar.

263 443 370 482 XXI.
405 455 525 479 xxm.
568 437 800 487 emendatio,
839 436 904 475 sed
952 436 986 473 in
1027 445 1132 486 quam
1165 444 1221 470 me
1253 444 1400 484 quoque
1432 432 1636 481 incidisse,
1676 444 1783 483 quum
1815 429 1906 468 nihil

264 513 397 549 scirem
429 509 475 547 de
517 506 699 555 Barthio,
744 505 899 545 credent
946 501 1055 551 mihi,
1100 501 1162 552 qui
1204 513 1248 538 ea
1287 500 1545 539 emendatione
1576 499 1759 552 quomodo
1792 500 1903 547 utar,

263 579 507 627 intelligent:
552 577 599 615 de
631 589 703 628 quo
736 574 825 613 nihil
859 575 895 612 in
927 574 1085 610 mentem
1117 570 1223 608 venit
1268 566 1436 607 Barthio.
1508 568 1704 608 Sententia
1742 571 1822 615 est,
1870 568 1907 606 in

261 649 421 697 regione
453 646 516 684 illa
548 649 733 684 certamen
773 643 955 696 quoddam
988 651 1157 678 ranarum
1190 639 1310 676 fuisse
1350 649 1429 675 cum
1460 637 1618 687 avibus3
1659 637 1781 676 avium
1815 648 1906 675 can-

263 723 335 755 tum
368 728 436 767 pro
469 716 548 753 suis
575 714 719 752 viribus
747 715 891 751 referre
913 723 959 749 ac
985 711 1160 760 repetere
1183 719 1307 745 ranas.
1368 705 1511 754 Hanc,
1543 706 1679 757 inquit,
1703 707 1906 757 referunt:

263 785 346 824 scil.
392 797 548 832 vocem,
589 796 638 821 ex
676 794 792 820 versu
835 778 1012 831 praeced.
1055 777 1121 815 sed
1155 775 1259 814 simul
1293 775 1473 826 respicit,
1516 774 1612 826 quod
1653 774 1704 813 ibi
1735 774 1908 822 dixerat,

262 866 441 909 quaqua.
485 865 564 890 nam
598 864 677 890 vox
708 862 877 889 ranarum
921 860 1087 902 quaqua
1129 846 1252 883 sonat.
1314 842 1364 882 Ut
1409 844 1477 881 iam
1518 842 1721 881 habeamus
1762 847 1909 894 poetam

261 923 529 975 antiquiorem,
573 932 679 973 quem
719 918 882 958 Ovidius
920 914 1126 954 aemulatus
1167 917 1227 952 est
1265 912 1328 951 illo
1367 924 1436 950 suo
1499 911 1692 968 Quamvis
1726 915 1808 950 sint
1839 911 1910 949 sub

263 1005 380 1044 aqua,
415 990 484 1029 sub
517 1001 612 1041 aqua
642 988 881 1027 maledicere
910 990 1078 1024 tentant.
1112 983 1266 1022 Metam.
1301 981 1369 1020 Vl.
1402 982 1498 1020 376.
1547 980 1648 1020 Libri
1682 980 1804 1018 cuncti
1856 980 1911 1018 Et

265 1073 503 1116 quamquam
527 1072 565 1110 {l-
626 1058 881 1105 Augustanus
904 1067 1057 1101 auras,
1079 1052 1144 1090 sed
1179 1051 1275 1103 quod
1309 1051 1432 1090 statim
1465 1052 1673 1089 correctum
1705 1050 1741 1087 in
1775 1063 1911 1089 aures.

266 1129 464 1170 Caeterum
496 1128 676 1179 {jeminus
709 1138 830 1163 aures
872 1123 1030 1161 ieiunum
1072 1119 1291 1172 epitheton,
1333 1120 1417 1172 quia
1455 1120 1639 1168 otiosum,
1687 1119 1754 1157 sed
1797 1130 1911 1170 prae-

265 1199 335 1237 ivit
368 1196 567 1237 Catullus:
613 1194 801 1233 Geminas
835 1192 992 1231 deorum
1024 1190 1079 1229 ad
1111 1202 1232 1228 aures
1265 1202 1370 1227 nova
1402 1191 1547 1227 nuncia
1578 1189 1777 1240 referens.
1839 1187 1914 1226 Per

268 1283 310 1306 se
343 1279 415 1305 non
449 1267 509 1305 est
539 1265 697 1302 ieiunum
730 1260 923 1313 epitheton
968 1258 1081 1309 illud,
1124 1270 1169 1296 ac
1209 1259 1466 1308 frequentatur
1504 1256 1552 1294 ab
1585 1255 1912 1305 elegantissimis,

266 1343 306 1377 ut
336 1336 502 1388 {seminis
532 1333 682 1387 palmis
725 1331 850 1371 Varro
892 1328 1082 1368 Atacinus
1115 1326 1212 1377 apud
1246 1325 1421 1365 Servium
1454 1325 1488 1362 in
1520 1323 1634 1374 Vin-g.
1666 1323 1748 1363 Ecl.
1782 1323 1810 1363 l.
1847 1327 1913 1362 66.

267 1411 305 1446 et
336 1404 519 1457 duplices
550 1401 736 1454 palmas,
777 1398 840 1437 vel
872 1411 1038 1444 manus,
1086 1395 1287 1447 aliquoties
1327 1392 1542 1443 Virgilius3
1583 1395 1763 1446 yeminas
1803 1394 1915 1432 acies

269 1474 432 1515 Aeneid.
464 1472 534 1512 vl.
570 1474 664 1509 ἴδε).
711 1469 767 1508 Et
796 1467 1038 1520 pupularum
1070 1464 1226 1503 nitidas
1260 1463 1434 1513 geminas
1465 1463 1679 1514 yemmulas
1712 1464 1824 1513 poeta
1856 1462 1917 1499 in-

271 1545 480 1595 geniosuS,
524 1539 694 1592 quisquis
736 1542 816 1583 est,
863 1534 1020 1575 Anthol.
1065 1534 1147 1573 Lat.
1180 1532 1248 1572 ΙΙΙ.
1283 1546 1453 1569 ccxxm.
1489 1535 1528 1571 9.
1597 1531 1807 1581 Eleganter
1839 1529 1917 1570 Ca-

273 1613 410 1660 tullus,
445 1609 614 1662 quamvis
642 1607 841 1654 audacter,
872 1606 907 1643 in
930 1604 1090 1643 carmine
1110 1602 1332 1652 Sapphico:
1366 1603 1521 1652 yeminu
1551 1606 1739 1650 tenuntur
1769 1600 1920 1639 lumina

273 1687 410 1730 nocte,
443 1678 634 1718 oculorum
670 1675 837 1726 epitheto
871 1674 915 1713 ad
949 1679 1096 1711 noctem
1128 1670 1260 1709 relato.
1295 1670 1353 1708 cui
1385 1669 1506 1707 simile
1540 1668 1792 1718 virgilianum
1809 1667 1918 1708 Vlll.

277 1755 372 1790 680.
406 1750 585 1800 yeminas
610 1747 674 1784 eui
696 1751 872 1797 tempora
896 1743 1078 1794 flammas
1140 1739 1275 1778 Laeta
1298 1744 1468 1777 vomunt.
1529 1737 1655 1776 Versu
1678 1741 1766 1776 149.
1801 1738 1923 1776 Hanc

276 1820 419 1868 vulgo,
461 1817 496 1855 in
543 1814 626 1854 cod.
660 1812 875 1852 Basileensi
908 1814 946 1849 et
986 1809 1163 1861 reliquis,
1207 1821 1228 1846 a
1260 1821 1333 1860 quo
1367 1819 1437 1845 non
1471 1805 1617 1846 multum
1649 1807 1793 1845 recedit
1823 1806 1922 1858 quod

277 1891 336 1927 est
368 1888 402 1925 in
435 1886 572 1924 Petav.
605 1882 753 1921 Tliuan.
790 1882 959 1928 August.
992 1879 1087 1917 Hae
1118 1881 1155 1917 et
1185 1878 1248 1916 Ac
1280 1876 1376 1928 quod
1410 1877 1446 1914 in
1478 1876 1596 1914 Voss
1633 1879 1698 1915 81.
1731 1875 1826 1914 Hae
1858 1887 1923 1913 re-

276 1960 349 1996 fert
387 1955 498 1994 etiam
536 1951 714 1991 Bembus.
785 1949 925 1988 Verum
966 1947 1143 1987 Bembum
1186 1945 1283 1998 quod
1323 1946 1480 1994 attinet,
1526 1958 1632 1997 quum
1671 1957 1743 1983 non
1786 1943 1924 1996 ubique

276 2026 446 2065 codicem
485 2034 588 2060 suum
634 2019 899 2070 expresserit,
946 2029 1053 2066 ego,
1102 2015 1190 2068 quid
1236 2014 1296 2052 ille
1336 2015 1371 2052 in
1417 2013 1511 2052 locis
1543 2013 1706 2062 singulis
1739 2025 1759 2051 e
1792 2013 1925 2051 codice

279 2094 443 2138 dederit,
477 2090 565 2143 quid
598 2088 805 2128 recesserit
835 2098 856 2124 a
888 2086 1038 2131 codice,
1071 2084 1156 2123 aliis
1190 2083 1426 2122 divinandum
1455 2082 1636 2134 relinquo.
1697 2082 1829 2121 Possit
1853 2081 1925 2119 ali-

282 2164 366 2215 quis
397 2161 490 2200 Hac
521 2157 724 2197 defendere
758 2155 881 2198 velle,
917 2154 983 2192 sed
1017 2154 1190 2204 praestat
1220 2151 1322 2190 illud.
1382 2151 1586 2189 Praeterea
1612 2150 1730 2188 Voss.
1756 2154 1821 2189 Sl.
1854 2149 1926 2189 boc

284 2231 442 2271 ordine:
475 2229 537 2267 Ac
571 2225 733 2279 querule
764 2237 882 2263 uoces
915 2224 1097 2274 referunt
1131 2223 1222 2275 quis
1250 2224 1324 2259 ete.
1385 2219 1460 2258 Pro
1493 2222 1649 2258 sonitus
1675 2218 1824 2257 Thuan.
1858 2233 1926 2258 sem

285 2303 407 2340 uitus.
469 2297 553 2335 1100
593 2294 769 2332 audacter
799 2306 819 2330 a
851 2293 964 2342 poeta
1005 2292 1163 2339 factum,
1205 2289 1273 2327 sed
1315 2300 1386 2326 non
1430 2286 1654 2332 infeliciter,
1695 2287 1791 2339 quod
1828 2286 1928 2326 nulla

285 2366 539 2420 praecedente
571 2363 711 2401 diserta
742 2361 929 2399 mentione
961 2373 1173 2407 ranarum,
1208 2359 1259 2396 ita
1290 2357 1446 2408 pergit:
1481 2358 1571 2409 quis
1604 2357 1729 2395 nantia
1748 2355 1835 2395 limo
1853 2360 1927 2396 etc.

286 2437 449 2476 nimirum
481 2432 575 2471 satis
608 2429 872 2468 describuntur
905 2440 1018 2466 ranae
1052 2426 1109 2464 his
1141 2427 1271 2465 verbis
1295 2425 1488 2479 querulae
1507 2438 1642 2464 voees.
1705 2424 1926 2474 Caeterum,

289 2505 386 2559 quod
419 2505 548 2542 eontra
572 2498 808 2547 Scaligerum
835 2509 990 2544 moneo,
1030 2496 1128 2534 bene
1151 2494 1324 2546 procedit
1349 2494 1440 2532 ordo
1472 2505 1660 2532 versuum.
1720 2494 1815 2533 Post
1845 2492 1926 2531 lon-

288 2588 374 2625 gam
406 2572 577 2611 arborum
618 2567 910 2617 descriptionem
949 2565 1071 2603 avium
1110 2564 1329 2602 mentionem
1362 2564 1504 2601 fecerat
1534 2563 1568 2600 in
1600 2562 1799 2601 arboribus
1830 2562 1926 2600 resi-

289 2643 474 2690 dentium,
506 2651 544 2677 v.
582 2639 673 2675 144.
708 2638 745 2673 5.
805 2633 899 2672 Tum
932 2633 1039 2670 rivus
1081 2634 1252 2685 sequitur
1283 2646 1321 2670 v.
1361 2635 1450 2669 146.
1486 2633 1523 2669 ἶ.
1556 2632 1591 2669 in
1623 2644 1694 2684 quo
1727 2643 1832 2683 quum
1863 2642 1928 2670 ra-

289 2724 414 2750 narum
446 2706 701 2754 meminisset,
742 2703 811 2741 lias
850 2704 996 2740 certare
1028 2713 1106 2739 cum
1139 2701 1277 2739 avibus
1310 2701 1419 2747 dicit,
1463 2702 1500 2740 et
1540 2701 1679 2739 mixtos
1710 2699 1832 2738 avium
1863 2711 1927 2738 ra-

289 2790 490 2830 narnmque
522 2776 668 2815 sonitus
699 2772 801 2812 alere
832 2775 943 2823 atque
975 2783 1119 2820 augere
1152 2769 1260 2808 celio.
1323 2769 1547 2823 Quamquam
1578 2767 1649 2807 hoc
1680 2767 1825 2806 nimium
1847 2766 1929 2806 cla-

289 2861 426 2886 morum
470 2847 551 2894 est,
597 2842 818 2895 praesertim
859 2853 966 2893 quum
1011 2840 1056 2878 ad
1098 2840 1260 2892 quietem
1302 2850 1543 2891 somnumque
1572 2839 1761 2889 pastorem
1792 2836 1931 2876 invitet

289 2921 415 2967 pocta.
560 2926 600 2952 v.
646 2914 736 2950 168.

690 2979 864 3020 Adtollit
894 2978 1037 3018 nitidis
1077 2984 1219 3030 peetus
1250 2976 1502 3030 sulyorc'bus,
