2006 3365
270 156 370 201 190
825 152 1349 193 ANIMADVERSIONES

266 269 411 320 faeta:
445 267 510 305 sed
542 269 632 317 puto
664 265 765 305 illud.
798 273 836 306 et
864 268 961 320 fata
994 267 1078 306 cod.
1111 267 1172 318 qui
1213 267 1348 306 dicitur
1386 267 1513 306 Pierii.
1578 268 1749 318 Longius
1791 279 1900 308 recc-

268 337 358 375 dunt
397 335 537 374 Medic.
581 340 618 374 et
658 336 780 374 Paris.
824 336 891 375 lV.
925 337 959 374 in
992 336 1126 387 quibus
1157 340 1266 375 neeis
1305 334 1461 375 soluere
1488 338 1597 388 fata.
1659 339 1715 376 At
1746 337 1901 386 longis-

267 405 357 442 sime
388 405 540 442 Monac.
574 405 603 442 l.
640 405 690 442 ll.
725 404 937 445 etVratisl.
971 405 1000 444 l.
1034 405 1068 442 in
1101 404 1236 456 quibus
1277 404 1386 443 etiam
1420 418 1595 459 quoque,
1631 407 1726 458 quod
1760 405 1902 444 caeteri

266 472 351 511 libri
393 475 679 523 repraesentant
719 474 873 511 unanimi
912 487 1037 512 onnies
1076 484 1286 522 consensu,
1328 476 1500 512 mutatum
1534 478 1616 523 est,
1660 475 1742 512 sic:
1783 486 1902 525 coyor

264 555 358 581 neec
389 543 547 581 soluere
581 543 690 593 fata.
755 544 795 581 ln
838 555 909 594 quo
951 546 1081 594 aperte
1113 542 1275 580 cernitur
1305 554 1432 580 manus
1464 542 1629 591 librarii,
1663 543 1698 581 in
1730 542 1900 593 scriptu-

264 623 305 648 ra
338 606 505 661 αἰιιέτρῳ
548 624 702 665 qnoque
731 626 826 650 nece
857 611 1104 657 offendentis,
1145 611 1389 649 emendatrix.
1449 611 1544 650 Mihi
1586 624 1715 650 noxae
1755 614 1792 650 et
1834 622 1902 662 per

262 693 305 718 se
338 679 494 729 bonum,
528 683 566 718 et
596 682 692 718 satis
726 681 846 718 veteri
877 681 1086 730 scripturae
1118 692 1232 727 nece,
1276 692 1369 731 quae
1401 680 1546 732 quidem
1578 681 1778 719 manifesto
1811 691 1901 718 cor-

262 752 371 799 rupta
402 752 485 797 est,
532 748 654 786 simile
686 749 847 786 videtur.
913 750 952 786 ln
985 748 1185 787 Romanam
1224 749 1427 799 principem
1459 747 1544 786 illud
1578 748 1675 787 haud
1708 749 1820 787 dubie
1852 761 1902 787 ex

260 816 359 855 libro
392 817 539 867 scripto
574 817 702 865 venit,
737 830 842 869 quum
875 816 975 855 nulla
1007 818 1042 854 in
1076 816 1170 855 banc
1201 817 1403 855 Romanam
1437 817 1708 856 emendationis
1747 822 1811 856 aut
1840 818 1901 855 in-

261 885 525 936 terpolationis
556 887 726 936 suspicio
765 886 886 925 cadat.
957 885 1105 924 Deinde
1136 885 1272 937 aliquid
1307 885 1519 924 Mutinensi
1550 885 1690 924 tribuo.
1758 885 1830 924 Vel
1862 890 1903 925 ut

260 955 310 993 sit
342 955 572 1002 emendatio,
614 953 830 992 felicissima
863 956 945 1003 est,
979 954 1126 993 multum
1159 955 1406 1004 praeferenda
1449 954 1499 992 illi
1533 954 1750 993 emendandi
1784 966 1902 993 cona-

259 1024 367 1071 mini,
401 1023 496 1074 qnod
530 1024 564 1060 in
593 1021 744 1061 Monac.
778 1025 808 1062 l.
842 1023 891 1062 ll.
926 1027 964 1062 et
994 1022 1155 1062 Vratisl.
1189 1024 1219 1061 Ι.
1278 1023 1433 1062 Frustra
1465 1023 1574 1062 etiam
1602 1023 1805 1072 Scaliger,
1839 1024 1900 1075 qui

259 1092 574 1130 continuationem
606 1090 668 1129 vel
703 1093 823 1140 magis
855 1092 1115 1142 repetitionem
1147 1091 1320 1142 prolatae
1347 1092 1528 1130 versibus
1560 1091 1706 1130 duobus
1738 1103 1901 1142 praece-

259 1159 434 1198 dentibus
466 1160 677 1198 scntentiae
710 1161 893 1199 contineri
925 1159 999 1198 hoc
1031 1172 1145 1198 versu
1177 1162 1296 1210 putat.
1358 1158 1501 1199 Contra
1537 1160 1659 1211 legem
1691 1161 1899 1208 sermonis,

259 1229 290 1266 si
330 1228 414 1279 quid
448 1227 582 1277 video,
628 1228 688 1266 vel
729 1231 831 1266 certe
863 1232 993 1267 contra
1024 1240 1127 1266 usum
1161 1228 1321 1266 dicendi.
1381 1229 1476 1267 Tum
1517 1229 1611 1267 enim
1644 1241 1714 1267 non
1749 1243 1902 1283 quoque

258 1296 519 1345 scribendum,
549 1296 616 1335 sed
651 1296 784 1347 copula
816 1304 853 1336 et
884 1296 947 1335 vel
981 1311 1055 1351 qne
1087 1310 1183 1348 opus
1216 1299 1319 1346 erat,
1352 1298 1437 1335 sic:
1471 1296 1602 1336 Ausus
1634 1310 1709 1347 ego
1735 1298 1900 1349 pudores

258 1365 430 1414 violare,
463 1369 719 1417 sacratamque
753 1366 882 1404 vittam
914 1365 1091 1416 solvere,
1123 1372 1161 1405 et
1192 1367 1268 1404 sata
1299 1365 1476 1413 solvere,
1509 1365 1600 1404 vel:
1633 1367 1788 1421 fataque
1818 1366 1900 1405 sol-

258 1446 365 1472 vere.
427 1433 538 1472 lmmo
571 1433 665 1473 haec
696 1447 795 1473 nova
826 1435 1076 1484 interrogatio
1109 1439 1189 1483 est,
1223 1447 1340 1487 neque
1372 1434 1531 1485 amplius
1562 1435 1704 1486 pendet
1733 1448 1754 1474 a
1785 1448 1900 1486 prae-

257 1515 396 1551 gresso
429 1516 571 1541 (tusus.
635 1503 751 1542 Estne
783 1504 891 1542 etiam
922 1515 1026 1541 meae
1068 1516 1212 1547 noxae,
1247 1504 1437 1542 immatura
1468 1502 1621 1543 solvere
1652 1499 1757 1542 sata?
1815 1504 1900 1543 Hoc

258 1575 337 1610 est:
371 1575 559 1610 tantumne
592 1584 668 1620 ego
702 1584 839 1610 nocere
869 1584 1048 1622 possum,
1082 1576 1120 1611 ut
1152 1574 1228 1610 fata
1260 1573 1451 1611 immatura
1481 1567 1655 1610 solvam?
1696 1574 1793 1625 fata
1825 1575 1897 1612 im-

255 1647 414 1679 matura
446 1641 606 1679 solvere
647 1652 717 1677 non
750 1642 877 1690 potest
910 1652 1020 1689 esse,
1063 1640 1159 1691 quod
1193 1639 1380 1689 Virgilius
1412 1640 1527 1689 dicit,
1565 1642 1662 1692 fata
1692 1655 1893 1695 rumpere,

257 1709 322 1747 sed
357 1712 416 1748 cst
441 1710 650 1759 anticipare
681 1710 778 1758 sata,
810 1711 1031 1758 perpetrare
1063 1709 1124 1756 id,
1159 1708 1253 1760 quod
1289 1708 1442 1746 nondum
1467 1709 1504 1747 in
1537 1710 1623 1748 satis
1656 1713 1715 1749 est
1747 1714 1785 1750 ut
1816 1711 1892 1750 fiat.

256 1777 307 1816 Ut
347 1778 442 1817 vidit
481 1777 674 1825 Scaligger.
750 1776 885 1815 Verum
924 1789 995 1816 non
1035 1781 1139 1816 recte
1179 1775 1357 1826 Scaliger
1394 1776 1467 1816 hoc
1507 1780 1622 1817 totum
1659 1779 1703 1817 ad
1736 1779 1893 1829 Lydiam

256 1849 432 1893 revocat,
474 1846 579 1898 quasi
613 1846 665 1884 sit
695 1846 910 1895 sententia,
952 1846 1098 1897 Lydiae
1139 1847 1238 1884 iusto
1270 1847 1447 1886 maturius
1480 1850 1645 1897 ereptam
1677 1848 1892 1897 pudicitIam

254 1916 387 1953 fuisse.
457 1914 562 1967 Quod
606 1915 775 1952 alienum.
846 1914 930 1953 Iloc
969 1916 1161 1964 signifieat
1200 1913 1317 1964 Cato,
1359 1914 1454 1967 quod
1495 1915 1578 1965 ipse
1616 1927 1707 1954 suae
1747 1915 1893 1966 puellae

254 1984 383 2021 vitium
416 1983 614 2032 obtulerit,
656 1982 744 2021 nihil
789 1996 831 2020 se
864 1985 1023 2032 secisse,
1065 1983 1161 2035 quod
1195 1996 1265 2021 non
1298 1984 1429 2021 dudum
1463 1984 1658 2031 usitatum,
1703 1987 1740 2023 et
1776 1997 1891 2034 prae-

254 2052 432 2102 scriptum
464 2056 616 2090 naturae
649 2052 736 2100 lege
769 2054 920 2103 satoque
952 2053 1102 2090 suisset.
1165 2051 1399 2090 Vocabulum
1441 2065 1547 2091 noma
1579 2051 1760 2100 illustrat,
1794 2053 1890 2105 quod

254 2121 377 2158 statim
409 2120 559 2159 subiicit
589 2121 684 2159 Cato
711 2133 822 2158 versu
856 2133 938 2172 seq.
966 2135 1050 2160 meu
1083 2122 1219 2173 eulpa.
1282 2122 1442 2172 Eamque
1477 2121 1790 2170 significationem
1820 2123 1890 2160 iam

254 2188 454 2238 Philippus
497 2188 706 2227 Beroaldus
749 2189 929 2228 Annotat.
974 2190 1007 2227 in
1041 2189 1238 2238 Servium,
1279 2190 1323 2228 ad
1357 2190 1454 2228 illum
1486 2190 1626 2239 locum,
1672 2191 1799 2230 Unius
1842 2191 1889 2230 ob

254 2271 418 2304 nomam,
453 2264 487 2295 et
518 2258 655 2308 sarias
684 2258 830 2296 Aiacis
861 2256 988 2306 Oilei,
1023 2259 1256 2296 confirmavit
1283 2259 1382 2308 aptis
1415 2258 1619 2309 exemplis,
1653 2272 1687 2297 e.
1714 2272 1757 2308 g.
1787 2259 1883 2299 Ovi-

254 2326 302 2364 dii
345 2326 466 2375 Epist.
502 2326 590 2364 Vll.
630 2330 718 2363 lon.
780 2326 981 2366 Invidiam
1011 2340 1139 2366 noxae
1171 2327 1343 2365 detrahit
1382 2327 1451 2366 ille
1479 2341 1601 2367 meae.
1643 2329 1727 2376 ubi,
1770 2331 1808 2368 ut
1845 2341 1888 2367 a·

252 2395 324 2445 pud
367 2392 568 2441 Catonem,
610 2395 732 2432 variat
771 2396 972 2433 orationem
1014 2407 1109 2434 nunc
1148 2396 1288 2448 eulpa,
1329 2408 1425 2434 nunc
1466 2397 1511 2434 de
1550 2397 1676 2436 eadem
1709 2409 1749 2436 re
1780 2410 1885 2436 noxa

251 2466 478 2513 usurpatum.
539 2462 739 2501 Praecedit
781 2464 872 2500 enim
905 2479 942 2501 x.
980 2466 1069 2501 105.
1103 2464 1174 2502 Da
1206 2465 1359 2501 renium
1390 2464 1560 2517 cnlpae:
1601 2466 1757 2518 decepit
1795 2465 1885 2505 ido-

250 2546 346 2571 neus
379 2538 531 2570 auctor.
567 2530 742 2569 Nestoris
774 2531 839 2569 lib.
873 2532 920 2570 V.
945 2548 983 2571 v.
1015 2532 1140 2571 Nora
1174 2532 1291 2570 verba
1321 2536 1428 2572 sunt:
1468 2533 1664 2586 Virgilius
1696 2537 1736 2573 in
1766 2534 1881 2573 diris.

250 2601 466 2639 Immatnra
497 2613 605 2639 meae
637 2613 759 2654 quom·
790 2614 919 2641 noxae
951 2602 1106 2641 soluere
1134 2602 1275 2653 faeta:
1309 2602 1439 2641 Istius
1471 2610 1562 2657 ntq5
1600 2605 1747 2643 utinam
1775 2604 1885 2654 sacti

247 2683 333 2709 mea
365 2669 486 2722 eulpa
520 2671 718 2719 maye’slra
749 2669 890 2708 Prima
918 2672 1036 2721 foret.
1098 2670 1247 2708 Norae
1278 2671 1381 2710 ‹lia-it
1409 2684 1417 2708 :
1455 2686 1528 2725 pro
1571 2673 1726 2723 eulpae.
1762 2679 1802 2710 ut
1833 2686 1883 2711 ea·

249 2741 430 2792 sequenti
469 2752 588 2776 uersu
616 2744 743 2789 patet.
806 2738 963 2777 Scilicet
1003 2739 1075 2776 etsi
1106 2738 1228 2776 dill'ert
1257 2739 1392 2791 aliquid
1433 2741 1528 2779 inter
1558 2753 1697 2779 noxam
1727 2743 1765 2779 et
1796 2741 1880 2779 eul-

245 2821 357 2859 pam,
384 2806 505 2845 multis
532 2811 650 2844 tamen
676 2805 768 2844 locis
795 2805 947 2844 liberum
972 2806 1222 2855 scriptoribus
1249 2811 1349 2855 erat,
1381 2808 1454 2848 hoc
1476 2809 1664 2854 scribere,
1691 2808 1751 2847 vel
1776 2808 1878 2848 illud.

248 2875 308 2915 Cf.
345 2874 584 2913 Doederlein.
618 2874 841 2924 Synonyma
866 2874 931 2912 lat.
959 2875 1002 2913 P.
1030 2874 1079 2911 ll.
1107 2888 1144 2925 p.
1183 2880 1271 2914 153.
1334 2878 1448 2928 Apud
1480 2882 1613 2928 poetas
1643 2877 1878 2929 antiquiores

249 2957 330 2983 raro
363 2945 488 2982 inveni
523 2942 742 2981 vocabulum
775 2956 893 2982 noxa.
963 2943 1048 2982 Non
1082 2949 1141 2983 est
1171 2946 1265 2995 apud
1300 2946 1522 2985 Lucretium.
1583 2945 1695 2996 Apud
1728 2946 1876 2985 Teren-

248 3014 334 3051 tium
365 3016 486 3052 nomia
518 3012 693 3063 saepius,
725 3024 830 3051 noxa
862 3024 1059 3065 nusquam:
1094 3025 1173 3052 nam
1204 3013 1352 3053 Pliorm.
1385 3014 1433 3053 11.
1465 3030 1488 3055 1.
1524 3018 1589 3053 36.
1622 3018 1725 3055 recte
1755 3020 1876 3055 πυτία
