2006 3365
453 165 584 206 VITA
619 167 856 208 CATONIS
889 169 956 208 ΕΤ
987 167 1235 209 SCRIPTA.
1577 173 1674 216 271

47 283 206 323 tudinem
238 281 399 321 exordii.
460 282 588 322 Altius
618 296 693 322 rem
725 286 924 334 repetere,
952 283 1142 323 luxuriare
1173 284 1210 322 in
1242 283 1433 333 exordiis,
1466 284 1588 322 notum
1618 285 1679 323 est

46 353 216 391 iuvenum
247 351 405 389 maxime
434 354 627 401 poetarum
659 353 800 392 vitium.
862 352 983 405 Quare
1016 353 1220 402 Horatius,
1263 353 1323 405 qui
1361 354 1500 391 mature
1531 354 1678 403 tempe-

45 432 128 458 rare
159 420 231 457 sibi
263 419 419 467 didicit,
453 433 559 471 quum
592 422 889 471 persentisceret
920 419 1030 459 multo
1062 421 1198 459 fortius
1229 424 1341 473 atque
1372 420 1586 472 elegantius
1616 421 1678 458 fu-

45 492 161 527 turum
193 500 304 535 esse,
351 489 382 526 si
420 488 614 539 abruptum
661 493 767 527 esset
798 490 980 526 sermonis
1026 490 1196 528 initium:
1228 489 1380 542 Nempe
1419 489 1679 541 incomposito

46 557 132 595 dixe·
162 559 234 595 etc.
267 556 426 606 priorem
469 556 738 605 longitudinem
781 559 893 608 atque
926 558 1129 595 ubertatem
1161 558 1319 596 rescidit
1349 559 1513 607 penitus.
1573 557 1679 607 Apte

44 625 379 673 Morgensteruius
410 628 648 675 praeceptmu
690 625 905 663 recordatur
945 624 1111 666 Horatii,
1153 624 1235 663 Sat.
1269 624 1351 663 ead.
1385 627 1451 663 69.
1485 628 1550 663 70.
1591 625 1680 664 De-

44 699 186 732 tereret
218 694 296 732 sibi
324 694 470 742 malta,
502 695 698 733 recideret
728 706 855 740 onme,
890 693 994 746 qaod
1023 693 1134 732 ultra
1191 693 1419 745 Perfectum
1439 694 1678 732 traheretur.

45 761 150 814 Quod
183 766 303 799 autem
335 764 479 801 servati
511 766 598 800 sunt
629 774 792 809 versus,
826 773 920 813 quos
952 764 1072 799 tamen
1106 763 1188 812 ipse
1219 762 1442 800 rescidisset
1472 762 1680 810 Horatius,

44 830 79 868 id
112 829 182 868 line
213 831 319 868 modo
351 830 516 881 explico.
578 831 758 869 Horatius
799 829 869 867 duo
901 828 1052 868 librario
1085 830 1279 870 Sermonis
1309 830 1419 869 huius
1451 829 1682 880 exemplaria

45 898 224 937 tradidit:
258 899 361 949 prius
393 898 504 947 illud,
545 899 580 937 in
624 910 696 950 quo
729 899 873 936 inerant
912 910 1071 947 versus,
1113 903 1247 950 postea
1278 899 1433 938 alterum
1463 911 1485 937 a
1516 910 1560 937 se
1591 910 1682 936 cor-

44 970 212 1015 rectum,
246 980 267 1005 a
299 979 369 1019 quo
400 968 570 1006 aberant.
631 966 704 1006 Vel
737 969 837 1006 facta
867 970 928 1005 est
957 970 1165 1012 eorrectio,
1201 981 1307 1021 quum
1339 969 1400 1020 qui
1431 971 1543 1006 antea
1574 979 1683 1005 seor-

44 1049 122 1074 sum
154 1037 296 1085 singuli
337 1037 462 1075 emissi
493 1037 656 1075 ruissent
693 1037 922 1085 Sermones,
965 1036 1149 1076 collectos
1181 1037 1217 1075 in
1252 1049 1357 1075 uuum
1391 1036 1522 1074 librum
1553 1035 1682 1086 publi-

44 1105 183 1154 cabat3
229 1104 432 1144 litterarum
478 1118 570 1144 vero
611 1109 778 1144 amantes
815 1117 887 1143 non
929 1106 1079 1156 penitus
1125 1107 1249 1156 perire
1289 1105 1416 1156 priora
1453 1103 1682 1154 exemplaria

44 1175 147 1225 passi
178 1178 277 1213 sunt.
338 1175 455 1214 Venit
498 1176 605 1214 etiam
637 1176 671 1213 in
703 1178 880 1222 mentem,
921 1186 1135 1226 quamquam
1175 1187 1247 1212 non
1286 1174 1432 1213 multum
1471 1172 1556 1211 huic
1588 1185 1682 1211 eon-

45 1243 212 1281 iecturae
243 1243 392 1292 tribuo,
432 1245 598 1282 fortasse
639 1247 842 1294 propterea
882 1255 952 1281 non
994 1243 1148 1281 invitum
1188 1243 1393 1281 rescidisse
1426 1255 1563 1282 versus
1595 1241 1682 1280 illos

45 1314 191 1362 poetam
224 1312 359 1350 iterata
399 1312 589 1361 editione,
632 1312 727 1364 quod
770 1313 920 1362 primum
959 1311 1148 1362 publicata
1187 1311 1315 1350 Satira
1354 1311 1495 1350 decima
1535 1311 1684 1350 obisset

47 1380 156 1420 Cato.
218 1379 365 1419 Utinam
403 1393 496 1419 vero
533 1382 589 1420 sic
621 1381 757 1420 multae
787 1381 831 1419 ad
866 1393 933 1418 nos
965 1381 1235 1431 pervenissent
1266 1380 1483 1430 optimorum
1515 1380 1682 1430 scripto-

47 1462 123 1487 rum
154 1450 188 1487 in
222 1449 350 1487 eodem
382 1449 465 1488 loco
497 1453 534 1488 et
565 1450 712 1501 priores
744 1453 781 1489 et
811 1450 1045 1500 posteriores
1078 1449 1348 1497 cogitationes.
1409 1447 1566 1488 Multum
1597 1448 1684 1487 iude

47 1518 310 1568 proficeremus
341 1519 385 1557 ad
405 1518 708 1568 cognoscendam
741 1521 909 1557 veterum
942 1519 977 1556 in
1009 1517 1211 1556 scribendo
1243 1516 1479 1566 diligentiam
1512 1529 1556 1556 ae
1588 1519 1684 1555 tem-

48 1587 264 1637 perantiam.
324 1587 383 1626 De
414 1588 564 1638 incepto
597 1585 783 1635 Catonis,
820 1586 1001 1625 Lucilium
1032 1585 1274 1635 emendandi,
1306 1587 1341 1624 in
1373 1585 1590 1624 universum
1622 1588 1684 1624 te-

46 1655 167 1694 nenda
198 1658 285 1694 suut
316 1656 378 1695 illa
410 1655 538 1694 Wolfii
581 1657 616 1694 iu
658 1655 945 1707 Prolegomenis
985 1668 1021 1705 p.
1055 1669 1225 1692 ccxxxh
1259 1667 1341 1707 sqq.
1374 1656 1434 1707 qui
1466 1656 1575 1694 etiam
1607 1654 1685 1695 Ca-

46 1725 146 1763 tonis
177 1725 348 1763 meminit.
410 1724 651 1764 Observetur
682 1726 798 1763 ironia
823 1724 968 1762 Horatii
1002 1723 1132 1772 valde,
1157 1726 1195 1762 ut
1217 1722 1302 1761 mihi
1329 1724 1504 1773 videtur,
1534 1726 1683 1763 faceta:

46 1793 239 1841 siguificat
270 1793 444 1832 meliores
476 1796 620 1834 futuros
653 1807 742 1832 esse
773 1792 903 1832 Lucilii
936 1804 1099 1840 versuS,
1144 1790 1299 1831 Catonis
1331 1805 1466 1843 opera,
1504 1793 1572 1831 sed
1604 1805 1685 1832 me·-

46 1860 162 1900 liores
195 1875 299 1914 quam
332 1863 416 1913 ipse
447 1864 606 1902 fecisset
630 1863 808 1902 Lucilius.
869 1862 918 1900 Et
949 1873 1039 1899 sane
1063 1861 1285 1899 credendum
1315 1861 1385 1899 erit
1406 1860 1584 1911 Horatio,
1611 1873 1683 1900 non

49 1930 271 1968 constitisse
298 1929 477 1970 Catonem
510 1932 545 1970 in
578 1932 813 1980 castigandis
844 1930 1077 1969 librariorum
1111 1929 1314 1967 erroribus.
1378 1929 1461 1980 Qua
1492 1930 1526 1967 in
1558 1942 1598 1968 re
1620 1930 1686 1968 mi-

49 1998 124 2035 rari
156 1997 260 2037 lubet
290 2002 491 2049 temporum
522 2012 566 2039 ac
606 2001 730 2038 mutati
770 2011 838 2049 per
878 2001 1045 2048 tempora
1090 1998 1213 2035 iudicii
1244 2009 1455 2049 sensusque
1486 1999 1684 2037 vicissitu-

50 2066 171 2105 dines.
240 2067 370 2106 Lucilii
413 2081 549 2107 versus
590 2070 697 2107 etiam
751 2067 886 2108 Catoni
934 2068 1032 2105 iusto
1078 2066 1304 2104 videbantur
1352 2065 1523 2104 duriores
1573 2078 1686 2117 esse3

52 2134 208 2174 Horatio
240 2140 359 2175 autem
392 2137 522 2175 Lucilii
555 2150 691 2175 versus
731 2135 1016 2183 intolerabiles,
1050 2146 1117 2173 nec
1149 2132 1305 2173 Catonis
1337 2138 1508 2186 poemata
1539 2134 1685 2173 multum

51 2203 244 2254 placuisse
275 2206 461 2256 suspicor.
523 2205 581 2244 De
613 2206 768 2244 consilio
811 2204 989 2253 Catonis,
1034 2204 1131 2256 quod
1165 2203 1227 2242 ille
1260 2217 1331 2242 non
1364 2208 1569 2243 exsecutus
1602 2206 1686 2254 est,

52 2285 100 2310 ex
134 2274 408 2312 narrationibus
434 2277 657 2325 compertum
683 2273 847 2313 habebat
866 2273 1074 2312 Horatius:
1108 2273 1206 2322 nisi,
1236 2285 1330 2325 quae
1361 2285 1440 2311 mea
1471 2273 1687 2311 coniectura

53 2345 131 2390 est,
152 2343 277 2381 statim
298 2343 539 2393 proferenda,
563 2342 714 2394 publice
731 2344 874 2393 scripto
901 2342 1057 2394 quodam
1080 2342 1126 2380 de
1153 2355 1197 2380 eo
1222 2342 1393 2380 indicium
1419 2341 1553 2380 lecerit
1573 2340 1684 2381 Cato.

138 2410 246 2449 Nunc
284 2423 329 2449 eo
365 2415 584 2462 perventum
625 2415 707 2456 est,
755 2416 793 2450 ut
833 2424 1095 2450 recenseamus
1136 2412 1279 2462 scripta
1322 2409 1492 2450 Catonis,
1562 2410 1609 2450 Et
1640 2410 1687 2449 de

55 2480 190 2532 Lydia
222 2480 384 2532 quidem,
418 2484 455 2519 et
486 2481 530 2519 de
561 2482 844 2533 Indiqnatione
874 2480 1010 2519 dictum
1042 2485 1122 2530 est3
1155 2481 1316 2532 itemque
1347 2480 1394 2519 de
1416 2479 1561 2528 Diris,
1593 2490 1687 2531 quae

53 2547 126 2587 hoc
156 2548 238 2587 loco
271 2551 376 2587 erant
406 2550 636 2588 necessaria.

141 2618 320 2670 Sequitur
358 2618 523 2662 Diana,
570 2618 614 2657 de
651 2631 722 2671 qua
763 2620 926 2669 repetam
965 2618 1212 2657 testimonium
1246 2617 1445 2657 Suetonii:
1507 2617 1688 2669 Scripsit

53 2693 219 2738 praeter
247 2690 526 2738 yrmnmaticos
558 2687 712 2727 libellos
743 2692 860 2727 etiam
888 2694 1095 2740 poemata,
1126 2687 1334 2741 exquibus
1352 2689 1572 2739 praecipue
1588 2698 1687 2738 pro-

58 2756 201 2796 bantur
232 2756 352 2807 Lydia
381 2763 419 2795 et
459 2756 596 2794 Diana.
655 2756 799 2807 Lydiae
835 2756 980 2796 Ticida
1009 2757 1206 2795 meminit:
1240 2755 1377 2809 Lydia
1409 2755 1610 2795 doctorum
1638 2768 1686 2794 m.

57 2839 92 2864 c.
125 2826 238 2866 liber.
298 2825 445 2864 Dianae
477 2825 634 2864 Cinna:

382 2893 557 2934 Saecula
586 2899 818 2946 permaneat
847 2896 978 2933 nostri
1007 2895 1151 2934 Diana
1183 2894 1368 2933 Catonis.

61 2961 127 3001 Sic
155 2975 252 3003 nunc
280 2975 427 3013 omues,
449 2963 559 3003 etiam
578 2962 889 3014 Oudendorpius,
914 2962 1092 3002 Wolfius.
1154 2962 1261 3015 Quod
1294 2961 1537 3001 vehementer
1561 2960 1686 2999 miror.

61 3032 164 3074 Sane
194 3033 324 3074 eodem
354 3033 464 3074 modo
495 3035 713 3084 conceptum
742 3031 860 3072 locum
897 3030 1110 3072 habueruut
1148 3029 1365 3083 Stephanus
1394 3029 1545 3081 Fragm.
1575 3029 1686 3071 Poet.
