2006 3365
302 138 401 183 108
862 134 1389 175 ANIMADVERSIONES

300 253 407 290 stius
438 250 510 289 hoc
548 262 715 289 rursum.
775 261 862 287 mea
898 248 1041 301 fistula
1080 250 1201 288 autem
1241 247 1337 288 Cato
1374 248 1540 299 perbene
1577 250 1702 289 dicere
1742 250 1864 300 potuit
1894 249 1942 288 de

300 318 424 357 fistula
455 318 617 356 Battari:
651 317 753 356 canit
783 317 878 355 enim
907 317 1083 356 Battarus
1115 318 1218 355 iussu
1252 315 1409 356 Catonis
1441 317 1589 357 domini.

384 400 528 425 rursus
568 386 720 424 enotavi
762 398 811 424 ex
851 384 1000 424 Veneta
1046 388 1164 425 1482.
1232 385 1429 437 pltystula
1469 385 1618 426 Veneta
1658 386 1757 425 lens.
1801 385 1942 425 infelici

300 453 512 492 hellenismi
545 454 685 493 studio.
747 455 813 494 dic
845 456 919 504 ah,
961 454 1022 494 vel
1062 468 1140 505 aye
1171 454 1257 497 die,
1302 454 1362 492 vel
1395 455 1483 505 dic,
1519 457 1555 505 i,
1591 469 1676 495 mea
1705 454 1874 508 fistula,
1905 468 1941 494 0.

300 522 540 561 coniecturae
572 522 732 561 Heinsii.
795 524 892 562 dicit
924 524 1069 574 recepit
1100 522 1316 562 Putscbius.

385 659 434 698 V·
471 661 535 697 76·
586 669 932 704 PRAECIPITEN'I'
957 670 1097 704 ALTIS
1123 669 1379 703 FUMANTES
1404 669 1648 703 MONTIBUS
1674 668 1864 703 lMBREs.

298 726 422 767 MSS.
463 727 605 780 aliquot
645 731 861 781 summates.
924 730 1020 781 quod
1061 742 1132 767 non
1169 729 1369 767 absurdum
1409 728 1524 774 aden,
1568 740 1612 767 ac
1656 730 1771 779 prima
1817 731 1943 767 fronte

297 796 467 846 adparet.
509 796 690 837 Videmus
722 799 816 837 enim
848 811 868 837 e
899 799 1097 838 decidente
1128 810 1196 849 per
1227 797 1302 837 alta
1327 797 1549 849 praecipitia
1571 809 1745 848 aquarum
1772 798 1809 836 vi
1837 797 1944 849 quasi

298 865 487 916 quemdam
525 868 657 905 sumum
696 867 798 905 oriri.
860 873 1059 907 TOLLIUS
1102 880 1164 917 ap.
1207 867 1333 906 Burm.
1377 867 1580 918 fumantes
1618 866 1754 904 Petav.
1794 864 1942 903 Tbuan.

296 933 402 972 Med.
434 933 541 972 Leid.
574 934 692 973 Voss.
728 935 756 973 l.
790 937 1006 989 caeterique
1037 937 1130 985 mei,
1162 938 1200 974 et
1230 937 1286 974 sic
1317 935 1436 985 vulgo
1469 935 1624 978 editum,
1659 935 1769 973 etiam
1797 935 1831 972 in
1851 933 1943 972 Mu-

297 1002 448 1042 tinensi.
511 1011 742 1055 spumantes
784 1004 947 1043 Aldinae
989 1017 1067 1043 cum
1108 1004 1195 1044 MS.
1228 1017 1263 1056 q.
1297 1004 1333 1041 d.
1377 1004 1515 1053 Pierii,
1556 1004 1646 1042 Bas.
1682 1006 1802 1042 15-13.
1847 1003 1943 1042 Ven.

302 1074 420 1110 1544.
457 1074 578 1110 1555.
614 1076 734 1111 1559.
773 1073 897 1121 Lugd.
935 1077 1053 1113 1556.
1087 1074 1177 1113 Bas.
1217 1076 1333 1112 1561.
1377 1072 1558 1122 Scaligg.
1590 1071 1691 1111 Pitb.
1735 1075 1774 1110 et
1804 1083 1944 1110 recen-

297 1140 434 1188 tiores,
467 1143 616 1191 praeter
648 1141 880 1180 Putsebium.
926 1141 1069 1181 Tritum
1093 1146 1174 1186 est,
1206 1155 1250 1181 ac
1283 1142 1467 1191 vulgare,
1499 1147 1753 1194 spumantes,
1785 1141 1818 1179 si
1843 1152 1944 1179 com-

296 1211 450 1259 paretur
481 1220 560 1247 eum
591 1207 724 1248 altero.
814 1210 916 1248 Vota
952 1211 1043 1249 facit
1076 1210 1195 1256 Cato,
1243 1215 1283 1250 ut
1321 1211 1366 1249 de
1406 1211 1593 1249 montibus
1633 1211 1797 1258 imbres,
1839 1208 1876 1247 h.
1908 1221 1943 1248 e.

297 1279 487 1316 torrentes
519 1289 568 1315 ex
600 1277 780 1316 imbribus
813 1279 913 1329 nati,
956 1278 1020 1317 vel
1052 1279 1163 1318 multo
1203 1279 1319 1318 imbre
1357 1280 1477 1327 aucti,
1516 1282 1628 1330 atque
1665 1278 1944 1327 exuberantes,

296 1345 437 1384 irruant
468 1346 502 1384 in
535 1346 739 1396 planitiem.
793 1347 886 1386 Nam
918 1347 965 1386 de
996 1346 1229 1386 torrentibus
1260 1360 1469 1386 sermonem
1500 1359 1612 1395 esse,
1644 1349 1717 1385 tum
1749 1347 1943 1397 proxima,

293 1416 585 1467 praecipitent,
619 1419 657 1454 et
689 1415 787 1455 altis
819 1416 1038 1465 montibus,
1076 1419 1303 1463 monstrant,
1344 1421 1416 1455 tum
1448 1428 1510 1454 res
1542 1416 1624 1466 ipsa
1656 1415 1791 1465 docet,
1823 1426 1946 1467 quan-

299 1483 495 1535 doquidem
535 1483 721 1522 insolitam
761 1488 874 1536 atque
914 1485 1144 1535 repentinam
1183 1485 1458 1523 inundationem
1498 1487 1612 1535 poeta
1649 1483 1722 1523 sihi
1763 1482 1944 1535 postulat.

298 1551 398 1601 lam,
439 1555 477 1591 ut
508 1552 632 1603 paullo
674 1553 903 1604 explicatius
942 1554 1079 1604 dicam,
1121 1554 1216 1605 quod
1250 1553 1398 1592 Tollius
1437 1553 1597 1602 indicat,
1639 1555 1830 1592 torrentes
1861 1552 1946 1590 dum

297 1621 528 1671 praecipites
569 1625 678 1661 ruunt
718 1622 765 1660 de
802 1623 1012 1672 montibus,
1053 1622 1213 1661 subinde
1252 1636 1341 1674 pars
1379 1634 1519 1674 aquae,
1565 1633 1632 1672 per
1672 1620 1945 1659 vehementiam

297 1689 489 1740 deiectus,
531 1692 702 1743 quoniam
740 1692 923 1741 graviore
962 1691 1111 1730 deiectu
1153 1692 1309 1740 cadunt,
1352 1703 1446 1743 quae
1485 1690 1532 1728 de
1569 1690 1645 1729 3110
1677 1689 1836 1738 cadunt,
1880 1689 1945 1728 vel

297 1759 466 1809 quoniam
499 1762 711 1799 coarctatur
743 1762 782 1799 et
812 1760 1008 1811 impeditur
1038 1772 1110 1799 non
1143 1761 1237 1799 satis
1269 1761 1404 1811 pervio
1435 1758 1548 1798 alveo
1582 1759 1733 1807 flumen,
1768 1758 1941 1805 eliditur,

296 1830 335 1865 et
366 1828 400 1866 in
432 1840 556 1866 aerem
587 1830 804 1879 spargitur,
838 1833 876 1868 ut
906 1830 1012 1881 quasi
1047 1829 1174 1880 pluvia
1207 1829 1406 1881 quaedam,
1438 1827 1505 1867 sed
1533 1841 1574 1866 va
1601 1828 1840 1870 tenuissima,
1870 1839 1943 1865 ex-

295 1896 429 1943 sistat,
462 1909 556 1948 quae
586 1898 716 1948 pluvia
748 1898 938 1948 pulveris,
972 1900 1034 1936 aut
1066 1897 1296 1946 nubeculae,
1335 1898 1494 1943 sumive,
1536 1897 1733 1945 imaginem
1765 1896 1940 1946 praehet.

294 1964 437 2003 Tritum
470 1971 552 2015 est,
590 1968 738 2018 fummn
769 1966 840 2005 dici
872 1967 919 2005 de
950 1967 1085 2015 rebus,
1125 1979 1219 2017 quae
1251 1965 1524 2004 similitudinem
1557 1966 1699 2004 habent
1731 1964 1830 2003 fumi.
1893 1963 1944 2004 Ut

295 2046 402 2084 quum
433 2034 630 2074 Lueretius
664 2035 732 2074 Vl.
763 2038 857 2075 458.
891 2048 948 2087 sq.
981 2036 1116 2074 montis
1147 2036 1272 2074 vicina
1304 2036 1494 2074 eacumina
1526 2034 1633 2074 coelo
1663 2035 1822 2086 fumare
1851 2033 1944 2072 dicit

295 2103 471 2142 adsidue
498 2103 645 2155 fulvae
675 2105 790 2144 nubis
822 2105 998 2157 ealiyine
1027 2118 1203 2153 crassa,
1247 2108 1285 2143 et
1318 2103 1509 2153 Virgilius
1549 2115 1645 2142 nunc
1683 2110 1833 2142 tenuem
1871 2116 1942 2142 ne-

297 2171 427 2209 bulam
464 2173 662 2221 coniungit
698 2175 911 2227 sumesque
948 2173 1152 2222 volucris,
1195 2173 1341 2222 Georg.
1376 2172 1424 2211 11.
1458 2173 1551 2210 217.
1614 2183 1710 2210 nnnc
1744 2172 1941 2224 fumantis

292 2241 459 2293 pulvere
498 2255 661 2293 campos
706 2243 798 2282 dicit
838 2243 939 2281 Aen.
972 2242 1042 2281 XI.
1077 2246 1170 2281 908.
1232 2245 1269 2281 et
1306 2254 1435 2279 rursus
1473 2241 1560 2279 alibi
1601 2241 1733 2280 aindas
1771 2239 1942 2279 attribuit

292 2310 424 2361 fumo,
455 2309 556 2348 Aen.
589 2310 639 2349 Il.
674 2315 768 2350 609.
802 2311 912 2350 Vlll.
946 2313 1041 2350 257.
1122 2310 1185 2349 Ad
1216 2314 1379 2348 nostram
1411 2321 1484 2348 rem
1517 2310 1625 2347 unice
1657 2310 1746 2348 facit
1778 2308 1940 2348 Ovidius

294 2377 448 2417 Metam.
481 2379 509 2419 l.
545 2382 640 2419 569.
671 2393 723 2419 ss.

975 2462 1049 2502 per
1080 2461 1184 2503 quae
1217 2448 1399 2495 Peneus,
1433 2447 1483 2485 ab
1515 2449 1588 2485 imo

578 2518 762 2570 Effitsus
798 2518 950 2566 Pindo,
984 2520 1186 2570 spumosis
1222 2518 1396 2556 volvitur
1429 2518 1573 2565 undis,

579 2587 825 2640 Deiectuque
855 2589 977 2636 syrani
1007 2594 1142 2626 tenues
1176 2588 1378 2636 aqitantia
1406 2587 1537 2637 sumus

578 2656 733 2694 Nubila
764 2656 974 2704 conducit,
1007 2668 1258 2708 summasque
1289 2656 1533 2707 adsperyine
1565 2654 1698 2693 silvas

578 2724 761 2774 Impluit,
793 2731 829 2763 et
863 2726 995 2763 sonitu
1024 2725 1118 2776 plus
1154 2737 1268 2776 (sumn
1299 2726 1434 2763 vicina
1465 2724 1634 2775 fatigsat.

295 2793 411 2844 Quem
443 2792 563 2831 locum
594 2793 679 2830 aliis
713 2794 861 2830 mixtum
894 2791 1065 2830 laudatus
1096 2805 1116 2829 a
1140 2792 1348 2830 Burni-anne
1371 2792 1416 2830 ad
1444 2794 1607 2830 nostrum
1632 2788 1789 2829 Catonis
1815 2790 1936 2828 locum

295 2862 525 2900 Burmannus
561 2866 714 2912 patruus
746 2860 861 2899 babet
901 2861 946 2898 ad
979 2860 1196 2912 Quintilian.
1229 2861 1316 2899 ΧΠ.
1352 2876 1390 2899 x.
1425 2874 1460 2912 p.
1498 2862 1618 2898 1103.
1651 2861 1688 2898 et
1718 2858 1763 2896 ad
1794 2858 1934 2897 Lucan.

294 2930 383 2969 Vll.
419 2934 511 2969 193.
572 2929 671 2969 Aliis
709 2930 883 2977 mixtum,
925 2930 1094 2981 inquam:
1140 2942 1234 2981 qnae
1274 2931 1368 2968 enim
1409 2929 1460 2968 ibi
1498 2927 1665 2978 disputat
1702 2927 1935 2966 Burmannus

297 2999 438 3050 omnia,
481 3001 519 3039 et
549 3011 643 3052 quae
680 2998 753 3037 alia
788 3000 934 3049 profert
964 2999 1186 3049 scriptorum
1228 2998 1424 3049 exempla,
1463 3008 1620 3048 prorsus
1661 2994 1747 3034 mibi
1779 2996 1935 3035 diversa
