2006 3365
628 148 897 190 RECENSIO
931 149 1226 190 LIBRORUM.
1671 155 1773 198 387

118 264 265 302 tota—
284 260 407 302 Cesar
437 261 577 313 habe.)
611 264 819 303 Eiusdem.
854 264 1059 321 Querella.
1094 262 1206 311 (Hos
1238 275 1315 313 ego
1346 262 1770 303 uersiculos—melli-

117 331 239 368 ficatis
272 343 379 381 apes.
413 344 551 369 versus
583 332 780 383 quinque.)
843 332 922 370 .P.
955 333 1072 371 Mar.
1111 332 1194 372 Vir.
1229 332 1326 387 dist.
1359 334 1413 371 in.
1445 332 1651 371 latronem.
1678 332 1771 371 Ba-

117 399 267 437 listam.
301 428 310 437 .
332 400 380 438 l’.
406 401 466 438 M.
494 400 576 439 Vir.
600 401 813 439 Moretmn.
856 401 929 439 .P.
951 400 1016 438 M.
1044 400 1125 439 Vir.
1150 401 1290 439 Culex.
1312 401 1368 439 ad
1390 399 1509 439 Octa.
1556 400 1622 439 .P.
1648 399 1692 439 V.
1704 400 1769 440 M.

116 467 219 506 Dite
252 468 419 518 [recepit.
468 496 476 505 .
495 468 546 506 P.
575 468 619 508 V.
644 468 710 506 M.
737 469 865 521 δορα.
898 470 975 508 De.
1001 468 1108 508 Viro.
1129 469 1257 507 Bono.
1299 468 1373 506 .P.
1404 467 1446 507 V.
1469 468 1529 507 M.
1548 468 1609 507 de.
1624 467 1770 507 Rosis.

115 562 126 572 .
148 535 196 574 Ρ.
229 535 271 574 V.
294 536 358 573 M.
379 536 463 575 Set.
479 543 515 575 e!
532 537 636 575 Non.
671 536 778 584 (sic,
798 537 968 586 vitiose)
1008 536 1184 588 Denique
1216 564 1224 574 .
1241 537 1290 575 P.
1321 535 1365 575 V.
1387 535 1653 588 M.Pripeia.
1672 536 1769 585 (sic)

116 603 273 640 Primum
306 615 480 641 carmen:
514 604 718 642 Carminis
737 606 988 655 incompli—
1022 603 1208 642 ultimum:
1243 606 1298 642 At
1329 617 1405 642 non
1436 605 1560 655 tonya
1593 606 1770 643 scetis—-

114 670 222 708 cuius
256 682 393 708 versus
427 670 607 709 ultimus:
640 671 734 710 Huc
763 672 894 710 ades:
927 674 959 710 ἂ
989 674 1126 710 neruis
1157 674 1280 710 tentis
1306 672 1461 725 Priape
1488 673 1604 724 fane.
1636 672 1702 710 sub
1724 684 1770 710 eo

114 749 228 776 versu
261 737 430 787 legitur:

543 795 644 833 Finis
837 792 1251 834 .M.CCCC.LXX111.

198 873 239 912 ln
275 874 377 912 Diris
409 874 459 912 ita
492 874 684 924 conspirat
724 884 804 911 cum
839 872 1046 921 Romanis,
1093 875 1131 912 et
1172 873 1334 913 maxime
1372 885 1453 913 curn
1494 873 1664 913 Romana
1688 875 1768 925 pri-

111 953 201 988 ore,
235 940 387 980 Veneta
418 940 605 989 Acbatis‚
648 942 686 978 ut
730 943 794 979 aut
825 952 875 978 ex
908 941 1077 980 Romana
1108 942 1236 992 priore
1268 953 1480 992 expressa,
1521 944 1585 981 aut
1616 954 1665 980 ex
1697 942 1770 981 alia

112 1021 191 1047 eum
224 1009 294 1047 hac
326 1010 498 1059 proxime
536 1010 724 1056 cognata,
767 1008 890 1046 videri
922 1007 1074 1047 debeat.
1137 1009 1303 1048 Additus
1335 1011 1474 1049 tantum
1507 1009 1673 1048 cumulus
1704 1010 1769 1047 vi-

111 1078 244 1115 tiorum
277 1080 349 1115 est.
411 1076 467 1115 At
498 1076 592 1114 vitia
625 1075 801 1114 Venetae
833 1075 999 1114 Aeliatis
1031 1088 1102 1115 non
1143 1076 1261 1115 solum
1302 1077 1339 1115 in
1382 1077 1510 1128 Diris,
1534 1078 1619 1116 sed
1659 1079 1768 1117 etiam

109 1144 194 1182 aliis
226 1145 260 1182 in
295 1143 525 1195 opusculis,
560 1146 598 1182 et
629 1144 663 1181 in
697 1144 878 1195 operibus
910 1144 1068 1195 Virgilii
1100 1145 1328 1192 maioribus,
1372 1146 1553 1184 eiusmodi
1583 1146 1766 1194 maxime,

109 1225 206 1264 quae
238 1216 355 1251 metro
388 1213 583 1261 officiunt,
619 1215 690 1251 tam
723 1215 810 1251 sunt
841 1212 977 1260 multa,
1013 1215 1051 1251 ut
1081 1226 1125 1250 ea
1158 1225 1278 1265 neque
1304 1213 1510 1252 eRomana
1542 1213 1766 1264 repetenda,

109 1292 230 1332 neque
262 1279 403 1318 Achati
448 1281 646 1318 tribuenda
689 1293 777 1318 esse
820 1281 941 1318 omnia
980 1281 1139 1318 credam.
1212 1281 1337 1333 Quare
1381 1281 1562 1320 Venetam
1602 1281 1767 1320 Acbatis

108 1361 181 1386 non
214 1361 263 1386 ex
296 1349 378 1399 ipsa
427 1348 606 1387 Romana·
635 1349 762 1398 priore
805 1361 1058 1398 expressam,
1108 1349 1175 1386 sed
1217 1348 1325 1386 aliam
1370 1350 1640 1388 intercessisse
1671 1350 1769 1388 inter

109 1420 301 1468 utramque
333 1417 522 1466 suspicor.
593 1417 757 1454 Accedit
789 1417 885 1467 quod
919 1429 940 1454 a
972 1418 1105 1455 codiee
1139 1416 1372 1466 Basileensi,
1417 1429 1522 1469 quem
1554 1418 1589 1455 in
1623 1417 1769 1467 pleris-

108 1497 182 1536 que.
214 1485 420 1523 convenire
453 1496 531 1522 cum
559 1484 739 1523 Romanis
773 1485 944 1532 conieci,
979 1488 1050 1523 tam
1083 1486 1119 1522 in
1139 1485 1345 1535 Opusculis
1377 1498 1483 1537 quani
1516 1486 1552 1523 in
1583 1485 1767 1535 operibus

108 1552 312 1590 maioribus
347 1564 418 1589 non
452 1564 536 1589 raro
570 1552 716 1590 recedit
755 1552 904 1590 Veneta
942 1553 1120 1591 Aeliatis.
1190 1551 1408 1592 ConieeerIt
1449 1554 1558 1592 etiam
1601 1553 1763 1604 aliquis,

108 1620 304 1670 Opnscula
337 1632 385 1658 cx
417 1620 587 1658 Romana
618 1622 767 1670 priore,
800 1623 838 1658 at
861 1621 989 1671 Opera
1022 1622 1160 1659 maiora
1191 1634 1241 1659 ex
1273 1621 1345 1659 alia
1377 1621 1544 1661 editione
1576 1633 1767 1672 expressa

108 1700 210 1727 esse.
273 1688 422 1727 Versus
457 1691 506 1726 22
547 1688 584 1726 in
625 1689 820 1727 Aeneidos
852 1688 916 1727 lib.
950 1688 1000 1727 ΙΙ.
1033 1688 1161 1728 hahet.

191 1883 378 1921 Venetam
418 1882 583 1921 Aeliatis
627 1884 799 1934 proxime
839 1884 1033 1936 sequitur,
1080 1895 1186 1935 quam
1227 1895 1300 1921 non
1344 1883 1442 1931 vidi,
1482 1882 1652 1922 Romana
1689 1896 1765 1935 per

112 1949 343 1989 Vclalricnm
376 1951 537 1990 Gallum
569 1955 601 1989 ἃ
630 1952 823 1991 Simonem
855 1953 905 1991 de
924 1952 1051 1990 Luca.
1080 1952 1196 1989 Anno
1224 1952 1387 1989 Domini
1410 1951 1465 1989 M.
1484 1966 1594 1988 cece.
1612 1966 1760 1989 Lxxm.

103 2019 187 2057 Die
218 2032 310 2057 uero
344 2033 417 2055 1111.
450 2022 599 2058 mensis
632 2020 889 2059 Nouembris.
952 2019 1005 2056 Ea
1037 2023 1209 2070 quantum
1243 2020 1277 2056 in
1301 2018 1495 2068 Operibus
1529 2018 1761 2069 Opusculis-

104 2100 196 2138 que,
230 2099 323 2138 quae
356 2085 472 2125 babet
504 2099 582 2124 eum
614 2088 805 2137 prioribus
839 2087 1088 2132 editionibus,
1123 2086 1304 2125 Romanis
1336 2090 1375 2125 et
1406 2087 1555 2125 Veneta
1581 2086 1759 2132 Aebatis,

103 2156 328 2201 communia,
364 2155 548 2197 excellat,
584 2168 654 2193 non
688 2156 872 2204 dixerim,
915 2154 974 2193 vel
1017 2156 1143 2205 potins
1177 2166 1248 2192 non
1283 2154 1430 2193 multum
1463 2153 1655 2192 excellere
1687 2167 1761 2204 pu-

103 2224 288 2262 taverim:
322 2224 388 2261 sed
421 2223 577 2262 excellit
609 2236 676 2271 eu,
710 2224 807 2275 quod
842 2224 989 2274 plenior
1020 2226 1093 2261 est.
1156 2223 1300 2261 Etenim
1333 2226 1372 2261 ut
1403 2211 1546 2261 timeam
1565 2223 1692 2260 inesse
1724 2223 1759 2260 in

102 2302 146 2328 ea
181 2290 285 2330 Cirin
317 2294 355 2329 et
387 2290 604 2335 Cataleeta,
638 2305 734 2343 quae
766 2292 838 2330 duo
866 2291 1084 2342 Opuseula,
1120 2292 1192 2329 etsi
1226 2292 1294 2328 iam
1328 2291 1495 2330 Romana
1515 2290 1563 2329 ΙΙ.
1598 2290 1759 2338 vulgata

101 2360 284 2407 fuissent,
318 2360 456 2397 abesse
488 2372 509 2397 a
543 2360 712 2410 pluribus
736 2360 968 2397 editionibus
989 2359 1158 2397 Romana
1180 2358 1229 2396 ll.
1263 2359 1546 2408 posterioribus
1581 2358 1755 2405 vidimus,

101 2428 209 2465 ctiam
244 2427 465 2479 reliquorum
499 2429 694 2466 carminum
728 2429 904 2466 minorum
936 2440 1109 2465 numerus
1141 2430 1275 2464 auctus
1305 2429 1377 2465 est.
1440 2426 1584 2476 Nempe
1615 2428 1757 2463 mature

100 2494 267 2543 Virgilio
302 2496 408 2533 varia
441 2497 711 2545 epigrannnata
741 2498 779 2534 et
810 2496 975 2534 earmina
1007 2496 1170 2543 minora,
1206 2495 1339 2544 partim
1356 2493 1402 2532 ad
1422 2493 1623 2542 Virgilium
1650 2494 1756 2531 eius-

98 2575 171 2613 que
203 2574 320 2612 opera
351 2564 585 2612 spectantia,
619 2565 750 2613 partim
783 2563 880 2611 alia,
914 2566 952 2601 ut
984 2562 1072 2600 illud
1106 2562 1203 2613 quod
1226 2561 1411 2600 Hortulus
1444 2561 1605 2609 dieitur,
1640 2563 1678 2599 et
1710 2561 1755 2600 de

96 2630 290 2669 Musarum
323 2630 510 2674 inventis,
546 2631 685 2669 addere
717 2634 939 2681 coeperunt.
1000 2631 1094 2669 Eius
1127 2629 1365 2668 collectionis
1398 2629 1538 2667 initium
1572 2629 1642 2666 iam
1673 2632 1755 2668 erat

96 2698 133 2736 in
164 2697 335 2736 Romana
366 2696 396 2735 1.
428 2699 585 2747 sactumg
619 2702 728 2737 aucta
759 2702 819 2737 est
850 2700 883 2737 in
917 2699 1087 2737 Romana
1111 2698 1161 2736 ΙΙ.
1224 2699 1374 2737 Rursus
1407 2697 1613 2745 insigniter
1644 2702 1755 2736 aucta

96 2768 157 2804 est
189 2767 222 2804 in
257 2766 408 2804 Veneta
443 2768 564 2804 1⁴72.
607 2779 675 2816 per
707 2767 1032 2806 Bartliolomaenm
1066 2765 1381 2813 Cremonensem,
1425 2767 1463 2803 et
1496 2765 1530 2802 in
1565 2764 1635 2803 bac
1669 2765 1754 2803 edi-

96 2835 198 2873 tione
231 2835 398 2874 Romaua
444 2846 512 2884 per
555 2833 765 2873 Udalrieum
798 2839 836 2874 ct
883 2836 1099 2883 Simonem‚
1139 2839 1177 2872 et
1208 2837 1317 2872 aucta
1350 2836 1411 2872 est
1444 2832 1487 2870 ad
1523 2846 1603 2870 enm
1637 2835 1752 2872 ferme

95 2914 279 2941 numerum
314 2903 532 2951 carminum,
566 2902 628 2954 qui
660 2904 848 2953 reperitur
880 2904 913 2941 in
942 2902 1103 2941 Venetis
1135 2902 1259 2941 Rubei
1294 2904 1331 2939 et
1354 2901 1519 2939 lensoni.
1585 2899 1633 2938 Ut
1656 2900 1752 2939 baec

98 2970 290 3022 Romana,
323 2975 386 3010 aut
405 2970 552 3009 Veneta
579 2969 856 3010 Bartliolomaei
872 2969 1166 3016 Cremonensis,
1199 2981 1268 3018 pro
1301 2971 1404 3006 t'onte
1436 2980 1480 3004 nc
1512 2968 1750 3008 t'umlamento

1375 3039 1468 3080 25²
