2006 3365
288 125 386 170 262
884 119 1245 161 DISSERTATIO
1275 121 1324 161 ΙΙ.

288 238 410 277 lictus
441 243 576 284 esset,
609 247 655 274 ne
686 235 758 275 1100
788 235 932 288 quidem
962 235 1098 274 bonum
1130 247 1279 274 sensum
1306 235 1443 282 habet,
1477 238 1508 274 si
1540 236 1586 275 de
1616 236 1816 286 assignato
1846 236 1915 274 mi-

287 305 413 344 litibus
445 303 665 354 patrimonio
689 302 845 344 Catonis
876 303 995 342 locum
1027 303 1206 354 accipias.
1266 304 1421 353 Parum,
1454 308 1567 356 puto,
1599 305 1849 357 quaerebatur
1879 305 1915 343 in

285 373 371 411 istis
402 384 575 421 agrorum
608 373 955 422 assignationibus,
1002 377 1119 411 utrum
1152 371 1315 423 pupillus
1347 371 1429 410 olim
1461 374 1516 422 is,
1557 374 1619 425 qui
1660 373 1915 412 exturbandus

285 443 383 489 erat,
423 439 577 478 relictus
609 441 755 480 suisset.
815 441 1124 480 Exturbabantur
1154 442 1365 492 promiscue
1396 443 1599 493 proscripti
1631 454 1772 480 omneS.
1834 442 1913 480 De-

283 510 412 562 nique,
455 510 489 547 in
535 523 606 562 quo
652 510 762 548 cardo
803 511 880 559 rei,
935 514 1049 549 totum
1099 509 1215 548 locum
1269 522 1478 562 nexumque
1533 511 1763 561 expendenti
1814 510 1913 549 Sue*

282 578 399 627 tonii,
453 579 513 630 qui
564 579 656 618 duas
706 579 881 618 diversas
931 579 1138 617 sententias
1187 579 1381 629 proponit,
1431 591 1534 616 unam
1585 591 1732 627 eorum,
1780 579 1915 631 quihus

282 646 441 685 libertus
474 660 561 685 esse
594 648 750 686 Burseni
783 647 1053 698 perhibebatur
1094 646 1215 695 Cato,
1248 647 1421 696 alteram,
1464 646 1548 685 huie
1590 648 1831 697 contrariam,
1865 660 1915 686 ex

282 714 568 765 Indignatione‚
608 717 805 768 ingenuum
837 719 959 753 natum
992 715 1131 764 fuisse,
1165 718 1203 755 et
1232 715 1410 767 pupillum
1443 716 1634 763 relietum,
1668 730 1787 767 eoque
1818 716 1912 754 faei-

281 784 353 823 lius
385 784 409 823 1.
443 784 486 824 S.
519 787 546 823 t.
588 788 737 824 exutum
780 785 1028 836 patrimonio:
1076 787 1212 835 sponte
1253 796 1340 822 sese
1382 785 1491 823 offert
1530 788 1568 822 et
1606 785 1711 836 quasi
1749 784 1914 824 obtrudit

282 853 516 901 coniectura,
549 866 626 892 eam
659 854 926 892 sententiarum
958 853 1216 892 diversitatem
1258 853 1378 905 deque
1425 852 1582 892 Catonis
1620 857 1718 892 statu
1761 856 1912 892 contro-

280 923 443 960 versiam
475 935 547 960 non
580 922 751 961 Suetonii
784 922 922 960 demum
954 924 1080 960 aetate
1110 927 1252 971 ortam,
1286 922 1350 960 sed
1384 924 1568 974 antiquam
1601 934 1707 967 esse,
1741 924 1851 974 atque
1879 922 1913 960 in

280 1003 346 1041 eo,
378 992 474 1044 quod
508 992 667 1030 Burseni
698 991 874 1037 libertus,
908 1003 980 1029 non
1013 991 1220 1039 ingenuus,
1254 989 1457 1029 haberetur
1488 989 1606 1040 Cato,
1652 1002 1821 1029 caussam
1853 992 1912 1028 su-

280 1060 357 1098 isse
389 1072 453 1098 001·
484 1051 688 1098 exueretur
719 1060 952 1110 patrimonio.
1014 1059 1100 1098 Hoc
1130 1062 1249 1097 autem
1281 1060 1312 1097 si
1346 1062 1425 1108 est,
1466 1060 1688 1098 necessario
1720 1059 1912 1111 sequitur,

280 1140 351 1166 non
383 1128 561 1166 communi
601 1127 723 1166 multis
761 1128 1039 1178 proscriptione
1076 1130 1139 1166 aut
1177 1128 1214 1165 vi
1256 1127 1404 1166 militum
1443 1127 1640 1178 spoliatum
1673 1140 1761 1166 esse
1793 1125 1911 1166 Cato-

278 1209 387 1246 nem,
441 1197 506 1234 sed
547 1197 694 1236 actione
734 1195 911 1235 iudiciali.
971 1194 1102 1248 Atque
1139 1195 1210 1234 1100
1251 1196 1358 1234 unice
1397 1197 1488 1235 saeit
1519 1194 1676 1235 Catonis
1707 1208 1845 1235 versus
1876 1197 1911 1234 in

277 1265 382 1303 Diris
415 1267 480 1303 82.

591 1332 626 1373 O
655 1334 757 1373 male
787 1334 943 1382 devoti,
976 1335 1186 1384 praetorum
1217 1334 1408 1381 crimina,
1442 1332 1579 1383 ayelli.

279 1402 340 1440 ubi
373 1416 412 1441 v.
444 1402 714 1441 AnimadverS.
775 1402 844 1440 llis
876 1402 1107 1451 argumentis
1138 1404 1349 1452 permotus,
1382 1413 1511 1451 agrum
1538 1399 1694 1441 Catonis
1725 1413 1796 1439 non
1828 1402 1908 1440 sta-

280 1471 341 1508 tim
374 1471 600 1521 pervenisse
632 1472 666 1509 in
698 1483 826 1508 manus
857 1470 1032 1519 militum,
1065 1470 1131 1509 sed
1165 1471 1279 1521 primo
1310 1470 1560 1509 abiudicatum
1592 1468 1750 1519 Catoni,
1783 1471 1910 1508 nescio

281 1552 353 1590 quo
385 1544 628 1588 accusatore,
659 1541 807 1579 actione
840 1539 1024 1587 iudiciali,
1070 1552 1196 1577 verum
1229 1552 1296 1587 ea,
1344 1542 1383 1578 ut
1413 1542 1486 1578 tum
1520 1542 1665 1588 tempus
1696 1540 1799 1588 erat,
1831 1542 1910 1577 tur-

280 1607 432 1647 bulenta
462 1620 506 1646 ae
536 1621 662 1659 parum
694 1607 889 1657 diligenti,
921 1610 958 1646 et
989 1607 1175 1658 publicum
1206 1610 1363 1657 laetum,
1394 1608 1519 1659 paullo
1550 1611 1639 1659 post
1669 1609 1764 1647 inter
1794 1619 1913 1656 agros

281 1676 459 1715 militibus
490 1677 711 1715 dividendos
742 1689 829 1715 esse
860 1676 1012 1731 relatum
1045 1679 1147 1727 puto.

370 1744 474 1783 Ultra
505 1745 734 1795 procedere,
767 1748 805 1783 et
835 1745 1017 1796 quomodo
1048 1751 1133 1784 aeta
1164 1746 1236 1785 ista
1264 1745 1339 1784 sint
1371 1746 1512 1794 omnia,
1545 1757 1726 1797 quaerere
1753 1756 1823 1782 non
1843 1756 1912 1782 au-

284 1813 368 1851 deo.
427 1814 512 1851 lloc
544 1817 684 1862 tamen,
719 1818 756 1852 ut
786 1814 854 1852 iam
888 1815 1072 1864 indicavi,
1105 1814 1217 1853 valde
1248 1814 1444 1865 probabile
1466 1817 1547 1863 est,
1579 1816 1780 1864 propterea
1803 1813 1914 1851 abiu-

285 1882 442 1920 dicatum
481 1880 614 1920 Catoni
661 1895 791 1932 agrum
832 1895 939 1930 esse,
979 1882 1075 1934 quod
1118 1884 1164 1921 de
1204 1886 1303 1921 statu
1347 1881 1523 1927 Catonis,
1568 1887 1683 1920 utrum
1726 1883 1915 1930 ingenuus

284 1953 416 1999 natus,
449 1954 486 1990 et
517 1951 706 2000 legitimus
736 1951 820 2000 agri
853 1951 1044 2000 dominus,
1075 1964 1121 1990 an
1152 1951 1312 1990 libertus
1343 1951 1502 1989 Burseni
1536 1954 1664 1995 esset,
1698 1955 1735 1989 et
1766 1954 1916 2001 praeter

284 2020 341 2057 ius
383 2032 608 2070 possessor,
652 2021 859 2059 exsisteret
898 2021 1095 2059 dubitatio.
1162 2020 1246 2058 Non
1288 2032 1443 2070 prorsus
1485 2019 1668 2057 dissimile
1707 2018 1914 2069 exemplum

287 2086 422 2127 Cicero
455 2089 577 2139 Epist.
609 2088 652 2127 ad
687 2088 924 2128 Cornificium
964 2088 1052 2128 ΧΠ.
1094 2104 1208 2127 xxm.
1249 2089 1430 2139 praebet,
1476 2088 1626 2127 Erotem
1657 2088 1835 2137 Turium,
1868 2087 1914 2140 Q.

287 2156 392 2194 Turii
424 2155 613 2201 libertum,
647 2158 707 2209 qui
735 2160 926 2196 averterat
946 2157 1188 2196 hereditatem
1210 2157 1423 2195 Turianam.
1484 2156 1709 2209 Quamquam
1740 2156 1812 2195 hoe
1843 2170 1914 2195 ex·
1950 2168 1955 2172 ·

289 2224 443 2274 emplum
475 2225 521 2263 ab
553 2228 682 2264 nostro
715 2227 823 2264 etiam
855 2239 899 2263 eo
932 2226 1074 2276 differt,
1107 2227 1202 2277 quod
1234 2227 1330 2264 Eros
1362 2226 1433 2263 iste
1464 2224 1571 2263 homo
1603 2226 1697 2272 suit,
1731 2226 1916 2265 Cicerone

289 2295 411 2342 teste,
443 2305 612 2345 nequam,
646 2292 741 2333 Cato
774 2297 893 2332 autem
926 2296 1076 2343 insons,
1109 2298 1167 2343 et,
1209 2294 1307 2346 quod
1341 2295 1521 2332 eredimus
1553 2295 1626 2345 ipsi
1656 2295 1914 2341 asseveranti,

288 2361 475 2410 ingenuus
508 2364 636 2411 natus,
675 2363 835 2414 agrique
866 2364 922 2400 sui
956 2363 1033 2400 iure
1065 2363 1247 2401 dominuS.
1306 2362 1394 2402 Alio
1434 2362 1541 2401 modo
1573 2364 1817 2412 ingenuitatis
1848 2376 1915 2401 usu

290 2432 400 2481 atque
429 2430 548 2469 fructu
581 2432 718 2482 privati
752 2435 837 2470 sunt
857 2430 909 2469 M.
937 2431 1119 2470 Antonius
1147 2430 1317 2481 Gnipho,
1352 2429 1395 2470 C.
1428 2431 1639 2470 Melissus:
1674 2431 1831 2470 Sueton.
1856 2430 1914 2469 Ill.

292 2498 449 2538 Gramm.
481 2515 550 2537 vu.
584 2503 621 2537 et
653 2514 738 2540 xxx.
799 2500 913 2547 Tum,
957 2500 1043 2551 quid
1088 2499 1160 2538 1100
1204 2500 1375 2539 nocuerit
1413 2499 1568 2547 Catoni,
1617 2501 1713 2553 quod
1751 2499 1915 2550 pupillus

290 2568 444 2607 relictus
474 2569 631 2616 suisset,
663 2569 696 2606 in
730 2573 859 2619 aperto
893 2571 964 2608 est.
1024 2569 1168 2607 Etenim
1200 2568 1295 2619 quod
1327 2581 1412 2607 sero
1443 2581 1464 2607 a
1495 2571 1616 2608 tutore
1646 2569 1816 2608 traditum
1847 2580 1914 2606 ae-

293 2637 461 2687 ceperis,
494 2638 528 2675 id
560 2640 598 2675 te
629 2637 795 2686 legitime
823 2637 1042 2687 possidere,
1074 2636 1264 2674 (11111011101
1287 2638 1461 2688 probatio
1488 2641 1567 2688 est,
1599 2651 1702 2690 quam
1729 2637 1761 2675 si
1791 2638 1914 2675 statim

292 2707 376 2756 ipse
407 2706 553 2745 adultus
583 2705 824 2745 hereditatem
855 2706 1005 2744 adieris.
1069 2703 1263 2744 Caeterum
1304 2709 1420 2745 utrum
1458 2706 1540 2757 plus
1572 2706 1702 2757 culpae
1732 2706 1767 2743 in
1798 2717 1915 2744 aceu-

293 2778 455 2814 satorum
496 2776 580 2814 odio
621 2777 731 2827 atque
769 2775 929 2821 invidia,
970 2774 1065 2825 quod
1104 2772 1286 2813 hominum
1327 2788 1450 2824 genus
1490 2788 1594 2828 quam
1631 2776 1833 2826 frequens,
1877 2778 1915 2815 et

293 2856 397 2896 quam
428 2846 632 2895 promptum
663 2844 795 2893 fuerit,
827 2855 876 2880 ex
908 2840 1103 2881 Ciceronis
1134 2844 1368 2883 orationibus
1399 2847 1471 2883 tum
1501 2843 1671 2883 Verrinis
1703 2846 1775 2881 tum
1806 2842 1912 2893 aliis,

292 2916 331 2952 ut
361 2925 428 2963 pro
461 2913 502 2952 S.
535 2913 676 2953 Roscio
717 2912 845 2951 Amer.
887 2927 1057 2959 xxxvm
1093 2914 1184 2950 105.
1231 2915 1403 2962 constat,
1444 2924 1488 2951 an
1518 2912 1553 2950 in
1585 2912 1770 2962 praetoris
1800 2912 1915 2952 suerit

293 2982 508 3035 iniquttate,
540 2985 578 3022 et
608 2983 771 3022 sortasse
809 2980 1012 3032 cupiditate
1049 2980 1231 3033 praedae,
1272 2981 1481 3030 ignoratur.
1539 2978 1581 3019 In
1611 2980 1824 3020 universum
1854 2980 1914 3020 iu—
