2006 3365
615 164 881 206 RECENSIO
913 164 1203 205 LIBRORUM.
1621 167 1722 212 333

89 292 110 318 a
140 277 346 318 Mutinensi
378 279 574 329 Aldinam,
607 280 688 319 dum
714 280 777 319 illa
800 292 878 319 cum
900 279 1030 328 libris,
1063 293 1156 332 quos
1179 281 1279 329 dixi,
1306 278 1486 329 vulgatae
1511 278 1723 329 scripturae

87 347 200 396 facit,
246 347 386 386 Aldina
416 361 508 387 vero
539 352 602 387 aut
633 361 710 387 eum
743 348 850 387 libris
890 349 1045 398 seriptis
1076 349 1224 388 aliunde
1264 350 1362 388 notis
1404 348 1617 396 consentit,
1660 351 1724 387 aut:

87 428 153 453 sua
184 415 258 453 sibi
290 418 441 466 propria
473 416 598 456 habet.
660 417 708 455 Et
740 417 797 455 his
828 417 975 468 quidem
1008 417 1043 454 in
1086 417 1202 466 locis,
1250 419 1311 456 ubi
1355 417 1495 456 Aldina
1537 417 1724 467 scriptura

86 496 205 535 neque
238 484 404 523 idoneam
432 498 453 523 a
474 497 661 524 consensu
694 486 869 524 editionis
892 485 1148 532 Mutinensis,
1181 489 1243 525 aut
1273 499 1294 524 a
1325 485 1431 525 libris
1464 486 1618 536 scriptis
1649 484 1722 523 ali-

86 553 183 591 unde
215 555 313 592 notis
347 554 695 592 comunemlationem
729 554 864 602 habet,
907 565 1028 604 neque
1071 566 1137 591 sua
1171 555 1311 593 virtute
1341 558 1453 606 atquc
1490 555 1723 605 praestantia

86 621 264 670 excellit,
313 622 359 660 de
392 621 530 660 Aldina
561 634 739 670 securus,
781 625 821 660 ut
853 622 1013 660 decebat
1045 623 1232 671 criticum,
1273 622 1359 661 illud
1391 623 1588 673 amplexus
1619 636 1720 671 sum,

85 690 181 741 quod
215 702 282 741 per
312 704 355 729 se
388 696 492 729 esset
531 691 725 741 optimum,
767 693 803 728 et
841 689 992 727 aliorum
1036 689 1210 728 librorum
1242 692 1465 730 auctoritate
1497 692 1722 741 comproba-

85 760 200 796 retur.
263 757 476 798 Cuiusmodi
502 758 572 797 1061
601 762 686 797 sunt
709 758 790 796 Dir.
809 761 848 797 S.
872 761 937 797 28.
960 761 1025 797 35.
1051 759 1115 797 78.
1139 762 1205 798 88.
1268 759 1361 798 Post
1386 759 1549 797 Aldinas
1566 760 1721 798 fluctua-

85 826 223 866 tionem
255 829 444 879 quamdam
476 828 676 874 editorum,
714 827 940 877 mixtamque
973 839 1021 865 ex
1054 827 1213 877 vulgata
1252 831 1290 867 et
1330 827 1470 866 Aldina
1502 828 1723 879 scripturam

86 897 296 944 cernimus,
331 897 397 934 sed
432 897 548 934 variis
580 895 724 942 modis,
772 895 853 932 dum
887 907 981 933 unus
1012 896 1055 934 ad
1101 897 1321 947 scripturam
1361 895 1536 935 Aldinam
1575 896 1723 935 accedit

83 964 285 1014 pressius,
318 964 414 1003 alter
455 965 609 1014 saepius
649 963 693 1001 ad
733 963 926 1012 vulgatam
968 964 1077 1003 redit.
1138 965 1186 1004 Et
1218 965 1363 1017 quidem
1394 977 1466 1003 non
1499 977 1647 1015 semper
1677 965 1722 1003 ad

85 1045 184 1081 eam,
217 1046 321 1084 quam
355 1034 505 1084 proprie
538 1032 728 1081 vulgatam
770 1033 939 1080 dixeris,
983 1032 1104 1084 qualis
1147 1038 1205 1072 est
1248 1033 1516 1083 Romanarum,
1558 1037 1596 1072 et
1637 1036 1724 1084 post

84 1101 272 1140 Romanas
304 1102 571 1152 proximarum,
605 1101 672 1139 scd
705 1102 813 1140 etiam
845 1101 888 1139 ad
924 1115 1025 1149 eam,
1058 1115 1153 1154 quac
1181 1103 1248 1141 iam
1272 1103 1518 1141 contaminata
1542 1102 1723 1141 editorum

83 1170 368 1219 mutationibus,
401 1170 721 1218 correctionibus,
758 1171 873 1208 vitiis.
937 1170 987 1209 Ut
1018 1171 1262 1220 Lugdunensi
1294 1174 1413 1210 1529.
1447 1171 1576 1222 plura,
1611 1172 1721 1210 etiam

87 1241 200 1287 vitia,
234 1252 313 1278 cum
345 1239 594 1278 Ascensianis
626 1241 713 1277 sunt
745 1241 967 1288 communia3
1010 1244 1048 1279 ut
1087 1241 1254 1292 relapsa
1298 1240 1379 1278 Dir.
1424 1241 1489 1279 79.
1532 1240 1724 1279 Candida

83 1322 121 1348 v.
148 1312 240 1347 171.
273 1321 322 1347 ex
352 1306 516 1356 Virgilio
543 1306 630 1345 Aldi
664 1307 766 1345 venit
799 1309 832 1345 in
866 1309 1051 1347 editiones
1084 1308 1236 1347 Aldinis
1269 1310 1501 1359 posteriores
1533 1321 1605 1347 non
1627 1322 1722 1359 pau-

83 1389 161 1416 cas.
223 1377 348 1415 Habui
380 1379 501 1415 autem
532 1381 645 1427 atque
677 1376 838 1424 contuli,
871 1389 919 1415 ex
952 1376 1022 1415 hac
1052 1381 1202 1426 aetate,
1237 1390 1331 1430 quae
1363 1379 1461 1417 inter
1493 1377 1654 1416 Aldinas
1686 1381 1724 1417 et

85 1445 322 1494 Scaligerum
351 1445 576 1492 intercedit,
609 1444 860 1494 exemplaria,
893 1446 925 1483 si
952 1446 1128 1484 infinitam
1152 1446 1398 1495 Virgiliorum
1424 1448 1582 1493 seriem,
1617 1459 1723 1499 quam

84 1513 284 1563 catalogus
324 1513 480 1552 exhibet
519 1513 686 1562 Heynii,
741 1525 958 1564 compares,
1005 1526 1151 1565 pauca,
1198 1515 1265 1553 sed
1314 1515 1483 1553 idoneum
1525 1528 1721 1554 numerum.

83 1583 145 1622 Ac
176 1585 340 1621 fortasse
371 1582 480 1620 alicui
522 1581 653 1619 nimius
694 1581 883 1620 videbitur
923 1595 1123 1631 numerus,
1171 1583 1279 1620 nimia
1311 1584 1344 1621 in
1378 1585 1616 1623 conferendis
1649 1598 1723 1623 ex-

83 1650 308 1702 emplaribus
340 1650 524 1689 sedulitas
556 1662 647 1687 mea.
711 1650 787 1689 Sed
821 1651 1041 1690 affectabam
1074 1652 1217 1702 copiam
1249 1651 1429 1703 aliquam,
1463 1656 1501 1692 et
1532 1656 1571 1692 ut
1596 1654 1724 1706 quivis

82 1720 167 1770 ipse
199 1719 345 1758 classes
376 1720 461 1757 sive
492 1718 651 1756 familias
683 1719 921 1767 distinguere
951 1720 1215 1771 exemplarium
1240 1725 1385 1772 posset.
1445 1722 1580 1774 Neque
1612 1722 1724 1761 facile

83 1789 297 1840 quicquam,
330 1788 424 1840 quod
459 1799 592 1825 novum
625 1788 697 1836 sit,
737 1800 791 1825 me.
830 1790 1063 1839 praeterisse
1109 1793 1212 1840 puto.
1276 1791 1373 1829 Sunt
1405 1792 1497 1829 enim
1530 1796 1617 1842 post
1647 1791 1723 1831 Al-

83 1857 190 1894 dinas
222 1869 343 1895 novae
386 1856 610 1894 mutationes
643 1856 840 1895 nonnullae
871 1859 1017 1906 sactae,
1059 1861 1097 1897 et
1127 1858 1173 1896 ab
1207 1859 1416 1897 editoribus
1449 1864 1651 1911 receptae,
1686 1864 1725 1900 ut

85 1926 257 1964 Miltant
300 1926 379 1963 Dir.
420 1928 488 1963 23.
529 1924 666 1963 crebro
707 1938 746 1963 v.
781 1929 846 1963 โด1.
892 1926 994 1965 haee
1036 1931 1074 1966 et
1103 1941 1150 1966 en
1181 1941 1220 1965 v.
1255 1932 1320 1966 93.
1395 1929 1513 1968 Paua
1545 1930 1656 1969 deum
1687 1933 1725 1969 et

83 1996 214 2033 nostis
248 2008 285 2032 v.
322 1993 413 2032 147.
452 1996 541 2031 148.
572 1995 712 2045 fluerat
744 2008 782 2032 v.
821 1998 910 2032 151.
969 2002 1178 2048 praetereo
1212 2010 1250 2034 v.
1283 1999 1375 2035 152.
1437 2011 1534 2048 eglon
1567 2012 1604 2036 v.
1630 2002 1722 2037 156.

82 2064 235 2116 primus
268 2076 306 2101 v.
333 2065 424 2100 162.
485 2068 523 2101 et
554 2075 592 2099 v.
622 2065 710 2101 ยน81.
743 2062 852 2102 allae.
913 2063 1051 2102 Verum
1084 2077 1211 2103 omnes
1244 2077 1264 2103 e
1297 2066 1526 2104 coniectura.
1574 2067 1723 2106 Librum

85 2133 263 2182 scriptum
294 2137 382 2181 post
415 2130 574 2168 Aldinas
607 2135 693 2169 ante
726 2131 919 2169 Heinsium
950 2145 994 2171 ac
1028 2134 1270 2171 Burmannum
1304 2146 1430 2184 nemo,
1471 2148 1589 2188 neque
1620 2136 1724 2175 Sca-

85 2200 202 2249 liger,
236 2212 354 2251 neque
385 2199 479 2237 alius
522 2200 712 2252 quisquam
751 2212 875 2238 corum
916 2202 1086 2253 quidem,
1128 2203 1188 2254 qui
1221 2203 1329 2241 nobis
1362 2204 1623 2253 innotuerunt,
1656 2205 1724 2244 ad-

85 2269 217 2307 hibuit.
278 2269 360 2307 Nos
393 2281 484 2307 vcro
516 2281 588 2307 non
621 2268 737 2306 solum
771 2269 817 2307 de
849 2269 1041 2309 codicibus
1073 2270 1219 2309 lleinsii
1245 2272 1517 2324 Burmannique
1549 2275 1722 2325 certiora,

86 2351 191 2390 quam
223 2338 306 2388 ipse
342 2338 601 2387 Burmannus,
641 2338 708 2376 sed
749 2339 857 2376 etiam
906 2351 1063 2389 prorsus
1095 2352 1195 2378 nova
1227 2354 1275 2379 ex
1308 2340 1392 2379 aliis
1425 2342 1620 2380 codicibus
1652 2343 1722 2382 ha-

86 2407 230 2446 bemus.

171 2475 300 2527 Atque
340 2474 399 2513 his
437 2476 526 2513 meis
567 2475 673 2514 libris
713 2489 791 2514 sum
830 2477 937 2515 ctiam
980 2477 1025 2515 ad
1065 2476 1373 2529 orthographiam
1426 2480 1722 2519 constituendam

88 2557 200 2594 usus,
233 2544 298 2581 sed
331 2545 484 2583 modice.
548 2544 629 2599 Qua
661 2544 706 2583 de
736 2558 777 2584 re
809 2545 923 2584 semel
956 2546 1073 2584 dicam
1106 2545 1178 2585 hoc
1208 2547 1319 2596 1060,
1352 2560 1424 2596 116,
1456 2549 1488 2586 si
1521 2550 1620 2586 forte
1651 2548 1723 2587 ali-

89 2615 145 2653 cui
178 2625 274 2651 nunc
314 2613 519 2651 vetustatis
557 2625 671 2663 snpra
708 2614 849 2652 modum
889 2618 1050 2663 amator,
1098 2627 1194 2653 nunc
1226 2617 1508 2655 consuetudinis
1542 2616 1723 2665 vulgatae

88 2683 231 2721 nimium
265 2685 380 2720 tenax
411 2682 518 2720 visus
550 2683 698 2732 fuerim,
731 2684 1006 2722 inconsiderata
1035 2682 1128 2722 haec
1158 2685 1275 2723 fuisse
1307 2685 1558 2723 inconstantia
1589 2686 1723 2724 videa-

88 2754 160 2791 tur.
219 2750 342 2799 Igitur
374 2762 444 2789 non
477 2749 549 2788 hoc
581 2749 665 2788 mihi
707 2753 939 2803 propositum
971 2751 1107 2802 habui,
1155 2756 1192 2791 ut
1223 2753 1533 2804 orthographiam
1566 2753 1723 2794 Catonis

89 2822 201 2860 totam
233 2820 278 2858 ad
310 2831 467 2858 normam
499 2818 640 2857 saeculi
670 2819 840 2870 Augusti
872 2821 1101 2871 dirigerem3
1140 2821 1252 2861 multo
1284 2823 1426 2870 minus,
1474 2827 1511 2862 ut
1542 2823 1587 2861 ad
1620 2836 1720 2872 eam,

89 2901 193 2940 quam
226 2887 359 2928 Catoni
391 2891 479 2926 ante
510 2887 640 2926 oculos
671 2889 812 2937 fuisse,
845 2889 908 2928 illa
941 2889 1035 2927 haud
1068 2890 1180 2928 dubie
1211 2890 1400 2942 aliquanto
1433 2891 1719 2941 simpliciorem,

89 2957 286 3007 probabile
317 2961 389 2995 cst.
450 2955 535 2995 Non
568 2956 664 3008 quod
706 2969 841 3006 negem
882 2958 994 2997 multa
1031 2971 1149 3009 posse
1181 2959 1227 2997 de
1258 2960 1408 3009 antiqua
1449 2959 1722 3011 orthographia

90 3025 154 3063 illa
183 3025 431 3077 probabiliter
462 3030 572 3077 atque
605 3024 745 3065 utiliter
782 3027 996 3078 disputari:
1039 3027 1105 3065 sed
1146 3039 1252 3078 quum
1297 3026 1431 3065 nullum
1465 3026 1639 3068 haberem
1671 3030 1721 3068 li-
