2006 3365
629 153 896 194 RECENSIO
933 153 1227 195 LIBRORUM.
1671 160 1768 203 :391

120 267 263 314 vagnia
304 279 408 304 suam
450 267 485 305 in
534 268 729 307 utilitatem
776 269 1033 307 converterit:
1077 281 1158 306 nam
1198 269 1484 317 Mutinensem,
1524 282 1632 321 quum
1675 270 1771 307 diem

118 333 280 372 Ianuarii
312 347 346 373 a.
386 337 506 374 1475.
540 336 758 375 vicesimam
791 337 936 375 tertiam
969 336 1223 386 subscriptam
1255 337 1420 387 habeat,
1452 338 1646 375 maximam
1678 350 1771 387 par-

117 405 189 442 tem
221 403 440 453 impressam
474 417 563 443 esse
595 405 665 443 sub
698 405 804 443 finem
836 405 920 442 anisi
960 406 1077 441 1474.
1109 407 1216 443 recte
1247 405 1432 444 observat
1466 406 1648 452 Fossius,
1681 405 1770 444 Me-

116 469 350 508 diolanensis
381 474 502 510 autem
537 471 703 522 Philippi
736 472 782 510 de
813 472 1043 524 Lavagnia,
1086 475 1125 511 ut
1156 485 1271 524 supra
1304 473 1489 525 vidimus,
1520 474 1642 513 medio
1673 486 1771 511 anno

121 537 240 575 1474.
273 538 450 577 absoluta
482 541 562 578 l'uit.

200 606 260 644 De
292 608 396 645 fonte
429 608 605 645 edItionis
638 607 960 658 Mediolanensis‚
1006 608 1128 646 videri
1160 621 1240 647 eam
1273 609 1318 647 ad
1351 611 1597 661 antiquiorem
1630 610 1768 648 editio-

114 685 196 711 nem
235 686 269 712 a.
318 676 437 712 1⁴72.
479 676 711 713 referendam
752 688 863 723 esse,
906 688 1001 726 quae
1042 677 1126 725 ipsa
1165 689 1216 714 ex
1262 677 1368 716 libris
1409 679 1566 728 scriptis
1598 678 1770 727 fluxerit,

112 754 228 792 supra
261 744 491 781 coniecimus
517 756 552 793 p.
578 747 673 782 385.
734 743 858 781 Nobis
882 743 1113 781 Mutinensis
1139 745 1259 782 instar
1282 745 1370 782 boni
1391 744 1476 783 libri
1503 757 1610 782 manu
1638 746 1771 794 scripti

113 814 195 858 est,
230 812 262 848 si
295 814 415 849 tamen
452 813 545 850 vitia
577 811 779 862 permulta,
813 811 880 848 sed
915 812 1134 858 manifesta,
1166 812 1360 861 excipias:
1394 824 1491 863 quae
1512 813 1607 851 vitia
1638 813 1771 862 partim

110 891 161 916 ex
194 879 289 918 libro
322 880 467 929 scripto
507 891 656 917 manare
697 881 921 929 potuerunt,
965 879 1097 929 partim
1137 882 1384 918 accesserunt
1415 880 1449 917 in
1482 880 1645 918 officinis
1678 879 1772 918 Phi-

110 945 203 997 lippi
236 947 282 985 de
309 947 352 985 L.
376 951 413 986 et
431 946 582 985 Ioannis
604 947 797 986 Vursteri.
859 945 1060 986 Caeterum
1082 947 1321 996 praestantia
1340 947 1427 986 libri
1449 947 1683 987 Mutinensis
1702 960 1772 998 per

110 1015 231 1052 onmia
249 1014 445 1065 Opuscula
477 1014 606 1053 eadem
639 1017 726 1053 est:
761 1027 833 1053 non
866 1017 904 1053 ut
936 1015 1058 1053 onmia
1079 1018 1183 1054 recte
1203 1015 1364 1062 habeat,
1387 1016 1454 1054 sed
1477 1019 1516 1056 ut
1547 1015 1683 1066 multa3
1709 1018 1769 1063 et,

109 1082 207 1133 quod
235 1083 401 1132 inprimis
432 1082 695 1126 memorabile,
729 1082 933 1132 nonnulla,
966 1095 1062 1134 quae
1084 1086 1262 1134 corrupta
1284 1084 1320 1121 in
1349 1083 1458 1122 libris
1490 1085 1645 1135 scriptis
1676 1083 1771 1122 alias

108 1150 281 1199 optimis,
327 1150 561 1198 petaviano,
602 1150 812 1197 Timaneo,
863 1151 1120 1199 Augustano,
1160 1151 1244 1189 sola
1284 1154 1390 1190 recte
1422 1153 1565 1202 scripta
1597 1153 1770 1202 praestat

108 1217 340 1255 Mutinensis
373 1229 452 1255 cum
474 1218 639 1268 Aldina,
672 1222 709 1258 et
742 1232 823 1257 cum
855 1218 964 1257 libris
996 1220 1151 1269 scriptis
1183 1219 1257 1269 iis,
1290 1232 1441 1271 quorum
1473 1232 1543 1270 per
1572 1232 1615 1259 se
1635 1221 1767 1270 minor,

108 1297 215 1337 quam
247 1285 356 1324 trium
390 1285 559 1336 illorum,
590 1288 814 1325 auctoritas.
876 1284 936 1325 Cr.
971 1286 1051 1325 Dir.
1088 1289 1155 1324 41.
1201 1289 1240 1326 et
1283 1286 1426 1327 Culicis
1458 1288 1565 1327 locus
1596 1301 1636 1327 v.
1671 1292 1768 1328 308.

108 1366 222 1404 supra
253 1365 276 1391 a
307 1365 363 1391 me
396 1356 583 1392 tractatus
615 1353 723 1392 Diss.
746 1354 816 1393 Ill.
848 1367 886 1404 p.
920 1358 1016 1394 313.
1079 1355 1138 1393 De
1170 1356 1251 1394 Dir.
1285 1370 1324 1395 v.
1366 1360 1455 1396 103.
1488 1361 1606 1397 utrum
1639 1370 1768 1396 verum

107 1422 180 1471 sit,
212 1421 310 1473 quod
343 1421 426 1460 sola
458 1421 689 1460 Mutinensis
722 1426 893 1472 praestat
926 1435 1005 1461 cum
1038 1423 1204 1469 Aldina,
1242 1425 1355 1464 dubia
1387 1438 1449 1465 res
1483 1429 1556 1466 est.
1617 1427 1677 1466 Ne
1707 1431 1766 1467 ta-

105 1502 187 1527 men
220 1489 358 1541 ubique
390 1490 598 1528 convenire
630 1489 838 1529 Mutinensi
880 1503 960 1529 cum
1005 1493 1197 1542 scriptura
1235 1493 1377 1533 Aldina
1417 1498 1549 1545 putes,
1589 1494 1769 1544 legantur

106 1570 222 1608 supra
253 1559 397 1607 scripta
429 1570 522 1607 pag.
556 1561 651 1596 332.
714 1558 754 1596 In
788 1559 983 1610 Priapeiis
1015 1560 1115 1599 solet
1134 1562 1343 1600 Mutinensi
1377 1574 1456 1601 eum
1474 1562 1616 1601 Aldina
1645 1567 1767 1602 1517.

106 1624 169 1663 vel
203 1637 282 1663 cum
316 1625 425 1664 libris
457 1626 613 1676 scriptis
644 1627 742 1676 apud
786 1627 1060 1677 Burmannum,
1105 1641 1139 1667 e.
1172 1642 1215 1678 g.
1260 1631 1446 1668 Vaticano
1485 1630 1658 1677 Orvillii‚
1706 1632 1768 1683 qui

104 1695 166 1732 est
189 1692 286 1733 Cod.
313 1693 438 1732 Vatic.
467 1694 517 1733 N.
544 1694 666 1733 1608.
699 1696 763 1732 aut
794 1694 972 1733 Medieeo
1007 1697 1122 1745 primo
1143 1697 1365 1747 Burmanni,
1398 1699 1620 1737 convenire.
1641 1697 1765 1738 Carm.

104 1777 146 1800 11.
181 1765 218 1800 5.
252 1765 390 1801 iocum.
511 1777 584 1799 ΧΠ.
618 1765 654 1802 l.
699 1763 879 1821 Quedam
912 1766 1057 1802 iunior.
1178 1779 1322 1803 Lxxiv.
1353 1767 1392 1804 et
1418 1781 1545 1805 Lxxv.
1584 1767 1765 1807 Tutelam

100 1832 275 1881 pomarii
323 1831 499 1881 ‹liliyens
530 1832 680 1883 priapo
715 1833 879 1882 facito,
925 1832 1151 1872 Rubricato
1194 1833 1358 1884 furibus
1404 1837 1558 1874 minare
1601 1838 1761 1875 mulino.

105 1898 222 1954 Quod
251 1911 413 1937 moueat·
442 1911 519 1937 non
550 1906 640 1948 est,
687 1902 783 1953 quia
827 1900 868 1954 fi
897 1901 1108 1952 fetmberis
1150 1903 1266 1953 ipse:
1315 1902 1505 1941 Grandia
1541 1904 1650 1942 mala
1688 1904 1764 1943 tibi

105 1966 274 2005 brachia
304 1980 443 2005 macra
475 1967 595 2006 dabo.
673 1982 832 2006 cxxvn.
866 1971 965 2006 extr.
999 1969 1108 2007 deest
1140 1981 1278 2007 versus
1310 1970 1520 2010 BIortales
1552 1971 1626 2010 tibi
1656 1971 1707 2010 L.
1725 1973 1765 2011 d.

104 2050 252 2074 cxxix.
276 2039 313 2073 5.
343 2036 543 2074 [amliees.
615 2050 746 2074 Lxxx.
770 2039 968 2076 Ltenero.
1030 2037 1116 2076 Non
1139 2038 1224 2076 dico
1257 2050 1350 2077 vera
1380 2037 1477 2077 haec
1508 2051 1597 2078 esse
1618 2041 1761 2090 omnia,

102 2103 170 2140 sed
205 2106 292 2141 sunt
323 2103 547 2153 singularia.

190 2171 262 2209 Est
303 2171 497 2222 exemplar
540 2172 798 2221 Dresdanum‚
841 2175 880 2212 ut
920 2173 989 2212 suit
1031 2173 1226 2224 exemplar
1265 2175 1415 2224 Fossii‚
1454 2176 1764 2215 annotationibus

103 2252 171 2277 ms.
206 2242 405 2288 refertum,
447 2240 494 2278 ab
533 2240 659 2292 aliquo
693 2240 864 2279 lectore:
912 2242 1116 2291 praecipue
1148 2242 1344 2291 Eclogae,
1388 2242 1664 2292 Georgicorum
1697 2243 1763 2282 lib.

103 2309 267 2358 primus,
304 2309 473 2357 Aeneis3
518 2311 591 2346 tum
623 2309 811 2348 Moretum
844 2313 882 2349 et
915 2310 984 2348 Vir
1015 2311 1152 2348 honus.
1213 2312 1356 2350 Verum
1389 2313 1524 2350 eruditi
1557 2313 1593 2350 in
1625 2313 1670 2349 iis
1703 2313 1764 2351 in-

104 2376 192 2414 veni
227 2374 332 2413 niliil.
393 2376 534 2414 Eadem
576 2389 726 2427 manus,
773 2390 854 2416 nam
895 2380 1025 2417 eadem
1073 2382 1133 2418 est
1171 2379 1267 2418 haud
1308 2381 1443 2430 dubie,
1490 2381 1579 2419 folio
1622 2382 1764 2419 inserto

104 2443 301 2494 supplevit
334 2456 469 2482 versus
501 2443 589 2483 illos
622 2448 673 2483 22
707 2445 872 2484 Aeneid.
914 2446 980 2485 lib.
1012 2446 1062 2485 ll.
1097 2459 1175 2486 cum
1208 2447 1279 2487 hac
1311 2449 1610 2488 observatione:
1645 2450 1764 2487 Duos

103 2518 142 2551 et
174 2514 339 2562 m'yinle',
376 2515 444 2565 qni
475 2521 698 2566 sequuntur
729 2529 906 2563 uersus,
943 2516 1105 2568 qnidam
1137 2529 1208 2555 ceu
1237 2530 1312 2555 non
1340 2521 1559 2569 yenainos,
1592 2518 1666 2556 hoc
1685 2518 1766 2556 loci

103 2581 322 2619 obmitlmzt.
386 2580 485 2620 Sunt
516 2581 627 2619 etiam
672 2580 734 2620 hic
774 2582 854 2621 illic
886 2585 1017 2622 variae
1064 2584 1250 2623 lectiones
1289 2586 1532 2636 adscriptae,
1578 2585 1646 2624 scd
1697 2587 1766 2624 vix

104 2650 246 2698 dignae
278 2649 468 2688 memoria.
530 2649 592 2688 Ad
613 2650 770 2701 Mapliei
803 2651 960 2701 librum,
986 2654 1024 2690 et
1055 2653 1099 2691 ad
1134 2653 1349 2705 Opuscula,
1382 2657 1536 2705 praeter
1568 2666 1634 2704 ea,
1667 2666 1765 2706 quae

104 2718 209 2766 dixi,
259 2718 449 2757 Moretum
499 2721 538 2758 et
587 2719 718 2759 Virum
758 2719 921 2771 bonum,
978 2719 1068 2760 nihil
1115 2722 1346 2774 adscriptum
1398 2724 1458 2762 est
1504 2723 1540 2761 in
1588 2721 1764 2773 exemplo

103 2786 320 2826 Dresdano.
