2006 3365
512 170 565 209 ΙΝ
596 169 814 208 VALERH
847 168 1082 210 CATONIS
1116 169 1294 209 DlRAS.
1619 172 1716 214 121

168 284 217 323 V.
250 287 316 323 So.
380 292 491 326 HlNC
518 292 608 326 EGO
642 294 701 326 DE
734 294 928 327 TUMULO
962 294 1062 327 MEA
1094 294 1220 327 RURA
1255 292 1517 326 NoviSSIMA
1549 291 1719 325 VISAM.

83 352 254 402 Occupat
284 351 481 389 stationem
509 352 542 389 in
578 352 658 391 loco
691 353 813 391 edito:
862 353 933 391 boc
964 357 1044 401 est,
1079 353 1188 401 lingit
1219 366 1262 390 se
1294 364 1492 403 occupare.
1554 349 1624 403 Qui
1659 350 1719 388 lo-

81 433 167 468 cus,
205 420 389 458 cumulum
419 420 511 458 dicit
543 419 659 465 Cato,
703 422 737 459 in
779 426 885 471 parte
925 422 1009 470 agri
1043 420 1240 460 Catoniani
1279 425 1447 459 extrema
1487 421 1582 458 situs
1624 422 1716 457 erat.

81 500 159 526 nam
190 489 420 539 pertinuisse
451 488 568 527 locum
601 490 645 527 ad
677 502 808 538 agrum
841 489 1020 538 Catonis,
1052 501 1122 526 non
1149 489 1268 526 fuisse
1294 492 1402 527 extra
1428 489 1520 526 lines
1541 487 1719 534 Catonis,

80 569 128 594 ex
162 569 199 594 v.
223 560 289 596 91.
322 556 566 606 intelligitur,
600 557 660 595 ubi
692 561 803 608 poeta
837 556 993 607 capt-llis
1026 557 1160 605 pabula
1194 557 1275 594 eius
1308 556 1454 603 tinnuli,
1490 557 1573 604 vel,
1606 559 1644 594 ut
1668 556 1717 594 ibi

77 625 188 665 dicit.
221 627 384 673 montis,
428 633 521 664 nota
560 625 802 665 connnendat.
863 626 911 663 Et
943 624 1124 663 credibile
1156 629 1235 673 est,
1275 625 1371 674 apud
1413 625 1507 662 lione
1546 623 1717 663 tumulum

78 697 192 732 totum
225 706 369 731 carmen
403 695 498 731 cani.
560 695 643 733 Etsi
676 706 797 745 neque
829 693 921 731 llaec
953 694 1125 732 insuavis
1157 695 1279 741 imago
1313 694 1401 741 erit,
1442 694 1473 730 si
1505 693 1589 744 quis
1622 705 1715 742 poe-

77 764 148 800 tam
180 761 332 809 longius
365 761 592 814 longiusque
625 763 802 800 recedere
834 763 930 801 inter
962 763 1164 800 canentium
1197 764 1358 808 statuat,
1391 761 1455 798 sed
1479 761 1718 810 pedetentim.

76 829 141 868 Ab
173 829 244 867 lioc
275 833 394 869 autem
429 843 541 869 versu
575 844 691 883 usque
730 831 775 868 ad
815 830 920 869 tinem
960 831 1133 869 carminis
1172 830 1381 880 persistere
1418 830 1452 867 in
1485 841 1623 866 smnmo
1656 833 1717 867 tu-

75 898 191 943 mulo,
226 898 262 937 h.
283 912 316 937 e.
349 899 464 949 colle,
497 900 580 937 sive
613 903 650 938 ut
684 913 719 937 v.
749 903 813 937 91.
847 899 958 948 dicit,
990 907 1137 945 monte,
1172 899 1357 949 putandus
1390 901 1460 936 est.
1500 898 1629 945 Hine,
1657 898 1717 935 in-

74 968 173 1020 quit,
213 967 261 1006 de
300 968 443 1007 tomulo
484 970 615 1006 risam
654 970 878 1007 novissima
916 982 1013 1007 rura
1052 982 1162 1015 mea,
1208 969 1230 1005 i.
1265 980 1300 1005 e.
1343 970 1547 1005 extremum
1585 978 1716 1014 agrum

75 1049 204 1074 meum.
256 1036 385 1075 Omnia
419 1036 545 1074 visere
578 1038 645 1075 iam
678 1049 749 1075 non
784 1039 932 1088 potestg
971 1039 1008 1074 et
1040 1049 1149 1085 mox,
1182 1037 1213 1073 si
1247 1035 1402 1074 ulterius
1435 1034 1593 1081 abierit,
1627 1032 1715 1071 nibil

73 1117 117 1143 se
150 1105 313 1143 visurum
354 1118 442 1143 esse
473 1105 577 1143 «licit.
639 1107 863 1144 norissima
903 1118 947 1143 eo
989 1106 1116 1148 modo,
1157 1118 1229 1156 quo
1268 1117 1288 1142 a
1320 1117 1376 1142 me
1407 1106 1599 1153 acceptum
1632 1107 1714 1149 est,

73 1174 141 1210 iam
173 1174 320 1224 accepit
342 1173 501 1222 Badius,
535 1173 600 1210 sed
633 1174 735 1213 addit
767 1176 859 1212 (luas
889 1173 982 1212 alias
1015 1173 1313 1224 explicationes,
1345 1185 1494 1224 quarum
1528 1184 1597 1209 nna
1628 1174 1716 1221 apta

72 1245 131 1279 est
162 1242 205 1279 ad
239 1254 387 1280 versum
412 1245 478 1281 93.
524 1242 612 1294 Eyo
646 1245 772 1282 visum
803 1244 894 1281 hinc
926 1265 975 1269 —
1009 1256 1092 1281 mea
1125 1255 1223 1280 retra
1254 1244 1488 1281 novissz’nm.
1522 1243 1546 1279 ἰ.
1579 1247 1713 1279 extre-

71 1324 151 1349 mos
182 1310 283 1362 fines
314 1323 464 1349 eorum:
498 1318 567 1350 (cett
592 1315 721 1350 risam
752 1314 988 1351 novissima.
1022 1314 1047 1349 ἰ.
1081 1313 1299 1350 novissime
1322 1317 1393 1349 aut
1416 1312 1633 1349 novissimo
1666 1309 1717 1348 (Ie

69 1380 216 1418 tumulo
247 1393 332 1418 mea
363 1393 471 1418 rura.

157 1447 264 1486 Hinc
303 1449 337 1485 in
371 1448 462 1486 meis
494 1447 685 1497 omnibus,
729 1447 851 1486 nullus
889 1449 982 1488 Hie.
1045 1449 1185 1487 Moneo
1227 1451 1357 1486 contra
1396 1447 1611 1496 Ileinsium,
1650 1446 1713 1498 qui

73 1516 180 1555 Hine
210 1517 398 1566 proprium
431 1528 518 1555 esse
546 1517 697 1555 Aldinis
721 1518 890 1567 putabat.
938 1517 1045 1557 Tunc
1072 1517 1226 1556 volebat
1244 1516 1505 1556 Boxliornius.
1565 1514 1716 1553 Deinde

72 1586 224 1625 cumulo
258 1586 388 1624 vitium
422 1589 481 1624 est
513 1587 692 1624 editorum
725 1590 811 1624 ante
843 1586 1024 1636 Aldinas,
1065 1587 1225 1638 itemque
1267 1586 1489 1635 scriptorum
1523 1584 1716 1622 recentio-

72 1668 162 1693 rum.
210 1655 276 1692 sed
318 1655 462 1692 tumulo
506 1658 564 1692 est
602 1656 637 1692 in
679 1655 833 1704 scriptis
870 1654 1141 1706 antiquioribus
1181 1654 1372 1703 omnibus,
1414 1653 1450 1690 in
1483 1651 1717 1701 Mutinensi,

72 1723 185 1772 Virg.
222 1723 332 1769 Aldi,
365 1723 481 1761 Taur.
518 1726 636 1763 1518.
672 1723 838 1762 Aseens.
872 1722 920 1762 ll.
953 1722 1021 1761 lli.
1065 1726 1102 1761 et
1134 1723 1170 1760 in
1203 1721 1376 1772 exemplo
1410 1722 1514 1773 Lips.
1549 1720 1599 1760 V.
1633 1721 1663 1760 l.
1697 1734 1718 1759 a

69 1804 173 1830 manu
208 1791 338 1831 Gloss.
401 1793 449 1830 Et
489 1792 633 1830 (amulo
676 1804 746 1829 non
781 1791 897 1829 solum
931 1791 1070 1829 Badius
1103 1790 1280 1839 legebat,
1314 1794 1351 1829 ut
1383 1791 1493 1829 docet
1525 1791 1718 1841 expositio

71 1860 176 1909 eius,
217 1862 283 1899 sed
318 1861 426 1899 etiam
459 1864 544 1899 ante
579 1860 731 1899 Badium
764 1861 970 1899 Domitius:
1014 1859 1232 1910 intelligunt
1265 1860 1360 1898 enini
1393 1859 1590 1908 tumulum,
1633 1860 1718 1897 sive

68 1928 306 1979 sepulcrum,
340 1930 537 1968 Bianoris:
577 1929 623 1968 (le
656 1942 727 1981 quo
759 1941 887 1967 errore
928 1930 975 1966 ef.
1010 1928 1104 1965 int‘ra
1139 1928 1295 1966 dicenda
1329 1929 1437 1967 Diss.
1472 1928 1502 1966 l.
1561 1927 1620 1966 De
1652 1941 1715 1965 se-

70 1996 199 2047 pulcro
221 1998 416 2047 cogitabat
448 1999 555 2037 etiam
588 1997 784 2050 aliquando
809 1998 1053 2042 BurmannuS,
1075 2001 1112 2036 et
1135 1999 1383 2035 annotaverat
1407 1997 1543 2042 locum,
1579 2001 1617 2034 ut
1645 2001 1717 2034 tum

72 2066 291 2111 videbatur,
324 2067 500 2115 similem,
533 2066 651 2106 Antii.
688 2067 768 2105 Lat.
802 2066 870 2104 lv.
905 2081 1042 2104 ocem.
1085 2066 1150 2103 sed
1191 2070 1293 2103 reete
1334 2070 1447 2103 minat
1479 2066 1718 2103 sententiam.

156 2141 192 2173 te
231 2136 374 2174 tumulo
413 2136 554 2175 Medic.
618 2136 656 2173 ln
700 2136 928 2184 Augustano
979 2137 1051 2173 ita:
1104 2134 1391 2174 detemmlamae
1431 2148 1556 2173 arura
1600 2148 1636 2173 n.
1679 2149 1715 2172 ιι.

72 2206 223 2242 viseum
256 2204 336 2242 cod.
370 2205 624 2247 petavianus,
660 2207 825 2243 testante
859 2205 1015 2242 lleinsio
1049 2205 1092 2241 ad
1128 2218 1163 2241 v.
1198 2207 1266 2241 80.
1321 2206 1450 2242 nisam
1492 2203 1613 2242 Paris.
1647 2202 1715 2242 lV.

72 2273 231 2321 Signum
274 2273 531 2322 interrogandi
575 2273 714 2311 addunt
753 2272 873 2321 Angl.
918 2273 1084 2313 Romana
1124 2273 1153 2312 1.
1194 2272 1293 2312 Ven.
1334 2273 1472 2312 Aeliat.
1524 2276 1562 2311 et
1601 2285 1716 2323 nuper

71 2340 287 2387 Arnoldus,
322 2342 628 2390 wernsdorfius,
663 2341 876 2380 Putscliius.

155 2478 202 2516 V.
237 2479 304 2515 87.
366 2487 477 2521 nnuc
503 2489 577 2521 ino
604 2489 654 2522 lN
674 2489 866 2523 sizVAS:
894 2489 1174 2523 ons‘rAssuN'r
1201 2489 1288 2522 ιΑΜ
1314 2489 1419 2522 MIHI
1446 2488 1644 2522 eoLLEs.

157 2548 261 2586 Hinc
293 2547 354 2585 ibo
387 2550 425 2585 in
456 2545 609 2600 silvas]
667 2549 951 2598 interrogative
995 2561 1061 2586 seu
1096 2547 1430 2598 ἐρωτημιιῑικώς
1470 2549 1562 2587 haee,
1595 2549 1715 2585 omnia

70 2616 233 2665 legenda
265 2619 364 2655 sunt.
425 2615 506 2654 Nec
535 2617 642 2661 mihi,
674 2619 810 2670 inquit,
853 2618 955 2656 adire
997 2617 1129 2657 licebit
1170 2630 1345 2668 campos,
1389 2622 1557 2669 tanquam
1596 2615 1713 2655 eolles

70 2685 156 2723 mihi
189 2686 365 2733 obstent,
398 2687 459 2722 aut
492 2683 663 2724 montes?
695 2691 876 2725 SCALIG.
912 2684 1251 2736 ῥητορικώτερον
1275 2700 1380 2738 quam
1400 2700 1467 2737 pro
1486 2686 1564 2724 -hoc
1588 2690 1713 2735 poeta.

71 2754 326 2805 Simpliciter,
359 2754 439 2791 sine
472 2753 792 2803 interrogatione:
826 2756 857 2793 si
891 2755 1043 2805 longius
1067 2757 1215 2800 abiero,
1246 2757 1385 2807 inquit,
1411 2756 1555 2793 veniam
1582 2755 1614 2791 in
1643 2752 1710 2790 sil-

70 2834 163 2872 vasg
195 2825 232 2861 et
264 2821 402 2870 colles,
436 2824 604 2870 montes,
646 2823 873 2872 obstabunt,
918 2827 1113 2877 quominus
1146 2825 1374 2876 conspiciam
1407 2836 1556 2874 campos
1589 2834 1712 2859 meos:

72 2904 167 2930 voce
198 2894 335 2929 tantum
369 2891 558 2939 attingere
586 2902 688 2929 meos
720 2903 890 2943 campos,
922 2894 1043 2946 iisque
1074 2893 1162 2932 vale
1188 2894 1314 2932 dicere
1340 2897 1495 2944 potero,
1528 2903 1598 2929 non
1627 2891 1712 2928 item

71 2959 203 2998 oculis.
245 2959 370 3012 Quare
402 2959 598 3010 persistam
631 2958 900 3012 aliquantisper
930 2964 966 3001 in
997 2962 1070 3002 hoc
1097 2961 1212 3007 colle,
1246 2963 1334 3001 sive
1361 2960 1518 3007 tumulo,
1552 2963 1590 2998 ut
1617 2973 1711 2998 ocu-

72 3027 118 3065 lis
151 3029 296 3068 videam
329 3040 503 3080 campos,
536 3029 617 3066 dum
652 3029 735 3067 vale
766 3030 860 3069 dieo.
971 3031 1174 3081 Scaligero
1206 3031 1406 3083 obsequuti
1438 3029 1710 3078 interrogatio-
