2006 3365
212 163 313 209 180
776 151 1303 194 ANIMADVERSIONES

211 275 325 315 «lenm
364 275 507 321 matri,
547 270 743 326 siquidem
775 269 990 323 Cybeleius
1018 269 1133 308 Attis
1165 268 1294 308 Exuit
1329 268 1407 309 hac
1442 269 1648 315 hominem,
1689 272 1854 306 trunco-

214 358 289 398 que
329 342 506 381 induruit
544 339 636 389 ill03
675 341 715 379 et
752 339 934 377 immiscet
973 337 1097 389 pinum
1127 336 1323 376 Arnobius
1363 336 1458 376 loeis
1498 336 1596 376 laud.
1657 335 1856 375 Phaedrus

213 411 282 450 III.
317 425 418 448 xvu.
446 411 484 447 4.

298 480 356 518 Io.
389 478 430 516 In
464 478 569 516 cuius
600 476 780 515 honorem
812 477 912 514 sacta
941 475 1084 515 viola:
1118 474 1290 526 Geopon.
1323 474 1393 514 XI.
1427 490 1531 513 xxm.

299 548 471 586 Adonis.
531 547 591 585 Ex
619 546 700 584 eius
725 557 858 583 eruore
884 557 982 583 rosa
1011 544 1136 582 facta:
1198 543 1267 582 Bio
1292 543 1323 582 l.
1353 548 1419 582 66.
1479 540 1730 590 Pervigilium
1754 540 1855 580 Ven.

213 634 250 656 v.
277 623 341 658 23.
374 617 406 654 si
433 616 483 654 ibi
511 627 603 654 vera
638 615 688 653 sit
721 614 891 652 Santenii
923 614 956 651 in
992 613 1041 651 H.
1070 612 1226 651 Bulbum
1254 625 1286 651 c.
1319 616 1436 651 1825.
1465 610 1693 649 emendatio:
1728 600 1858 648 Facta

213 687 318 738 pueri
346 687 395 725 de
418 698 571 724 eruore.
633 683 796 722 Servius
828 683 863 721 in
884 681 997 731 Virg.
1025 681 1105 720 Ecl.
1123 681 1174 720 X.
1198 685 1259 721 18.
1289 681 1357 720 sed
1382 682 1518 719 desunt
1540 680 1614 718 ista
1637 679 1759 718 omnia
1784 680 1858 717 tum

214 756 296 795 aliis
330 755 545 798 codicibus,
588 756 661 792 tum
694 751 940 801 Augustano.
1002 751 1256 800 Augustanus
1289 750 1457 803 quidem,
1491 751 1530 787 ut
1560 749 1628 786 iam
1659 746 1733 786 hoe
1763 759 1858 798 spe-

212 825 345 864 cimine
386 835 522 861 noscas
556 822 745 868 codicem,
783 820 880 859 haec
918 822 1056 859 tantum
1085 820 1131 858 ad
1168 833 1206 858 v.
1238 823 1301 858 17.
1334 823 1371 859 et
1416 823 1477 858 IS.
1517 817 1655 856 habet:
1687 815 1859 867 Alleffer

211 896 285 934 hoe
325 894 436 932 dicit.
469 905 540 931 nee
570 898 611 929 lu
649 889 870 930 erubescas
903 889 1084 929 bucolica
1115 889 1304 929 seribere.
1366 888 1514 927 Gallus
1545 889 1644 926 enim
1675 892 1717 925 nt
1747 886 1858 926 ‹lixi-

210 977 294 1003 mus
324 968 445 1016 poeta
477 962 646 1013 optimas
678 960 773 1011 fuit.
805 959 966 998 Adonz's
1000 965 1129 997 antem
1159 960 1428 997 nominatiuns
1460 957 1504 996 ἔ.

326 1031 487 1070 Ovidius
520 1042 732 1068 anemonen
764 1028 897 1066 iactam
931 1040 981 1066 ex
1012 1028 1202 1076 sanguine
1232 1026 1422 1065 Adonidis
1461 1027 1586 1064 narrat
1618 1024 1773 1063 Metam.
1805 1023 1857 1062 X.

213 1104 311 1139 extr.
375 1098 480 1137 Unde
509 1096 706 1148 probabile
738 1099 820 1145 est,
853 1095 899 1134 de
930 1107 1134 1145 anemone,
1168 1106 1241 1133 non
1275 1095 1320 1133 de
1351 1106 1458 1142 rosa,
1499 1094 1671 1142 cogitare
1703 1093 1858 1132 eundem

214 1170 296 1207 loeo
338 1168 480 1215 altero,
518 1166 621 1204 Fast.
655 1164 704 1202 V.
738 1165 833 1202 227.
898 1164 1035 1203 Mirum
1073 1166 1153 1212 est,
1196 1163 1292 1215 quod
1334 1162 1431 1213 apud
1471 1162 1646 1201 Servium
1687 1162 1722 1200 in
1759 1162 1857 1200 Aen.

213 1239 263 1277 V.
299 1242 363 1276 72.
397 1236 559 1284 legitur:
585 1234 704 1272 Hanc
736 1233 866 1273 Venus
898 1234 1240 1272 vehementissume
1271 1232 1437 1279 dilexit,
1469 1237 1507 1270 et
1537 1245 1622 1270 eum
1653 1234 1717 1270 ira
1737 1231 1859 1270 Mar-

212 1310 268 1346 le’s
302 1307 351 1345 ab
384 1317 485 1358 apro
518 1310 628 1343 esset
662 1304 847 1350 occisus,
882 1304 1114 1353 sanquinem
1145 1304 1232 1341 eius
1274 1302 1393 1340 vertit
1427 1302 1467 1338 in
1492 1299 1645 1351 florem,
1676 1301 1737 1352 qui
1763 1312 1858 1337 nun-

213 1389 319 1429 quam
352 1378 466 1413 vento
504 1372 627 1411 decuti
659 1371 808 1409 dieitur.
870 1369 985 1410 Certe
1018 1371 1063 1409 de
1095 1383 1295 1419 anemone,
1337 1381 1433 1421 quae
1464 1380 1514 1406 ex
1544 1369 1730 1418 sanguine
1762 1369 1861 1406 sacta

216 1444 427 1491 Adonidis,
460 1442 580 1480 onmia
609 1441 797 1479 contraria
824 1443 985 1479 testatur
1012 1439 1187 1479 Ovidius.
1249 1439 1311 1478 An
1337 1450 1443 1477 error
1472 1437 1628 1484 Servii,
1661 1436 1724 1476 vel
1752 1437 1859 1488 quis-
1919 1487 1923 1493 ι

215 1515 298 1564 quis
321 1512 382 1550 illa
411 1511 567 1561 scripsit
597 1508 720 1557 alius,
750 1523 796 1547 ex
824 1508 918 1547 male
946 1507 1138 1547 intellecta
1164 1521 1205 1547 re
1229 1503 1368 1547 natus?
1427 1507 1569 1546 Plinius
1595 1505 1643 1544 H.
1668 1507 1717 1545 N.
1750 1504 1859 1544 XXI.

218 1597 337 1620 xxm.
378 1581 424 1618 de
460 1590 658 1617 anemona:
722 1579 819 1617 Flos
860 1591 1060 1632 nunquam
1100 1592 1145 1617 se
1175 1580 1329 1629 aperit,
1372 1579 1456 1617 nisi
1491 1583 1607 1615 vento
1649 1577 1855 1628 spirante:

218 1652 322 1691 unde
359 1656 397 1689 et
428 1662 559 1688 nomen
593 1649 765 1700 accepit.
828 1647 1026 1686 Caeterum
1059 1646 1164 1685 loeus
1197 1648 1288 1687 iste.
1333 1649 1370 1685 et
1403 1646 1564 1684 narratio
1603 1645 1650 1683 de
1681 1643 1858 1683 Adonide

218 1720 385 1772 reliqua,
425 1718 536 1756 deest
567 1717 600 1754 in
635 1716 765 1755 codiee
799 1714 930 1754 Servii
963 1715 1214 1764 Augustano,
1252 1714 1350 1753 aliis.
1412 1715 1608 1753 Ausonius
1640 1713 1754 1765 ldyn.
1787 1713 1858 1751 VI.

223 1792 285 1827 ll.
317 1789 464 1826 nutrice
492 1788 629 1839 pietus
661 1786 845 1833 Adonis,
878 1788 994 1822 utrum
1020 1796 1223 1822 anemonen
1248 1783 1500 1832 intellexerit,
1531 1796 1577 1822 an
1610 1796 1752 1828 rosam,
1786 1797 1858 1835 pa-

219 1871 294 1896 rum
328 1856 464 1894 dill'ert.
526 1854 657 1894 Media
689 1854 867 1906 quaedam
899 1854 996 1892 inter
1028 1855 1217 1904 utramque
1248 1853 1461 1904 opinionem
1494 1866 1640 1901 eorum,
1671 1866 1765 1904 quos
1797 1865 1859 1891 su-

217 1939 284 1977 pra
316 1926 361 1963 ad
397 1924 478 1963 Dir.
511 1927 579 1962 20.
619 1928 651 1962 l.
685 1924 871 1969 indicavi,
903 1922 1092 1965 Tzetzae,
1127 1925 1165 1960 et
1196 1922 1395 1970 Favorini,
1431 1923 1490 1959 via
1523 1926 1604 1968 est,
1635 1934 1859 1971 anemonen,

217 2008 324 2047 quum
356 1994 441 2032 alba
480 1994 617 2032 suisset
649 1997 781 2039 antea,
815 1991 962 2030 rubram
995 1992 1133 2028 factam
1167 1991 1376 2039 Adonidis,
1418 2004 1539 2029 rosam
1573 1990 1735 2029 Veneris
1767 2003 1859 2029 san-

215 2065 353 2114 guine,
396 2065 523 2101 roseto
557 2063 776 2109 incidentis,
819 2074 926 2113 quum
964 2060 1008 2098 ad
1044 2059 1198 2098 Adonin
1239 2065 1469 2099 accurreret.
1539 2060 1658 2100 Cuius
1698 2059 1861 2098 fabellae

219 2146 307 2184 pars
348 2145 416 2180 en,
456 2143 552 2184 quae
591 2143 713 2169 rosam
747 2131 1010 2181 Veneremque
1049 2130 1206 2179 attinet,
1249 2130 1358 2168 etiam
1398 2130 1494 2180 apud
1530 2128 1786 2180 Aphtlionium
1826 2130 1860 2167 in

219 2200 597 2251 Progynmasmatis,
639 2203 677 2238 et
710 2200 743 2237 in
777 2198 1015 2249 Geoponicis
1047 2198 1115 2236 xl.
1150 2213 1250 2236 xvu.
1285 2201 1426 2237 exstat.
1488 2197 1613 2236 Alium
1644 2199 1679 2236 in
1711 2210 1861 2236 sensum

221 2270 284 2309 illa
316 2270 412 2308 dicta
444 2272 552 2317 sunt,
595 2268 690 2319 apud
726 2268 878 2306 Bionem
909 2266 940 2305 I.
973 2270 1040 2305 22.
1074 2271 1140 2306 35.
1201 2267 1371 2305 Nonnnm
1408 2270 1616 2318 exspectes
1646 2266 1794 2305 multum
1827 2267 1861 2304 in

221 2340 294 2378 hoc
317 2339 540 2387 argumento
559 2336 759 2375 luxuriari:
792 2349 922 2375 verum
954 2336 1019 2375 ille
1044 2336 1116 2375 etsi
1148 2347 1279 2380 rosae,
1311 2339 1349 2374 et
1379 2347 1580 2374 anemones
1607 2331 1861 2385 ω’κυμόρου,

221 2403 530 2455 μινυνθαὸίἠς,
575 2406 794 2444 mentionem
834 2406 944 2454 facit,
988 2405 1207 2456 Venerique
1245 2416 1411 2449 sacram,
1453 2404 1517 2443 vel
1557 2417 1702 2455 earam,
1743 2405 1862 2444 fuisse

222 2481 415 2529 utramque
446 2475 536 2513 dicit
566 2473 662 2512 locis
695 2487 809 2525 supra
839 2486 861 2512 a
890 2487 946 2513 me
977 2474 1022 2513 ad
1048 2473 1130 2513 Dir.
1171 2477 1236 2511 20.
1275 2476 1309 2511 l.
1342 2472 1526 2521 laudatis,
1559 2477 1598 2514 et
1619 2473 1733 2513 VIII.
1765 2476 1860 2512 210.

223 2546 311 2587 XII.
346 2548 441 2584 238.
474 2542 564 2582 XV.
597 2545 716 2592 354„
748 2543 898 2582 fabulae
930 2556 1109 2596 nusquam
1140 2543 1362 2581 mentionem
1395 2542 1498 2581 facit.

310 2614 564 2661 Leucothoe,
596 2611 677 2651 Soli
700 2610 859 2661 dilecta,
890 2612 925 2650 in
947 2613 1094 2661 virgam
1119 2614 1279 2650 tuream:
1334 2611 1452 2651 Ovid.
1476 2612 1630 2651 Metam.
1665 2609 1735 2649 IV.
1768 2613 1860 2650 190.

226 2685 352 2723 Habet
381 2681 556 2721 nonnulla
583 2681 814 2720 Burmannus
842 2680 887 2718 ad
915 2696 953 2719 v.
984 2684 1077 2719 196.
1100 2680 1165 2719 sed
1191 2682 1344 2727 testem,
1377 2680 1438 2733 qui
1465 2681 1550 2720 addi
1570 2679 1710 2720 Ovidio
1730 2682 1862 2731 queat,

227 2755 322 2792 satis
361 2755 500 2790 certum
538 2749 693 2799 nullum,
731 2753 884 2800 praeter
925 2748 1119 2799 Hyginum
1158 2749 1234 2788 fab.
1266 2749 1374 2790 XIV.
1412 2750 1647 2790 Thersanon
1675 2748 1786 2788 Solis
1825 2754 1863 2788 et

229 2822 473 2862 Leucothoes
513 2819 624 2871 filias
662 2832 712 2858 ex
742 2818 896 2858 Andro.
958 2817 1071 2856 Addo
1104 2817 1341 2868 Anonymum
1382 2819 1418 2857 in
1449 2816 1646 2869 Tychsen.
1687 2819 1724 2855 et
1754 2816 1862 2856 Hee-

227 2904 304 2929 ren.
333 2889 431 2929 Bibl.
456 2892 534 2928 vet.
566 2887 636 2926 lilt.
664 2889 701 2926 et
726 2890 797 2926 art.
829 2886 937 2925 Fasc.
967 2886 1056 2926 VII.
1084 2886 1190 2925 Ined.
1222 2900 1259 2937 p.
1291 2891 1352 2927 18.
1393 2891 1455 2926 19.
1502 2884 1689 2934 Virgilius
1716 2884 1862 2936 Georg.

227 2959 277 2997 ll.
314 2960 404 2997 117.
439 2958 541 2996 solis
573 2962 636 2996 est
667 2963 783 2995 turea
814 2957 935 3007 virqa
966 2955 1161 2995 Sabaeis.

313 3028 467 3079 Hylle,
492 3026 608 3065 eidem
632 3024 769 3065 dilecta
787 3024 892 3076 Soli,
914 3024 950 3063 in
968 3023 1252 3077 heliotropium:
1287 3024 1403 3064 Ovid.
1418 3021 1756 3064 Metam-1V.256.
1776 3037 1861 3078 sqq.
