2006 3365
261 165 364 211 414
852 160 1223 202 DISSER'PATlo
1261 159 1331 199 lv.

259 280 339 319 lum
371 278 524 317 diuinis
555 275 762 316 Aeneidos
794 276 913 316 libris
946 277 1065 315 inuiti
1097 275 1381 324 adiunximus,
1414 276 1490 316 sed
1520 276 1814 331 obsequendum
1842 276 1926 328 fuit

261 345 517 401 quibusdam.
581 344 737 385 Valere.
798 345 895 384 Post
927 344 1021 382 haec
1052 356 1157 382 nemo
1189 345 1384 396 quicquam
1418 346 1637 395 praestitum
1669 347 1705 384 in
1739 345 1809 384 bac
1841 345 1925 383 edi-

261 417 363 453 tione
396 414 614 462 exspectet.
681 412 780 451 Sunt
811 417 931 451 tamen
965 413 1191 451 mutationes
1224 414 1260 451 in
1302 412 1406 451 Diris
1440 425 1512 451 non
1550 425 1714 464 paucae,
1753 425 1799 452 ac
1830 414 1926 451 satis

259 494 433 531 graveS,
467 492 592 532 eoque
624 481 915 530 memorabiles,
949 481 1046 533 quod
1080 481 1127 518 ab
1162 481 1263 519 Aldo
1297 485 1555 531 pervenerunt
1587 482 1624 519 in
1650 481 1927 520 Taurinensem

265 552 388 587 1518.
422 551 461 588 et
492 550 528 587 in
559 550 766 598 marginem
800 549 1072 599 Lugdunensis
1112 552 1230 587 1529.
1264 549 1493 601 aliarumque
1525 550 1742 589 editionum.
1791 547 1852 589 Cf.
1886 562 1926 587 v.

259 620 327 656 28.
360 619 428 656 34.
465 621 532 657 39.
569 621 633 656 73.
671 622 734 656 19.
779 622 845 657 85.
887 622 954 657 93.
999 620 1093 656 152.
1142 621 1235 657 171.
1304 618 1445 657 Omnes
1484 621 1607 657 autem
1647 630 1669 657 e
1710 619 1928 656 coniectura

260 687 385 724 factae
416 688 525 731 sunt,
560 689 598 725 et
628 698 650 724 a
681 698 736 724 me
769 687 1001 732 tribuuntur,
1030 700 1138 738 quum
1161 686 1269 725 alium
1294 690 1486 725 auctorem
1506 685 1780 735 nonhabeam,
1815 685 1927 726 Aldo.

260 753 368 806 Quod
393 767 429 793 v.
455 757 548 793 166.
579 755 686 807 furti
718 754 886 804 legitur,
918 756 989 793 iam
1022 755 1143 793 monui
1179 756 1272 794 idem
1303 755 1465 806 reperiri
1499 755 1536 793 in
1570 754 1804 793 editionibus
1828 766 1926 793 non-

260 822 374 861 nullis
407 824 695 875 antiquioribus.

350 961 383 998 A
401 962 755 1011 ryencinensis
776 964 894 1000 1502.
920 962 945 999 f.
978 961 1119 1000 Publii
1143 961 1308 1012 Uirglilii
1330 961 1519 1000 Maronis
1542 973 1668 1013 opera
1686 974 1771 1000 cum
1789 962 1927 1014 quinq3

259 1029 443 1080 vulyatis
478 1031 805 1068 cormaentariis:
840 1030 1199 1084 expolitissimisqg
1228 1031 1374 1082 ligyuris
1408 1037 1495 1082 atq3
1528 1030 1770 1082 imayinibus
1803 1043 1930 1082 nuper

256 1109 331 1147 per
370 1097 660 1136 Sebastianum
702 1097 837 1135 Bran!
882 1099 1206 1150 superadditis:
1254 1101 1558 1153 exactissimqu
1612 1103 1793 1138 reuisis:
1840 1105 1929 1152 atq3

257 1166 450 1204 elimatis.
513 1166 547 1203 in
583 1166 684 1204 fine:
718 1166 966 1217 Impressum
997 1169 1112 1218 reflia
1144 1169 1183 1205 in
1215 1169 1383 1206 ciuitate
1405 1166 1616 1218 Aryenlen'
1649 1168 1928 1206 ordinatione:

257 1234 516 1273 elimatione:
558 1247 610 1273 ac
647 1234 860 1274 relecldne
890 1235 1132 1274 Sebastiani
1171 1235 1333 1274 Brant:
1378 1247 1544 1290 operaqz
1578 1239 1611 1275 &
1642 1240 1823 1289 impensa
1854 1249 1929 1274 non

257 1303 449 1342 mediocri
487 1305 676 1355 mayistri
719 1304 915 1343 lobannis
960 1305 1214 1355 Grieninyer.
1275 1305 1392 1343 Anno
1431 1307 1730 1344 incarnationis
1769 1306 1928 1344 christi.

261 1372 484 1411 millesimo
531 1373 842 1425 quinyentesimo
891 1374 1066 1411 seeundo
1117 1377 1257 1426 quinta
1304 1374 1507 1413 kalendas
1554 1373 1800 1427 septembres
1850 1374 1928 1412 die.

259 1439 394 1478 Insunt
432 1441 596 1477 carmina
637 1440 780 1478 minora
822 1444 860 1479 et
909 1440 1105 1490 Opusrula
1149 1442 1302 1490 eadem,
1351 1454 1447 1494 quae
1480 1443 1514 1480 in
1548 1441 1700 1480 Veneta
1732 1442 1858 1481 Rubei
1891 1444 1930 1481 et

259 1509 448 1557 caeteris,
481 1509 548 1546 sed
582 1521 653 1546 non
687 1509 818 1546 eodem
861 1511 983 1547 omnia
1015 1511 1160 1548 ordine.
1237 1510 1296 1548 De
1342 1511 1528 1562 Priapeiis
1561 1511 1634 1549 duo
1667 1513 1808 1549 tantum
1842 1522 1929 1548 car-

260 1577 355 1614 mina
389 1577 537 1623 insunt,
572 1578 745 1626 primum,
779 1580 816 1615 et
848 1578 1074 1615 secundum:
1109 1592 1181 1630 quo
1214 1592 1322 1631 quum
1354 1580 1628 1630 pervenissent
1660 1579 1928 1629 impressores‚

260 1644 420 1682 inhibuit
453 1657 520 1681 eos
553 1644 807 1682 Sebastianus
842 1646 988 1683 Brant:
1031 1648 1265 1699 inseruitque
1312 1648 1652 1698 expurgationem,
1694 1660 1766 1685 cur
1807 1649 1928 1698 pria-

257 1715 394 1765 peium
426 1715 620 1765 priesenli
651 1716 764 1765 operi
794 1727 869 1752 non
902 1716 1131 1754 inseruerit.
1203 1716 1286 1769 Qua
1327 1718 1362 1754 in
1411 1717 1696 1765 expurgatione
1745 1715 1816 1753 lloc
1847 1727 1928 1753 me-

261 1782 379 1818 moria
411 1782 588 1832 dignum,
621 1782 718 1832 quod
752 1782 960 1832 Epistulam
995 1783 1175 1833 Episcopi
1210 1784 1428 1822 Aleriensis
1458 1788 1547 1822 ante
1579 1783 1712 1822 oculos
1745 1782 1928 1821 babuisse

261 1849 427 1887 videtur.
481 1849 618 1887 scribit
657 1850 788 1887 enim:
831 1850 988 1889 Posset
1032 1852 1187 1904 quidem
1234 1854 1373 1904 forte:
1422 1854 1461 1891 si
1506 1860 1658 1891 tantum
1698 1853 1927 1891 honestatis

261 1925 451 1970 quantum
482 1918 707 1957 latinitatis
739 1919 931 1958 liaberet:
966 1922 1071 1958 inter
1100 1921 1212 1959 baud
1244 1922 1408 1959 abiectae
1440 1921 1643 1971 eleqantie
1694 1921 1929 1972 fraymenta

259 1987 367 2040 quod
398 1987 573 2025 diximus
606 1988 840 2038 opusculum
875 1990 1088 2040 reputari:
1123 1993 1196 2026 etc.
1274 1988 1364 2039 Ipse
1396 1988 1564 2038 Catulli,
1596 1990 1827 2042 turpissimi
1857 2002 1927 2027 ne-

259 2053 446 2103 bulonis.
479 2068 574 2105 opus
608 2068 698 2093 esse
732 2057 904 2094 coniicit.
978 2056 1093 2095 Liber
1126 2057 1380 2096 invenustus:
1415 2070 1494 2095 nam
1528 2058 1672 2106 figuras
1703 2058 1822 2106 istas,
1855 2069 1928 2108 quo

258 2124 442 2174 tamquam
476 2136 576 2162 novo
618 2125 774 2162 invento
810 2123 1056 2163 vehementer
1087 2125 1277 2174 gloriatur
1317 2126 1573 2165 Sebastianus
1602 2126 1757 2174 Brant,
1802 2125 1928 2173 magis

258 2190 305 2228 ad
338 2191 637 2230 dedecorandum
683 2205 789 2243 quam
832 2193 877 2230 ad
920 2194 1123 2231 ornandum
1166 2194 1298 2232 librum
1343 2196 1465 2232 saetas
1505 2206 1595 2233 esse
1640 2196 1746 2233 recte
1787 2193 1930 2231 iudicat

259 2259 465 2308 Heynius:
509 2258 626 2298 habet
657 2272 725 2297 sua
758 2261 868 2309 vitia,
902 2273 997 2312 quae
1030 2265 1149 2300 tamen
1183 2266 1404 2312 compensat
1450 2261 1754 2301 correctionibus
1785 2261 1929 2312 aliquot

260 2339 332 2365 non
366 2328 670 2376 contemnemlis‚
719 2328 806 2364 sive
848 2340 915 2365 eas
961 2329 1216 2367 Sebastianus
1250 2331 1368 2368 Erant
1410 2342 1459 2368 ex
1500 2331 1657 2379 ingenio
1699 2329 1925 2380 protulerit,

259 2396 346 2435 sive
378 2408 428 2435 ex
461 2395 533 2434 alia
564 2396 693 2446 priore
727 2396 894 2435 editione
934 2399 1198 2447 assumpserit.
1259 2398 1330 2437 Est
1362 2399 1471 2437 etiam
1500 2399 1608 2450 furti
1639 2411 1679 2437 v.
1718 2400 1810 2436 166.

346 2534 676 2572 Ascensiana
698 2533 759 2571 ΙΙ.
793 2534 819 2571 f.
881 2533 1020 2583 Incipit
1041 2546 1050 2570 ε
1080 2532 1217 2585 Opera
1238 2533 1481 2585 Uergsiliana
1504 2535 1619 2574 docte
1638 2542 1677 2574 ec
1698 2534 1926 2586 familiari-

258 2607 321 2639 ter
351 2604 573 2653 exposita:
622 2602 752 2640 Docte
786 2602 941 2654 quidem
972 2602 1172 2641 Bucolica
1205 2605 1238 2640 ὣ
1269 2603 1475 2653 Gom-qim
1513 2603 1553 2641 A
1583 2603 1729 2642 Seruio
1761 2604 1926 2642 Donato

261 2672 293 2708 ἃ
325 2669 607 2708 Mancinello:
641 2683 725 2708 cum
757 2671 1088 2709 adnotationibus
1114 2671 1416 2710 Beroaldinis:
1450 2672 1602 2710 Aeneis
1634 2683 1731 2710 vero
1763 2671 1814 2708 ab
1846 2672 1924 2709 iis-

261 2737 347 2776 clem
375 2744 521 2790 proeter
552 2736 851 2776 Maneinellelz
896 2742 926 2776 ἀ
973 2739 1023 2777 ab
1062 2740 1294 2789 Auysuslino
1335 2739 1476 2777 Datlio
1509 2741 1549 2777 in
1581 2741 1669 2778 eius
1699 2740 1923 2791 principio:

263 2804 533 2857 Opusculolu
580 2813 779 2858 praeterea
822 2805 965 2860 (suedd
1007 2808 1056 2846 ab
1094 2808 1306 2846 Dominio-o
1349 2808 1598 2846 Calclerino:
1648 2807 1926 2846 Familiariter

260 2886 356 2912 vero
389 2876 521 2912 omnia
550 2880 630 2912 tam
670 2887 794 2927 opera
827 2873 860 2928 (s
892 2875 1093 2926 opuscula
1125 2875 1176 2913 ab
1209 2875 1359 2914 Iocloeo
1391 2875 1529 2914 Badio
1560 2876 1778 2914 Ascensio.
1842 2875 1924 2914 Bu-

264 2941 382 2978 colica
413 2944 451 2979 et
483 2941 676 2993 Georgica
710 2942 849 2980 Badius
894 2942 940 2981 D.
976 2942 1158 2981 Anselmo
1191 2944 1238 2981 de
1283 2944 1464 2981 ssrieuerc
1506 2943 1701 2992 inscripsit
1733 2942 1920 2991 epistola,

264 3009 368 3045 euius
400 3008 495 3048 haee
527 3011 759 3061 subscriptio
796 3014 883 3050 est:
925 3011 993 3049 Ea·
1020 3011 1192 3062 officina
1222 3018 1365 3050 nostra
1397 3011 1629 3050 Litteraria
1649 3013 1700 3049 in
1735 3010 1922 3063 Parthy-
