2006 3365
217 133 319 177 198
775 123 1305 166 ANIMADVERSIONES

217 257 299 284 num
331 244 518 292 maritum,
551 244 589 281 et
619 244 771 293 praeter
795 242 956 281 Martem
986 239 1180 286 habuerit,
1215 239 1461 292 quaerendum
1493 253 1602 289 esse,
1637 244 1674 280 et
1700 240 1856 292 capien-

217 314 301 352 dum
331 325 419 352 esse
449 312 568 350 locum
600 311 647 350 de
677 312 880 360 Anchise,
913 312 976 349 aut
1006 310 1215 358 Adonide,
1247 309 1357 349 vidit.
1417 311 1604 360 Egregie.
1637 309 1764 347 Minus
1796 310 1855 347 fe-

216 382 270 420 lix
302 383 337 419 in
369 380 597 419 emendando
628 380 697 419 fuit
729 379 923 417 Heinsius.
984 378 1078 416 Nam
1111 379 1384 427 coniecturam,
1424 383 1575 430 praeter
1606 379 1718 426 illud,
1757 378 1855 430 quod

217 451 290 490 alio
323 454 490 500 tempore
522 450 759 495 coniecerat,
792 448 938 487 laetum
967 459 1036 497 pro
1068 461 1234 496 mecum,
1267 448 1359 486 fecit
1388 446 1512 486 hanc:
1544 449 1599 487 Et
1621 448 1715 486 Dea
1747 460 1855 495 cum,

215 519 280 558 vel
311 519 365 558 Et
391 519 486 557 Dea
518 518 620 557 clam
649 524 787 557 tenera
819 519 972 569 {favisti
1003 523 1065 556 est
1097 515 1233 555 ludere
1263 518 1303 554 in
1332 515 1480 565 herba,
1516 517 1749 568 Purpureos
1780 515 1855 567 slo—

216 602 281 626 res
321 589 503 642 quotiens
545 600 669 640 super
707 586 982 634 accumbebat,
1033 585 1289 637 Candidas.
1322 599 1357 624 s.
1391 585 1556 625 brachia
1589 585 1705 623 collo.
1776 584 1855 623 Sed

214 656 310 694 idem
352 656 424 695 alio
465 655 550 695 loco
590 657 866 706 adscripscrat,
907 655 1046 692 deesse
1087 656 1213 692 forsan
1254 653 1449 703 nonnulla,
1493 655 1578 706 quia
1618 654 1664 691 de
1706 652 1858 692 Venere

216 737 354 764 sermo.
415 724 666 764 Wernsdorfii
705 724 815 763 laudo
856 726 997 762 rectum
1039 722 1230 772 iudicium,
1271 723 1332 774 qui
1363 727 1426 761 aut
1458 722 1565 761 Deae
1596 723 1762 771 nomine,
1794 725 1857 761 aut

214 794 413 841 amatoris,
457 806 553 844 opus
585 806 694 842 esse,
738 805 783 831 ne
815 793 1001 831 obscurus
1033 792 1096 830 fiat
1127 791 1253 838 locus,
1296 791 1550 830 intellexerat.
1610 791 1659 829 Et
1699 791 1746 829 ab
1786 789 1857 829 hac

220 866 329 913 parte
360 862 560 901 laudabilis
592 865 652 901 est
683 863 899 901 coniectura
931 863 1039 899 eius:
1102 862 1156 900 Et
1196 862 1272 900 dea
1312 874 1395 899 eum
1436 867 1568 899 tenero
1605 862 1757 912 quvisa
1794 864 1859 898 est

214 932 354 972 ludere
383 931 541 980 Adoni,
581 931 667 970 vel:
723 932 778 970 Ec
820 932 896 970 dea
928 944 1011 970 eum
1044 930 1221 982 Cinyrae
1250 933 1403 982 ylczn‘sa
1434 937 1498 969 est
1529 929 1665 968 ludere
1695 928 1855 980 ephebo.

214 1002 361 1055 Quanto
402 1000 638 1049 elegantior,
679 1004 716 1039 et
753 1000 881 1038 verior
919 999 1015 1037 haud
1057 1000 1189 1049 dubie,
1231 1007 1360 1039 nostra
1398 999 1633 1037 emendatio:
1676 1000 1855 1051 quicum,

213 1074 253 1109 ut
291 1082 420 1108 nomen
459 1070 635 1108 amatoris
674 1067 833 1107 reticeat
872 1071 998 1119 poeta.
1075 1068 1181 1106 Deae
1223 1080 1316 1106 vero
1362 1080 1492 1105 nomen
1532 1067 1699 1119 sequitur
1739 1078 1856 1105 versu

214 1142 279 1178 68.
355 1138 542 1189 Repperit
591 1137 662 1176 hoc
708 1139 816 1176 etiam
857 1136 991 1175 doetus
1028 1137 1199 1186 iuvenis,
1241 1134 1284 1175 C.
1323 1135 1549 1183 Putschius,
1591 1136 1652 1187 qui
1695 1148 1858 1189 quocum

213 1208 341 1246 edidit.
402 1206 497 1245 Mihi
530 1209 686 1261 quicum
718 1206 913 1256 placebat,
947 1205 1043 1257 quod
1076 1217 1170 1244 sono
1203 1205 1248 1243 ad
1282 1205 1473 1253 vulgatam
1498 1218 1640 1243 meeum
1666 1204 1857 1256 aliquanto

211 1277 368 1327 propius
409 1277 574 1324 accedit,
624 1279 662 1315 et
711 1275 859 1314 facilius
907 1275 1091 1324 corrumpi
1136 1275 1270 1325 potuit.
1350 1272 1605 1313 Cont'ormatio
1653 1273 1857 1323 orationis,

212 1346 269 1386 Ec
301 1349 475 1400 quicum,
517 1345 644 1383 eadem
686 1357 780 1396 quae
817 1356 932 1395 supra
964 1343 1044 1382 Ecl.
1079 1346 1145 1382 4⁴.
1178 1344 1234 1382 Ec
1267 1356 1370 1398 quae
1396 1355 1542 1396 pompa
1573 1342 1696 1381 deum.
1759 1342 1857 1381 Puto

212 1417 333 1453 autem
367 1413 538 1453 consulto
570 1415 705 1452 sactum
737 1426 826 1452 esse
857 1426 879 1452 a
911 1413 1079 1462 Catone,
1113 1412 1208 1464 quod
1241 1424 1372 1450 nomen
1411 1412 1592 1450 reticetur
1629 1410 1857 1449 adolescen-

214 1483 293 1522 tuli.
372 1483 502 1533 Saepe
540 1485 678 1533 poetae
716 1481 852 1534 aliquid
894 1481 1132 1520 divinandum
1173 1480 1398 1532 relinquunt.
1479 1479 1546 1518 Sic
1586 1492 1744 1529 magnus
1784 1478 1856 1517 ha-

212 1565 288 1591 rum
320 1564 439 1590 rerum
465 1552 626 1600 artifex,
657 1550 910 1600 TheocrItus‚
943 1552 973 1589 1.
1006 1553 1096 1588 105.
1130 1550 1277 1588 nomine
1308 1545 1521 1597 βωκόὶως,
1556 1548 1721 1600 Idaeque
1751 1559 1855 1586 men-

213 1621 338 1670 tione,
380 1620 655 1660 circumscribit
694 1621 903 1659 Anchisae
950 1631 1103 1667 nomen,
1149 1620 1221 1658 etsi
1259 1619 1385 1657 statim
1431 1631 1469 1655 v.
1513 1621 1604 1656 106.
1642 1617 1744 1656 addit
1783 1629 1856 1655 no-

214 1703 319 1729 men:
361 1689 429 1728 scd
469 1692 618 1740 poterat
656 1688 745 1727 illud
787 1689 972 1727 omittere.
1032 1688 1082 1727 Et
1120 1687 1213 1726 ibid.
1249 1690 1341 1725 109.
1383 1686 1622 1724 divinandum
1660 1685 1855 1738 relinquit,

216 1759 303 1812 quid
342 1771 421 1797 cum
463 1754 603 1809 ὡραίῳ
643 1757 822 1796 Adonide
855 1757 985 1796 Venus
1025 1758 1170 1796 feccrit.
1230 1757 1279 1795 Et
1315 1767 1445 1793 rursus
1483 1754 1573 1793 XX.
1607 1757 1674 1793 34.
1714 1758 1753 1793 5.
1784 1755 1856 1793 de-

216 1829 352 1866 scribit
383 1826 581 1866 Anchisen
614 1827 754 1864 omisso
786 1827 946 1864 nomine.
1009 1826 1122 1876 Apud
1151 1825 1332 1865 Catonem
1365 1824 1410 1861 dc
1442 1823 1620 1862 Adonide
1651 1836 1857 1862 sermonem

216 1909 326 1944 esse,
367 1897 463 1949 quod
505 1899 542 1935 et
573 1896 693 1946 ipsum
724 1894 933 1935 Putschius
965 1895 1084 1943 vidit,
1124 1906 1195 1932 non
1229 1894 1275 1932 de
1306 1892 1498 1940 Anchise,
1537 1893 1608 1930 tria
1644 1895 1730 1931 sunt
1762 1904 1858 1945 quae

216 1967 485 2005 demonstrant.
555 1966 737 2014 Primum,
778 1965 874 2016 quod
913 1965 1128 2016 formosum
1166 1964 1308 2002 collum
1346 1975 1384 1999 v.
1426 1965 1492 1999 68.
1532 1961 1640 1999 unice
1681 1961 1858 2000 convenit

215 2035 408 2075 Adonidi:
443 2033 636 2074 Anchisen
663 2034 814 2072 deceret
844 2032 1072 2081 robustum,
1107 2036 1144 2070 ut
1177 2036 1237 2070 est
1268 2030 1365 2082 apud
1392 2028 1576 2069 Catullum
1608 2028 1693 2068 loeo
1724 2029 1856 2075 simili,

217 2104 347 2144 Levia
373 2103 634 2143 substernens
666 2103 830 2142 robusto
862 2103 1028 2140 brachia
1054 2102 1180 2149 eollo,
1214 2101 1260 2138 de
1294 2099 1390 2138 collo
1422 2098 1543 2137 Pelei.
1597 2098 1746 2137 Deinde
1770 2099 1857 2138 Ve-

216 2174 317 2212 neris
348 2174 385 2211 in
414 2173 565 2211 Adonin
597 2185 699 2210 amor
729 2174 801 2210 tum
833 2171 946 2209 multo
980 2172 1100 2220 magis
1133 2169 1376 2217 divulgatus,
1408 2168 1610 2219 poetisque
1643 2166 1858 2206 celebratus

218 2242 412 2290 omnibus,
444 2244 518 2281 tum
549 2254 618 2280 sua
648 2240 898 2279 memorabilis
930 2241 1172 2279 diuturnItate
1200 2241 1280 2286 est,
1304 2250 1409 2288 quum
1434 2235 1649 2284 Anchisen‚
1686 2238 1788 2274 certe
1819 2237 1859 2275 ut

218 2310 389 2363 plerique
420 2322 496 2348 rem
525 2313 698 2359 narrant,
730 2310 836 2361 quasi
868 2310 992 2349 obiter
1016 2309 1169 2355 Venus,
1202 2318 1356 2358 eumque
1381 2306 1416 2343 in
1449 2305 1554 2343 linem
1582 2306 1722 2343 tantum
1754 2316 1857 2342 ama-

220 2380 340 2430 verit,
380 2382 419 2418 ut
449 2380 711 2430 conciperetur
741 2379 910 2417 Aeneas.
971 2378 1069 2417 Hinc
1100 2375 1295 2415 Anchisae
1332 2385 1478 2412 amores
1509 2375 1589 2411 fere
1618 2374 1665 2412 ab
1697 2375 1743 2412 iis
1774 2376 1856 2412 tan·

220 2451 295 2488 tum
327 2451 676 2496 connuemurantur,
709 2448 769 2499 qui
802 2448 942 2486 diserte
972 2448 1185 2484 enumerant
1216 2446 1402 2482 amatores
1434 2444 1619 2492 Veneris,
1651 2444 1691 2481 ut
1721 2441 1855 2481 Theo-

221 2519 303 2557 crit.
344 2517 374 2556 Ι.
411 2520 502 2555 105.
545 2521 582 2555 6.
616 2517 731 2555 Ovid.
765 2516 852 2555 Art.
892 2528 962 2553 am.
995 2514 1068 2553 Ill.
1110 2516 1174 2552 85.
1209 2517 1245 2551 6.
1280 2511 1399 2550 Anth.
1440 2510 1505 2550 Gr.
1547 2512 1680 2561 Epigr.
1721 2511 1854 2548 incert.

221 2602 398 2625 cchvn.
439 2586 538 2636 alii3
578 2588 641 2625 aut
681 2586 742 2637 qui
774 2585 944 2624 Aeneam
976 2584 1242 2633 Romanosque
1274 2582 1308 2620 in
1341 2585 1460 2620 mente
1491 2579 1644 2619 habent.
1704 2578 1745 2617 ln
1778 2580 1857 2617 tota

221 2655 464 2705 Anthologia
494 2654 626 2693 Latina
657 2653 869 2702 Anchises,
902 2653 935 2691 si
966 2654 1069 2690 recte
1101 2651 1266 2698 memini,
1298 2663 1497 2702 nusquam,
1531 2648 1678 2687 Adonis
1710 2647 1854 2696 reperi-

222 2730 281 2765 tur
321 2725 534 2777 quinquies,
565 2722 628 2761 vel
660 2723 809 2770 sexies3
842 2721 940 2772 apud
971 2720 1164 2768 Nonnum,
1207 2720 1310 2756 cuius
1349 2720 1384 2756 in
1425 2717 1668 2757 recensendis
1705 2716 1855 2753 deorum

223 2796 446 2846 dearumque
483 2793 671 2830 amoribus
703 2789 929 2828 insatiabilis
961 2788 1129 2837 luxuria,
1169 2788 1318 2826 Adonis
1350 2788 1487 2839 ubique
1518 2790 1601 2833 est,
1639 2783 1855 2835 plerumque

221 2864 436 2914 Assyrius,
478 2873 691 2914 quamquam
727 2857 834 2898 etiam
866 2859 902 2896 in
935 2855 1066 2908 Cypro
1098 2857 1249 2895 Adonin
1287 2858 1466 2906 agnoscit
1494 2853 1607 2894 Xlll.
1641 2856 1735 2891 460.
1767 2851 1855 2890 An-

223 2931 348 2970 cffises
379 2930 495 2970 semel
534 2930 778 2978 memoratur,
809 2927 900 2967 XV.
934 2931 1028 2965 210.
1089 2925 1149 2965 De
1179 2926 1376 2977 Adonide,
1417 2927 1456 2965 ut
1490 2920 1689 2962 nonnullos
1722 2922 1855 2972 profe-

222 3013 319 3043 ram,
350 2999 507 3041 Plautus
537 2997 774 3038 Menaechm.
805 2995 837 3036 1.
872 3011 912 3035 11.
945 2998 1012 3035 35.
