2006 3365
477 135 531 175 IN
564 135 782 177 VALERII
814 135 1052 176 CATONIS
1084 134 1263 175 DIRAS.
1630 134 1696 178 423

54 255 135 290 tav.
165 249 337 298 August.
369 249 491 288 Paris,
521 250 590 289 III.
623 250 746 300 Angl.
771 251 817 289 dc
848 264 921 303 quo
953 252 1047 289 vitio
1074 250 1227 290 Cortius
1251 250 1287 288 in
1310 248 1465 288 Sallust.
1487 247 1572 288 Cat.
1592 248 1696 296 LIII,

55 323 94 358 5.
127 319 217 357 Var.
258 317 345 357 lect.
378 318 412 356 in
445 318 559 368 Virg.
600 319 701 358 Aen.
734 319 783 358 V.
816 323 910 358 396.
958 318 1184 357 Wakefield,
1227 319 1262 357 in
1294 319 1453 357 Lucret.
1487 317 1537 355 II.
1572 320 1694 355 1149.

54 388 252 440 Effoetas
283 385 367 424 olim
399 388 479 425 i'ere
509 399 662 434 omnes,
704 386 866 426 Aldinae
898 397 1066 438 quoqucg
1106 391 1143 426 et
1175 399 1263 425 casu
1295 387 1417 435 magis
1448 398 1553 437 quam
1586 385 1694 424 indu-

53 456 145 493 stria
176 457 310 493 factum
341 457 452 505 puto,
494 455 591 507 quod
631 456 802 507 Efferus
842 457 902 492 est
941 455 975 491 in
1007 454 1115 493 Rom.
1148 454 1197 493 ll.
1240 455 1334 494 Ven.
1369 453 1469 494 Aeli.
1511 455 1694 494 liae-enas

54 523 153 562 Ven.
184 523 327 562 Achat.
441 525 630 576 prodatis
662 523 724 561 vel
756 536 858 562 nunc
889 522 994 561 decis
1027 523 1124 561 coni.
1154 523 1351 561 Heinsius.

138 661 189 700 V.
228 663 290 699 16.
348 665 552 699 PALLmA
579 663 890 698 FLAVESGANT
916 663 1068 697 AESTU
1095 664 1335 697 SITIENTIA
1365 665 1534 699 PRATA.
1592 660 1695 699 Nota

54 729 264 767 ubertatem
297 727 358 767 vel
390 728 650 767 abundantiam
689 727 879 765 dictionis.
940 726 1040 765 Idem
1083 729 1143 765 est
1176 728 1338 780 pallida
1379 731 1416 766 et
1452 729 1694 779 flavescant.

55 797 229 837 Pallida
268 797 495 848 flavescant
535 796 673 834 usitata
711 795 745 832 in
784 795 878 833 omni
920 794 1028 846 poesi
1073 795 1206 845 figura.
1266 796 1411 847 Nempe
1447 797 1584 849 pallor
1622 800 1694 836 tum

54 865 154 904 cadit
193 866 227 904 in
267 869 395 916 prata,
437 877 543 916 quum
583 862 765 912 languent
804 867 916 914 atque
953 866 1072 902 arent.
1140 864 1284 917 Quodsi
1324 866 1563 915 reperiuntur
1600 865 1695 914 loci,

54 934 192 986 quibus
220 934 378 986 pallere
407 933 597 981 dicuntur,
639 944 734 983 quae
769 932 901 969 viridia
932 936 1039 980 suut,
1081 932 1184 971 color
1223 932 1492 982 intelligendus
1532 937 1593 973 est
1623 946 1695 972 non

54 1002 176 1040 laetus
207 1001 292 1050 ille,
334 1001 452 1053 qualis
484 1013 572 1038 csse
603 1005 791 1051 pratorum
823 1000 944 1047 solet,
985 1001 1051 1040 sed
1085 1002 1285 1040 obscurior
1316 1005 1353 1040 et
1386 1001 1613 1052 languidus:
1657 1007 1696 1043 ut

55 1070 199 1110 Culicis
232 1082 348 1108 versu
384 1071 475 1108 142.
537 1069 793 1123 Pinyuntqae
822 1069 1008 1109 aureolos
1052 1069 1160 1108 viridi
1202 1069 1348 1120 pallore
1387 1070 1616 1123 corymbos,
1650 1072 1696 1111 de

53 1138 155 1178 soliis
186 1137 375 1185 hederae,
408 1150 503 1190 quae
530 1139 709 1192 pallent,
755 1151 862 1190 quum
894 1141 1135 1178 conteruntur
1166 1151 1244 1177 cum
1277 1139 1454 1179 aureolis
1487 1140 1694 1191 corymbis.

53 1208 201 1247 Rursus
232 1221 368 1246 aarum
399 1207 542 1257 ipsum,
585 1206 682 1259 quod
714 1208 868 1245 omnium
901 1208 1044 1246 minime
1075 1209 1389 1258 exspectaveris,
1429 1209 1583 1261 pallet,
1626 1209 1694 1247 sed

53 1275 226 1314 collatum
258 1287 337 1314 cum
369 1288 460 1314 sano
493 1279 604 1327 atque
646 1276 805 1314 candido
838 1277 945 1314 facici
985 1275 1167 1314 humanae
1197 1275 1346 1315 colore:
1390 1275 1529 1317 Catull.
1562 1277 1692 1329 Epith.

53 1345 97 1383 P.
131 1346 170 1383 et
200 1344 275 1384 Th.
312 1348 403 1383 100.
434 1344 614 1383 LXXXI.
648 1347 686 1383 4.
747 1344 803 1383 At
833 1345 869 1382 in
902 1342 1033 1384 Culicc
1064 1348 1184 1384 tamen
1218 1359 1255 1384 v.
1290 1348 1356 1383 46.
1389 1348 1495 1385 tuear
1524 1347 1692 1386 auctori-

54 1415 131 1452 tate
163 1412 329 1452 codicum
361 1412 577 1462 vulgatum:

338 1480 476 1519 Lurida
507 1495 587 1535 qua
613 1482 779 1534 patulos
811 1481 1002 1521 velabant
1032 1485 1214 1533 yramina
1241 1482 1379 1522 colles.

140 1549 208 1590 Sic
238 1561 389 1588 versum
429 1551 538 1589 etiam
568 1549 822 1599 Augustanus
853 1551 1031 1600 scriptum
1063 1549 1199 1599 habet,
1231 1554 1269 1590 ct
1298 1551 1512 1590 Vossianus
1541 1551 1694 1590 membr.

56 1622 122 1658 81.
155 1618 227 1656 nisi
259 1618 357 1670 quod
388 1619 424 1656 in
456 1617 529 1657 hoc
558 1621 738 1670 qrarnina
759 1618 895 1670 flores.
937 1618 1118 1658 Luridas
1141 1618 1394 1668 petavianus,
1418 1619 1587 1672 idemque
1616 1632 1695 1659 curn

53 1686 236 1727 Thuaueo
266 1687 480 1737 velabunt,
519 1690 684 1726 testante
715 1687 858 1726 Vossio
889 1688 924 1726 in
955 1700 1075 1737 marg.
1109 1688 1198 1727 edit.
1232 1688 1381 1738 Scalig.
1418 1692 1538 1728 1573.
1598 1689 1694 1728 For-

56 1760 161 1795 tasse
192 1768 298 1808 quam
330 1757 612 1795 accuratissime
642 1756 742 1809 loqui
773 1756 834 1795 hic
864 1760 978 1807 poeta
1007 1757 1141 1796 voluit.
1188 1756 1289 1796 Sane
1309 1758 1345 1795 in
1368 1764 1493 1797 monte
1514 1758 1695 1808 excelse,

55 1828 92 1864 et
122 1825 156 1863 in
189 1828 347 1865 summis
380 1827 511 1877 iuqis,
552 1837 703 1877 quorum
734 1826 906 1876 proxime
936 1826 1130 1877 praecedit
1166 1827 1328 1876 mentio,
1366 1838 1438 1866 non
1469 1826 1594 1866 solent
1622 1827 1695 1866 ad-

54 1893 196 1932 modum
227 1893 327 1933 laete
357 1894 553 1933 virescere
584 1895 768 1943 gramina.

138 1963 212 2001 His
242 1961 400 2003 Catonis
431 1967 469 2002 et
500 1963 746 2015 sequentibus
777 1962 928 2010 similia,
961 1976 1055 2016 quae
1087 1962 1314 2004 Claudianus
1344 1964 1394 2003 R.
1426 1964 1471 2004 P.
1499 1963 1568 2003 111.
1598 1968 1693 2004 238.

56 2030 140 2081 uhi,
172 2029 313 2071 Cerere
342 2034 541 2081 narrante,
572 2030 744 2070 Plutonis
775 2031 937 2070 adventu

848 2100 957 2139 laror
985 2109 1193 2152 permanat
1225 2104 1264 2141 in
1295 2102 1454 2142 herbas.

335 2168 540 2220 Deficiunt
570 2170 663 2207 rici.
696 2169 883 2222 squalent
914 2169 1092 2221 rabiqine
1120 2178 1266 2223 prata,

336 2237 390 2276 Et
420 2238 518 2276 nihil
549 2238 743 2289 afflatum
774 2239 889 2276 vicit.
919 2239 1077 2290 pallere
1107 2239 1303 2291 ligustra,
1336 2244 1408 2278 etc.

55 2303 254 2345 Contraria
283 2304 361 2357 liis,
393 2310 431 2346 et
455 2306 635 2357 strophae
660 2305 815 2346 Catonis
837 2308 1099 2357 praecedenti,
1131 2312 1265 2359 pocta,
1298 2310 1469 2361 quisquis
1495 2311 1579 2359 est,
1609 2308 1691 2348 ele-

53 2374 319 2423 gantissimus,
363 2376 458 2426 apud
499 2373 722 2414 Ciceronem
753 2375 872 2414 Tusc.
905 2376 935 2414 1.
977 2392 1124 2415 xxvm.
1165 2377 1211 2416 de
1250 2378 1357 2418 Orat.
1400 2378 1469 2416 III.
1513 2393 1691 2417 xxxvm.

52 2442 152 2483 Non.
183 2442 305 2481 Marc.
335 2456 373 2493 p.
408 2447 504 2493 122,
540 2447 604 2483 17.

337 2511 497 2551 Caelum
526 2516 743 2563 nitescere,
777 2513 943 2554 arbores
973 2515 1256 2566 frondescere,

345 2579 455 2619 Vites
487 2581 689 2634 laetificae
716 2585 919 2635 pampinis
949 2584 1191 2635 pubescere,

338 2647 457 2688 Rami
487 2648 672 2690 bacarum
702 2651 882 2691 ubertate
913 2654 1207 2701 incurviscere,

337 2718 502 2768 Seyetes
534 2718 678 2769 larqiri
705 2721 874 2772 frnyes,
907 2721 1048 2772 llorere
1079 2724 1228 2770 omnia,

342 2785 491 2824 Fontes
523 2795 703 2838 scatere,
735 2789 868 2829 herbis
897 2798 1020 2843 prata
1052 2793 1324 2830 convestirier.

54 2854 186 2894 Parum
217 2854 343 2906 placet
374 2857 487 2894 totum
520 2854 748 2896 delitescens
779 2858 817 2896 in
848 2858 946 2898 thesi
978 2866 1150 2899 scatere.
1192 2859 1372 2899 Fortasse
1402 2859 1629 2909 scripserat:

337 2923 483 2963 Fontes
517 2931 694 2976 scatere,
722 2933 848 2978 prata
878 2930 1139 2968 convestirier

337 2992 501 3033 Herbis.
