2006 3365
217 118 252 164 8
786 112 1008 155 VALERII
1039 110 1278 153 CATONIS

221 220 285 268 Et
320 221 454 268 vobis
491 236 614 267 nunc
650 225 745 275 est,
782 233 884 263 mea
922 232 1041 278 quae
1076 215 1164 261 fuit
1201 222 1329 271 ante,
1366 217 1597 279 voluptas.

221 329 288 370 At
323 325 444 370 male
479 323 723 369 tabescunt
758 320 1001 365 morientia
1036 318 1243 365 membra
1278 318 1458 376 dolore,

223 426 286 473 Et
322 426 447 472 calor
481 424 634 469 infuso
671 422 851 469 decedit
886 423 1061 484 frigore
1097 423 1281 477 mortis,

222 529 357 587 Quod
392 544 495 573 mea
530 542 623 572 non
658 542 838 572 mecum
875 525 1058 571 domina
1095 532 1180 570 est.
1242 523 1351 570 Non
1387 523 1484 569 ulla
1519 524 1676 585 puella

219 631 410 678 Doctior
445 632 492 676 in
527 631 664 676 terris
700 630 814 685 fuit,
852 635 930 674 aut
966 629 1231 684 formosio1·;
1269 643 1322 673 ac
1358 628 1398 672 si

219 734 398 781 Fabula
434 749 525 779 non
562 749 686 779 vana
723 739 816 788 est,
854 738 985 777 tauro
1023 732 1138 777 Iove
1177 731 1338 791 digna,
1376 729 1455 776 vel
1494 745 1627 774 auro:

219 839 429 900 Iuppiter
464 845 651 884 avertas
691 851 872 882 aurem:
909 850 1012 880 mea
1047 834 1147 879 sola
1182 834 1339 895 puella
1376 839 1459 878 est.

220 941 360 988 Felix
396 947 553 997 taure,
590 946 722 1002 pater
758 940 915 1000 magni
953 939 1140 1000 gregis,
1178 943 1224 983 et
1261 937 1423 982 decus:
1461 952 1487 981 a
1523 943 1568 982 te

219 1044 430 1092 Vaccula
465 1059 557 1089 non
593 1057 796 1105 unquam
833 1048 1014 1087 secreta
1052 1040 1224 1087 cubilia
1260 1046 1475 1101 captans,

220 1147 414 1193 Frustra
448 1154 495 1192 te
530 1148 703 1208 patitur
739 1145 873 1191 silvis
910 1145 1091 1204 mugire
1127 1142 1347 1188 dolorem.

220 1251 283 1296 Et
318 1257 450 1312 pater
485 1248 736 1294 haedorum
772 1247 915 1303 felix,
953 1261 1228 1307 semperque
1267 1245 1425 1290 beate:

221 1353 338 1400 Sive
374 1354 494 1415 petis
531 1358 710 1397 montes
746 1356 1046 1412 praeruptos,
1084 1363 1202 1394 saxa
1238 1363 1508 1409 pererrans,

222 1457 339 1503 Sive
374 1456 457 1502 tibi
494 1456 628 1502 silvis
663 1470 788 1501 nova
821 1452 993 1516 pabula
1030 1451 1261 1507 fastidire,

224 1560 341 1607 Sive
376 1559 491 1605 libet
527 1559 722 1619 campis,
758 1563 911 1603 tecum
948 1563 1028 1602 tua
1063 1555 1188 1601 laeta
1223 1553 1404 1615 capella
1440 1560 1524 1599 est.

224 1663 286 1710 Et
321 1678 419 1708 mas
457 1664 736 1724 quicumque
773 1666 866 1716 est,
904 1660 973 1705 illi
1009 1675 1093 1704 sua
1129 1658 1300 1703 femIna
1336 1659 1493 1702 iuncta

223 1766 550 1829 Interpellatos
587 1780 823 1827 nunquam
858 1764 1063 1825 ploravit
1099 1777 1292 1808 amoreS.

226 1870 322 1918 Cur
357 1885 449 1915 non
486 1878 531 1915 et
567 1868 698 1913 nobis
734 1866 885 1912 facilis
922 1874 1088 1911 natura
1123 1861 1321 1910 fuisset?

227 1974 323 2021 Cur
359 1989 445 2035 ego
483 1972 717 2018 crudelem
753 1972 902 2033 patior
937 1978 1031 2015 tam
1069 1985 1207 2030 saepe
1245 1964 1480 2014 dolorem?

229 2076 396 2124 Sidera
431 2092 514 2138 per
549 2075 746 2121 viridem
784 2074 979 2119 redeunt
1016 2087 1153 2135 quom
1188 2070 1362 2133 pallida
1398 2069 1640 2125 mundum,

229 2181 377 2242 Inque
413 2181 563 2225 vicem
599 2178 787 2224 Phoebe
831 2192 1046 2228 currenS,
1084 2184 1223 2238 atque
1261 2189 1428 2219 aureus
1465 2173 1612 2227 orbis,

230 2285 364 2331 Luna
398 2290 505 2328 tuus
540 2289 692 2327 tecum
729 2288 821 2326 est:
859 2296 940 2325 cur
975 2295 1068 2326 non
1104 2285 1175 2325 est
1212 2285 1258 2324 et
1294 2293 1396 2323 mea
1432 2272 1643 2322 mecum?

232 2387 387 2441 Luna,
426 2386 555 2431 dolor
590 2386 713 2431 nosti
749 2384 860 2446 quid
895 2385 982 2430 sit:
1019 2384 1238 2429 miserere
1276 2381 1488 2427 dolentis.

234 2489 445 2544 Phoebe,
482 2504 644 2534 recens
680 2489 727 2532 in
763 2494 809 2533 te
846 2487 1005 2533 laurus
1041 2487 1298 2532 celebravit
1334 2499 1556 2541 amorem3

236 2593 299 2639 Et
335 2608 452 2655 quae
487 2607 654 2653 pompa
690 2591 848 2636 deum:
886 2606 992 2636 nam
1029 2590 1163 2636 silvis
1199 2589 1323 2634 fama
1358 2588 1550 2649 loquuta
1586 2593 1679 2643 est,

239 2697 404 2743 Omnia
439 2710 525 2741 vos
562 2695 695 2739 estis:
731 2710 887 2740 secum
923 2710 1008 2739 sua
1042 2692 1212 2755 gaudia
1247 2698 1423 2753 gestat,

240 2800 337 2846 Aut
373 2800 580 2860 insparsa
617 2797 746 2843 videt
780 2797 972 2853 mundo,
1007 2813 1125 2858 quae
1162 2795 1313 2841 dicere
1349 2795 1540 2856 longum
1576 2799 1659 2838 est.

241 2902 398 2948 Aurea
435 2903 544 2965 quin
582 2902 718 2946 etiam
754 2915 892 2962 quom
928 2899 1115 2946 saecula
1151 2898 1487 2953 volvebantur,

243 3005 451 3052 Conditio
489 3004 650 3050 similis
688 3004 838 3050 fuerat
873 3003 1144 3049 mortalibus
1180 3002 1287 3048 illis.

1757 328 1854 368 (125)

1790 629 1856 672 25

1761 842 1857 879 (130)

1793 1143 1861 1188 30

1764 1356 1861 1395 (135)

1795 1659 1862 1703 35

1761 1872 1863 1912 (140)

1798 2172 1865 2218 40

1764 2388 1863 2428 (145)

1799 2689 1864 2735 45

1762 2904 1863 2944 (150)
