2006 3365
271 109 372 154 188
826 105 1349 146 ANIMADVERSIONES

269 222 392 271 ranis,
424 219 597 271 Pithoei,
630 219 754 269 Lugd.
793 225 910 260 1592.
944 223 982 259 et
1012 220 1109 272 apud
1143 219 1422 269 Boxhornium,
1457 220 1684 271 Arnoldum,
1719 221 1902 261 Burman-

270 301 375 338 num,
415 289 732 340 Wernsdoffium,
772 290 1001 330 Putschium.
1066 289 1176 340 Apud
1217 291 1449 329 recentiores
1480 303 1567 329 rara
1607 292 1688 339 est,
1731 295 1904 342 quantum

271 356 440 409 equidem
471 358 635 406 memini,
671 373 719 398 ne
750 358 958 410 particulae
990 360 1078 397 ante
1109 362 1375 398 consonantem
1406 371 1591 410 apocope.
1657 359 1815 409 Virgilii
1851 359 1903 396 Ιυ-

271 437 350 463 cum
384 425 485 464 Aen.
527 425 595 464 ΙΙΙ.
630 431 724 468 319.
756 428 946 468 Hectoris
981 428 1257 467 Andromache
1294 429 1469 480 Pyrrhia
1500 428 1694 467 connubia
1725 425 1906 467 servas?

270 492 420 544 dignum
451 493 725 535 observatione
765 497 872 535 duxit
902 497 1084 548 scriptor,
1124 496 1185 548 qui
1219 508 1297 535 cum
1331 497 1541 537 Censorino
1573 497 1712 535 editur:
1757 496 1803 535 de
1833 509 1906 548 quo

270 563 392 600 monui
431 563 476 601 ad
509 562 721 604 Choerilum
752 579 790 617 p.
830 568 926 604 262.
988 564 1265 616 Apostrophon
1306 568 1445 604 vocant
1484 566 1571 612 alii,
1612 567 1651 603 ut
1689 565 1908 604 Priscianus

270 630 317 669 de
348 631 511 671 Accent.
548 635 666 673 1287.
700 637 747 674 cs.
773 635 887 684 Virg.
919 634 1020 673 Aen.
1051 634 1102 673 X.
1135 636 1228 672 66s.
1260 633 1351 673 Xll.
1379 637 1473 674 503.
1534 634 1710 683 Plautus,
1743 634 1805 686 qui
1835 632 1908 671 ali-

271 703 409 751 quanto
443 699 599 749 Catoni,
633 716 739 755 qnam
772 703 958 753 Virgilio,
992 704 1190 754 proprior,
1231 702 1378 742 multum
1409 715 1454 741 ea
1483 715 1655 754 apocope
1688 705 1827 752 utitur,
1871 705 1910 740 ut

270 769 307 806 in
338 782 458 821 eqon,
493 770 643 810 Curcul.
677 771 706 811 Ι.
742 788 783 810 11.
815 775 882 811 26.
915 773 950 811 in
986 784 1099 811 versu
1132 773 1294 811 cretico:

417 848 489 881 PH.
522 840 663 880 Salve.
701 850 773 883 LE.
807 855 905 892 eqon
937 841 1062 881 salva
1093 843 1189 888 sim,
1224 855 1328 896 qnae
1359 843 1432 881 siti
1462 843 1577 880 sicca
1609 837 1728 880 sum?

272 908 320 946 cf.
351 907 508 947 Terent.
539 909 709 960 Adelph.
743 909 792 948 ΙΙ.
825 910 856 948 Ι.
890 926 914 949 1.
948 913 1015 949 31.

353 976 413 1015 De
443 976 627 1017 Thuaneo
659 979 788 1017 dubito
820 981 938 1017 utrum
969 977 1022 1017 Is.
1054 977 1197 1018 Vossio
1230 979 1336 1018 iidem
1368 977 1545 1022 habeam,
1588 979 1648 1031 qui
1681 991 1731 1017 ex
1763 990 1809 1017 eo
1839 991 1912 1030 eqo

271 1046 493 1095 annotavit,
525 1058 572 1084 an
603 1046 796 1093 Lasseno,
831 1048 891 1098 qui
922 1060 1029 1098 erqo.
1089 1049 1243 1099 pudore
1272 1047 1424 1087 Monac.
1458 1048 1507 1087 11.

359 1114 412 1153 At
442 1116 608 1153 sortasse
630 1128 705 1165 ego
737 1114 833 1154 laesi
865 1117 984 1166 deos,
1016 1119 1054 1155 et
1085 1117 1172 1154 iram
1190 1117 1629 1169 animadversionemque
1660 1117 1695 1155 in
1725 1127 1781 1153 me
1809 1115 1911 1154 divi-

273 1194 357 1221 nam
388 1183 557 1221 excitavi
590 1196 656 1233 eo,
689 1184 786 1235 quod
818 1185 1004 1223 attentavi
1035 1185 1215 1236 pudorem
1249 1184 1396 1235 puellae
1428 1198 1545 1224 meae.
1608 1185 1743 1235 Egone
1774 1185 1914 1236 primns

272 1250 308 1290 id
340 1252 469 1290 facere
500 1264 615 1290 ausus
646 1249 751 1292 sum?
812 1252 960 1292 Utinam
992 1266 1113 1292 essem
1145 1254 1305 1304 primus:
1339 1266 1510 1302 magnum
1542 1255 1642 1292 foret
1673 1266 1802 1292 nomen
1834 1265 1913 1291 me-

275 1333 332 1359 um
370 1321 506 1359 amoris
547 1322 677 1361 furtivi
717 1322 953 1361 inventione.
1014 1323 1091 1362 Sed
1134 1321 1245 1362 multo
1285 1326 1372 1362 ante
1411 1334 1467 1360 me
1499 1325 1667 1372 tempore
1697 1335 1720 1361 a
1750 1323 1844 1371 diis,
1876 1326 1915 1361 et

275 1392 402 1429 aetate
433 1389 609 1439 heroica,
641 1391 808 1442 pudores
841 1391 972 1431 violati
1007 1394 1108 1432 sunt.
1243 1391 1352 1444 Quod
1396 1405 1526 1430 rursus
1566 1393 1804 1431 occasionem
1841 1405 1913 1431 ex—

277 1459 450 1498 currendi
481 1458 516 1497 in
548 1471 695 1499 amores
727 1459 877 1499 deorum
908 1476 947 1500 v.
981 1463 1047 1500 63.
1078 1474 1186 1514 seqq.
1220 1464 1354 1513 poetae
1384 1461 1560 1512 praehet.

362 1596 413 1636 V·
447 1599 514 1635 54.
547 1595 667 1647 (157)
692 1607 1045 1649 SAcRA'rAMQUE
1063 1608 1194 1641 MEAE
1213 1608 1396 1641 νιΤΤΑΜ
1416 1607 1670 1641 TEMPTARE
1691 1606 1915 1641 PUELLAE.

369 1666 496 1706 Vitam
527 1663 698 1719 tentare]
732 1666 861 1715 Lego,
902 1669 1054 1706 uittam.
1088 1668 1265 1719 pudorem
1297 1667 1492 1719 intelligit.
1568 1676 1751 1710 SCALIG.

279 1735 323 1774 ld
362 1735 559 1773 remedium
602 1734 671 1773 iam
711 1735 843 1773 dudum
876 1736 1067 1775 inventum
1101 1739 1233 1776 fuerat.
1296 1737 1522 1787 Pomponius
1542 1736 1729 1775 Sabinus:
1761 1738 1918 1777 Sacra-

278 1811 358 1843 tam
390 1807 539 1843 uictam.
598 1803 784 1855 Virgines
815 1804 1014 1844 habebant
1044 1808 1173 1845 uittas
1212 1805 1268 1845 ad
1296 1806 1476 1845 honorem
1506 1806 1695 1851 Dianae,
1729 1813 1919 1859 tanquam

279 1873 577 1912 sacerzlotalae.
623 1873 683 1911 ubi
715 1874 1004 1914 sacerdotulae
1045 1875 1315 1924 intelligendae
1347 1879 1434 1913 sunt
1464 1874 1645 1913 moniales
1677 1874 1918 1913 christianae.

279 1942 467 1981 Domitius
495 1939 741 1981 Calderinus:
780 1942 938 1982 Villam.
985 1947 1079 1997 qaia
1110 1958 1240 1983 omnes
1272 1946 1449 1995 virqines
1482 1945 1521 1982 in
1556 1945 1711 1995 siquam
1741 1947 1919 1983 castita-

279 2014 333 2051 tis
366 2012 523 2062 siqnum
553 2010 766 2061 qerebant:
798 2013 871 2051 hoe
902 2019 965 2051 est
995 2013 1126 2052 lineas
1156 2014 1324 2064 fascias
1356 2015 1396 2051 in
1424 2015 1579 2064 siquam
1610 2013 1765 2062 liyatue
1789 2014 1919 2064 virgsi-

281 2082 425 2119 uitalis
458 2079 642 2119 solebant
672 2086 710 2119 et
741 2094 881 2120 zonam
912 2081 1068 2135 afferre
1100 2095 1179 2135 qua
1210 2081 1498 2133 einyebantur:
1551 2088 1593 2121 nt
1623 2084 1743 2121 etiam
1774 2082 1920 2121 Catul-

282 2149 347 2188 lus
388 2151 428 2187 in
457 2151 584 2200 primo
613 2153 804 2201 passeris
843 2151 1017 2190 ostendit
1057 2151 1145 2190 dam
1185 2153 1338 2205 inquit:
1381 2151 1486 2204 quod
1517 2157 1656 2189 zonam
1698 2151 1821 2191 soluit
1853 2152 1921 2190 diu

283 2218 466 2268 liyatam.
528 2217 689 2256 Badius:
723 2221 877 2257 vittam.
910 2221 936 2257 i.
971 2222 1125 2270 siquam
1155 2222 1407 2271 virqinitatis
1441 2219 1546 2273 quod
1577 2223 1616 2258 in
1646 2222 1782 2272 eapite
1809 2221 1919 2273 fere-

286 2287 366 2327 bat.
429 2286 477 2324 Et
514 2287 549 2324 in
581 2287 753 2325 Venetae
785 2287 885 2325 lens.
919 2288 1093 2338 exemplo
1125 2289 1233 2339 Lips.
1266 2300 1361 2327 nunc
1400 2290 1542 2327 uittam
1586 2287 1728 2338 legitur
1760 2301 1781 2328 a
1813 2301 1918 2327 manu

285 2355 539 2405 glossatoris,
571 2367 649 2393 cum
680 2354 837 2403 glossa:
878 2356 1063 2407 Viryines
1096 2364 1302 2397 sacratam
1326 2359 1468 2396 victam
1492 2358 1603 2409 ferre
1632 2364 1922 2397 consueverunt

285 2427 326 2463 in
349 2426 505 2475 siynum
529 2426 754 2463 eastitatis.
815 2424 1086 2476 Adscripserat
1111 2426 1221 2464 etiam
1248 2429 1387 2465 vittam
1419 2425 1502 2470 ille,
1537 2439 1643 2478 quem
1668 2426 1831 2465 Pierium
1861 2426 1920 2463 di-

288 2497 387 2532 cunt.
449 2492 486 2530 A
513 2492 676 2530 Domitio
707 2496 848 2533 vittam
881 2496 985 2533 venit
1016 2495 1050 2532 in
1078 2494 1339 2532 Asci-usianas
1371 2494 1401 2533 Ι.
1428 2494 1565 2534 11.111.
1591 2494 1762 2535 Cronflit.
1795 2493 1918 2543 bugd.

290 2565 410 2601 1529.
443 2564 480 2600 et
510 2563 566 2599 sic
588 2561 790 2612 Pithoeus,
827 2563 1043 2613 Arnoldus,
1075 2564 1306 2601 recentiores
1337 2576 1488 2613 omnes,
1521 2568 1673 2614 praeter
1705 2562 1919 2612 Silliginm‚

288 2632 348 2684 qui
379 2633 521 2670 vittam
562 2630 633 2668 dici
667 2644 783 2680 posse
813 2644 881 2681 pro
914 2644 1010 2670 zona
1041 2634 1168 2683 negat.
1231 2632 1352 2671 Recte
1385 2631 1456 2671 huc
1487 2633 1646 2685 quidem.
1708 2632 1762 2670 At
1793 2631 1918 2670 Scali-

288 2713 418 2750 gerum
446 2712 518 2738 non
546 2699 593 2737 de
620 2712 713 2737 zona
746 2706 850 2750 puto,
877 2702 943 2739 sed
977 2701 1024 2739 de
1045 2702 1160 2744 vitta,
1194 2713 1287 2752 quae
1321 2702 1355 2738 in
1389 2702 1513 2752 eapite
1545 2702 1757 2748 serebatur,
1793 2701 1918 2750 virgi-

290 2769 362 2807 nali
404 2770 611 2820 cogitasse.
674 2768 723 2807 Ut
763 2771 831 2807 iam
872 2774 958 2808 ante
990 2769 1228 2818 Scaligerum
1261 2770 1490 2821 Pomponius
1521 2774 1558 2809 et
1589 2769 1740 2808 Badius.
1802 2769 1919 2821 Quam

290 2839 325 2876 in
358 2850 432 2876 rem
462 2838 540 2888 apti
571 2841 657 2876 sunt
687 2838 816 2886 locus,
849 2850 954 2889 quem
981 2837 1184 2877 Putschius
1217 2838 1364 2888 laudat,
1399 2839 1540 2878 Valerii
1572 2838 1718 2888 Flacci,
1751 2839 1797 2878 de
1830 2838 1919 2878 Me-

292 2908 363 2946 dea
392 2906 636 2946 Haemonium
667 2910 870 2959 sequutura
901 2908 1092 2956 maritum,
1127 2907 1230 2946 VIII.
1265 2913 1302 2947 6.

525 2974 672 3016 Ultima
703 2976 890 3027 virgineis
920 2982 1013 3016 tunc
1040 2975 1141 3028 fleus
1174 2979 1284 3018 dedit
1314 2978 1452 3018 oscula
1481 2977 1610 3017 vittis.
