2006 3365
591 170 661 210 DF.
692 170 848 211 POESI
880 169 1218 212 CATONIANA.
1623 175 1724 217 295

87 286 234 324 Rursus
282 297 396 323 versu
437 286 627 336 postremo
666 285 753 324 libri
794 286 977 335 vulgatae
1022 287 1232 337 scripturae
1274 287 1397 326 cuncti
1434 285 1552 324 minus
1597 285 1724 324 bene:

86 353 221 392 reddo.
283 352 387 405 Quae
421 366 511 392 vera
557 357 664 403 sunt,
709 356 902 408 pecudum
940 361 1078 394 custos
1124 355 1198 394 tibi
1223 377 1274 383 —
1302 355 1458 403 reddit,
1506 353 1726 404 comprobat

85 421 192 460 etiam
225 421 396 460 laudatus
437 421 466 460 l.
500 423 617 461 Badio
649 424 842 462 Ascensio
876 424 1047 462 Donatus
1080 424 1113 461 in
1146 423 1236 463 Vita
1268 423 1438 473 Virgilii.

170 490 283 529 Mitto
318 489 413 528 alios
446 495 601 542 poetas,
635 493 669 530 in
703 505 797 544 quos
829 495 892 531 aut
922 504 995 530 non
1028 494 1166 530 tantum
1200 493 1282 542 ipse
1311 492 1560 530 subsidiorum
1580 489 1725 539 liabeo,

84 561 148 597 aut
178 571 330 611 quorum
363 559 591 607 emendatio,
634 572 741 611 quum
781 563 1067 598 consummatam
1114 559 1279 598 babeant
1322 561 1408 598 aevi
1442 560 1610 611 Augusti
1642 557 1724 597 ele-

84 629 274 677 gantiam,
309 628 430 677 magis
461 640 482 665 a
513 640 626 666 sensu
658 628 810 678 pendet.
873 627 1027 681 Qualem
1074 640 1188 678 supra
1232 627 1484 677 cognovimns
1520 627 1725 665 Manilium.

86 696 155 735 Sic
184 695 371 734 Tibullum
404 695 452 735 ll.
487 712 539 744 11,
569 700 607 734 5.
640 697 784 734 etiamsi
817 708 861 734 ea
891 696 1078 746 scriptura
1108 695 1324 745 pauciorum
1356 696 1406 734 sit
1436 695 1633 739 librorum,
1667 696 1724 733 in-

85 767 144 803 ter
175 777 270 816 quos
307 763 633 815 Guelferbytanus
665 764 732 803 ΝΥ.
766 766 863 803 332.
895 763 991 803 Gud.
1026 764 1086 815 qui
1119 766 1179 803 est
1215 762 1339 803 Guels.
1372 767 1410 803 3.
1442 764 1605 814 Ileynii,

312 833 410 885 Ipse
441 847 539 873 suos
572 835 683 872 adsit
715 833 866 872 Genius
899 834 1066 872 visurus
1103 833 1272 872 honores

84 901 294 951 scripsisse
335 913 413 939 cum
454 900 706 949 Tliierscliio,
744 899 1058 947 Wunderlichi0,
1101 900 1130 939 I.
1164 901 1213 939 H.
1253 900 1396 940 Vossio
1433 900 1557 939 sentio
1599 902 1729 939 contra

84 967 337 1017 Husclikium,
378 968 488 1007 alios.
567 969 711 1017 Decet,
753 973 792 1008 ut
834 968 1048 1018 elegantior
1086 970 1195 1009 lieret
1232 970 1378 1020 oratio,
1417 969 1556 1007 differri
1598 980 1729 1007 vocem

84 1038 236 1077 Genius
269 1050 386 1089 usque
417 1037 462 1075 ad
495 1049 576 1076 eum
608 1036 741 1075 locum.
815 1037 1054 1087 Elegantiam
1096 1041 1215 1077 autem
1247 1039 1281 1077 si
1312 1050 1471 1090 quaeras
1504 1036 1624 1090 qualis
1655 1037 1728 1085 sit,

85 1106 213 1144 eadem
245 1109 326 1154 est,
360 1119 465 1158 quam
497 1118 611 1156 supra
637 1108 830 1145 sectantes
852 1109 986 1157 poetas
1009 1107 1190 1156 vidimus,
1223 1120 1329 1159 quum
1354 1105 1538 1145 cumulant
1561 1105 1731 1157 epitheta

85 1174 121 1212 in
158 1177 266 1224 parte
299 1187 436 1212 versus
466 1175 598 1225 priori.
661 1173 796 1213 Solent
835 1173 872 1212 hi
912 1178 1048 1225 poetae
1091 1176 1142 1214 ita
1180 1176 1401 1225 disiungere
1431 1175 1602 1226 proxime
1635 1186 1729 1213 con-

85 1243 232 1282 iunctas
264 1244 451 1281 sententia
485 1256 629 1292 voces,
663 1247 702 1282 ut
732 1246 861 1294 partes
893 1245 1106 1283 sententiae
1126 1244 1301 1294 singulae
1327 1243 1547 1282 inchoentur
1569 1244 1603 1281 in
1620 1246 1730 1293 parte

86 1324 221 1350 versus
254 1312 391 1363 priori,
438 1313 688 1351 absolvantur
718 1315 829 1364 atque
862 1311 1117 1363 compleantur
1155 1313 1189 1351 in
1223 1313 1441 1364 posteriori.
1502 1312 1631 1364 Ipse:
1664 1323 1729 1348 re-

85 1381 249 1431 spondet
281 1381 316 1418 in
348 1380 466 1420 altera
498 1394 635 1419 versus
667 1384 775 1431 parte
808 1381 974 1420 Genius.
1008 1393 1135 1420 suos:
1169 1382 1377 1432 respondet
1407 1382 1589 1420 honores.
1650 1380 1729 1419 ad-

86 1451 143 1488 sit
175 1446 254 1487 inre
286 1461 354 1487 suo
386 1461 544 1498 gravem
577 1452 737 1500 occupat
768 1448 899 1487 locum.
961 1449 1020 1488 Ne
1051 1451 1134 1502 quis
1165 1450 1260 1488 enim
1284 1449 1493 1499 digniorem
1517 1448 1592 1488 hoc
1617 1450 1730 1497 gravi

87 1517 170 1556 loco
204 1518 366 1557 Genium
397 1518 613 1567 existimet,
647 1517 891 1568 reputandum
925 1522 984 1557 est
1015 1519 1109 1557 satis
1142 1519 1210 1556 iam
1244 1519 1379 1557 sactum
1399 1518 1524 1556 Genio
1551 1530 1638 1556 esse
1670 1530 1729 1566 eo,

87 1586 183 1639 quod
216 1586 314 1639 Ipse
346 1586 580 1636 praecessit,
627 1599 698 1638 quo
738 1586 862 1625 statim
896 1587 1090 1625 nunciatur
1120 1599 1291 1638 maguum
1323 1587 1527 1638 quempiam
1560 1587 1729 1625 nomina-

87 1660 158 1693 tmn
193 1655 249 1693 iri.
311 1653 351 1692 In
384 1654 549 1693 Petronii
582 1667 696 1693 versu
729 1667 812 1706 cap.
847 1670 1005 1692 cxxvu.
1053 1658 1152 1693 extr.
1194 1654 1257 1694 vel
1296 1653 1456 1693 Anthol.
1489 1655 1572 1694 Lat.
1606 1655 1730 1693 Burm.

84 1723 150 1761 lib.
183 1722 252 1761 111.
287 1738 349 1761 ω’.
383 1736 489 1775 quum
522 1724 699 1762 neminem
732 1735 828 1761 nunc
870 1724 1029 1762 inveniri
1068 1727 1212 1774 putem,
1259 1725 1319 1776 qni
1361 1723 1514 1773 dignum
1555 1722 1730 1762 Lucretio

83 1796 146 1831 aut
178 1791 365 1833 Cicerone
396 1794 511 1843 poeta
542 1791 767 1831 vocabulum
800 1792 969 1831 clinavit
1007 1791 1190 1830 Petronio
1230 1791 1434 1831 obtrudere
1475 1791 1590 1842 velit,
1630 1792 1729 1830 scri-

84 1861 184 1912 ptori
218 1860 307 1899 alibi
339 1861 548 1910 singularia
580 1864 618 1900 et
649 1873 749 1900 nova
780 1861 993 1907 affectanti,
1025 1863 1063 1900 at
1094 1861 1130 1898 in
1165 1861 1342 1899 versibus
1373 1866 1551 1912 receptae
1583 1859 1728 1898 dicendi

85 1930 302 1979 elegantiae
334 1931 636 1979 studiosissimo,
678 1931 750 1969 duo
792 1934 951 1978 tantum,
992 1930 1066 1968 nisi
1099 1942 1198 1968 nova
1232 1931 1432 1967 doceamur
1463 1942 1512 1967 ex
1544 1929 1628 1967 aliis
1661 1941 1726 1967 co-

85 1998 255 2045 dicibus,
303 1999 522 2037 emendandi
553 2000 650 2037 modi
682 2002 852 2046 restant,
891 2002 984 2037 aut:
1040 1998 1158 2037 Talis
1189 1999 1327 2037 humus
1366 1997 1549 2038 Venerem
1579 1999 1729 2038 mollem

86 2067 299 2107 inclinavit
330 2071 370 2106 in
399 2067 580 2116 herbam,
611 2070 695 2113 aut,
736 2067 831 2119 quod
866 2079 1017 2116 verum,
1050 2067 1195 2118 iamque
1226 2066 1471 2105 observatum
1502 2065 1612 2106 aliis:

318 2136 434 2176 Talis
465 2137 602 2176 humus
633 2135 771 2176 molles
810 2134 993 2176 Venerem
1024 2135 1238 2176 inelinavit
1269 2137 1309 2174 in
1338 2135 1500 2175 herbas.

174 2271 279 2325 Quae
311 2273 607 2325 disputavimus,
641 2286 686 2312 eo
719 2271 901 2322 redeunt,
935 2276 974 2312 ut
1001 2270 1203 2322 Catonem,
1235 2274 1268 2311 si
1301 2272 1447 2326 quando
1480 2271 1728 2312 collocatione

85 2353 181 2393 quae
212 2342 330 2379 minus
362 2342 535 2381 videatur
575 2342 757 2391 elegans,
801 2355 891 2380 usus
930 2341 1253 2392 deprehendatur,
1299 2354 1421 2394 neque-
1462 2342 1726 2381 emendandum

85 2410 156 2448 hac
188 2409 269 2448 sola
300 2410 345 2448 de
377 2423 532 2458 caussa,
571 2423 692 2463 neque
724 2410 1071 2462 reprehendendum
1103 2423 1214 2459 esse,
1262 2410 1360 2462 quod
1400 2411 1436 2449 in
1477 2410 1727 2449 collocatione

85 2480 328 2531 acquiescere
360 2478 524 2518 voluerit
553 2480 672 2518 minus
703 2480 930 2528 artificiosa,
962 2482 1147 2530 putemus.
1209 2478 1291 2533 Quo
1314 2491 1385 2518 non
1413 2479 1497 2517 dico
1526 2478 1615 2516 nihil
1639 2492 1726 2517 esse

87 2548 183 2599 apud
218 2548 420 2595 Catonem,
453 2548 549 2600 quod
583 2548 785 2599 displicere
817 2550 984 2600 cuiquam
1016 2549 1153 2598 possit.
1216 2547 1347 2587 Paullo
1373 2548 1500 2586 durior
1519 2547 1630 2586 alicui
1664 2548 1723 2585 vi-

87 2617 220 2656 deatur
250 2614 458 2667 particulae
495 2629 570 2655 non
601 2615 800 2656 collocatio
832 2617 927 2655 locis
959 2617 1096 2656 tribus.
1186 2616 1269 2655 Dir.
1303 2630 1340 2655 v.
1376 2618 1413 2655 ἶ.

597 2685 723 2736 suerit
755 2699 869 2739 quam
900 2697 972 2723 non
1004 2698 1090 2724 mea
1121 2685 1250 2724 libera
1281 2697 1426 2725 avena.

88 2753 151 2792 ubi
184 2753 314 2792 melius
347 2757 427 2791 erat
457 2751 501 2790 ad
533 2764 649 2790 meum
687 2766 858 2803 sensum,
898 2754 930 2791 si
970 2766 1039 2804 per
1078 2766 1226 2792 versum
1258 2753 1452 2792 licuisset:
1496 2766 1611 2806 quam
1651 2765 1726 2791 non

88 2822 216 2863 libera
245 2823 393 2874 suerit,
427 2823 517 2859 aut:
552 2835 668 2874 quccm
697 2835 771 2861 non
801 2824 925 2874 fuerit
957 2823 1097 2862 libera.
1188 2836 1226 2860 v.
1263 2825 1327 2860 13.

317 2890 444 2942 Ipsae
476 2901 546 2927 nen
578 2889 712 2929 silvae
745 2891 939 2942 frondes,
980 2905 1054 2930 non
1084 2891 1246 2942 flumina
1277 2897 1441 2929 montes.

90 2959 154 2997 uhi
187 2960 254 2998 vix
286 2959 412 3007 dicas,
447 2969 512 2997 cur
543 2969 614 2996 non
646 2958 697 2996 ita
727 2958 921 2999 maluerit:
969 2961 1062 2999 Non
1092 2962 1211 3012 ipsae
1241 2960 1376 2998 silvae
1404 2958 1597 3010 frondes,
1640 2957 1724 3007 vel,

91 3027 187 3080 quod
221 3027 377 3067 Francio
411 3026 607 3079 placebat,
640 3027 909 3067 artificiosius:
953 3028 1046 3068 Non
1077 3031 1196 3081 ipsae
1225 3028 1394 3079 frondes
1427 3027 1572 3067 silvae.
1645 3026 1722 3067 Sed
