2006 3365
251 126 352 174 284
837 117 1201 160 DISSERTA'rlo
1232 118 1302 158 111.

251 241 338 280 illos
369 238 512 292 quidem
542 238 691 287 poetas·
751 233 902 275 Catullo
933 235 1106 273 usitatum
1137 245 1225 271 esse
1250 233 1358 271 scio:
1389 230 1560 282 Eleg.ad
1579 230 1744 271 Ortalum
1763 244 1802 270 v.
1823 233 1887 270 16.

251 310 368 349 Haec
396 317 597 358 expressa
626 304 700 343 tibi
730 306 911 343 carmina
936 303 987 342 B.
1078 316 1221 340 cxxvi.
1248 304 1285 339 6.
1330 301 1399 340 Ex
1434 301 1507 340 hoc
1546 303 1706 353 inyrato
1735 299 1890 353 gaudia

251 389 383 416 artiore
411 374 497 414 tibi.
559 387 641 411 xcr.
674 376 712 410 2.
753 372 803 412 In
840 375 983 412 misero
1022 372 1096 411 hoc
1133 378 1294 418 nostro,
1337 370 1412 409 hoc
1438 370 1596 424 perdito
1627 382 1759 409 amore
1785 370 1888 419 fore.

252 461 303 483 ei.
337 447 376 482 2.
409 442 591 482 Advenio
621 442 698 481 has
730 443 927 490 miseras,
959 441 1120 493 frater,
1155 440 1210 478 ad
1240 440 1431 492 inferias.
1492 438 1607 487 Eleg.
1637 438 1683 477 ad
1709 436 1891 476 Manlium

254 527 292 552 v.
324 514 391 551 24.
423 514 493 551 96.
527 511 642 569 Quae
671 516 765 550 taus
797 513 838 549 in
867 512 956 549 vita
987 509 1121 548 dulcis
1155 507 1291 548 alebat
1323 521 1444 547 amor.
1477 511 1516 546 ct
1549 510 1641 546 117.
1687 505 1770 545 Sed
1795 511 1890 544 tuus

252 581 363 621 altus
395 593 505 620 amor
534 584 608 619 etc.
684 580 855 619 Santenii
902 579 1107 618 cautionem
1152 577 1184 615 si
1227 575 1446 622 habuisset,
1492 576 1611 613 minus
1651 572 1892 612 vehementer

251 651 484 690 Burmannus
527 649 789 699 impugnasset
828 647 1017 686 innoxiam
1063 645 1310 698 loquutioncm
1346 645 1418 684 hos
1459 650 1651 685 sacratos
1695 643 1813 695 focos
1854 641 1892 680 in

252 718 413 758 carmine
445 716 659 767 Virgiliano
678 746 688 765 ‚
720 729 800 755 nam
834 716 985 755 videtur
1015 714 1293 764 virgilianum,
1325 713 1484 753 Anthol.
1514 712 1597 752 Lat.
1625 711 1690 751 lih.
1716 711 1746 750 1.
1775 725 1891 749 LXIII.

252 788 366 837 Virg.
399 785 590 826 catalect.
622 785 692 826 vl.
725 785 784 824 ed.
818 784 946 836 Heyn.
1017 782 1242 836 Quamquam
1283 794 1402 834 neque
1441 794 1517 831 ego
1557 786 1748 820 sacratos
1787 782 1893 819 recte

252 868 297 896 se
327 855 469 895 habere
501 867 660 904 censeo,
704 861 870 894 sacrato
911 853 1003 902 lego
1035 864 1113 891 oum
1147 851 1316 890 lleinsiis
1347 851 1461 890 Patre
1492 853 1530 890 et
1561 849 1666 888 Filio.

509 924 706 976 Corniqer
734 924 807 963 lios
840 924 950 962 aries
981 922 1164 970 humilis,
1196 928 1234 960 et
1263 923 1435 960 maxima
1464 926 1609 959 taurus

600 993 769 1033 Victima
810 998 975 1031 sacrato
1007 993 1160 1042 linquet
1189 990 1334 1029 honore
1363 990 1495 1041 focos.

252 1063 325 1103 lios
356 1061 539 1110 humilis,
574 1061 599 1100 i.
633 1073 668 1100 e.
697 1061 889 1109 humiles,
921 1061 1053 1112 focos.
1114 1058 1233 1098 Nemo
1265 1062 1355 1109 puto
1387 1061 1469 1108 est,
1502 1057 1560 1097 cui
1581 1055 1776 1095 Burmanni
1803 1065 1895 1094 con-

255 1132 400 1170 iectura
431 1129 581 1181 placeat
600 1158 610 1178 ,
658 1131 849 1180 Corniqer
879 1127 976 1166 haud
1009 1129 1120 1167 aries
1151 1128 1333 1176 humilis,
1367 1127 1433 1166 sed
1465 1129 1637 1166 maxima
1668 1132 1811 1164 taurus
1849 1122 1895 1164 V.

255 1205 445 1239 sacratos
477 1205 506 1237 t.
537 1199 573 1237 Ιι.
604 1199 640 1251 f.
674 1201 711 1237 ut
744 1199 793 1237 sit
836 1200 946 1237 aries
976 1197 1150 1236 humilis.
1225 1195 1401 1234 Victimis
1441 1195 1611 1233 maximis
1650 1194 1697 1232 ab
1740 1192 1895 1231 Horatio

255 1269 336 1307 scio
367 1268 544 1307 humilem
575 1281 719 1319 aquam
750 1267 911 1317 opponi,
943 1264 1065 1305 Carm.
1086 1265 1134 1303 ΙΙ.
1155 1280 1255 1302 xvii.
1288 1267 1387 1303 extr.
1420 1263 1481 1303 vcl
1513 1271 1683 1303 teneram
1713 1261 1894 1310 vitulum,

256 1336 326 1376 lv.
362 1352 402 1374 11.
435 1340 534 1375 extr.
595 1340 634 1375 at
664 1338 799 1384 aries,
841 1336 946 1386 isque
978 1336 1177 1386 corniyer,
1213 1346 1284 1373 non
1316 1337 1387 1373 tam
1419 1332 1688 1372 contemnenda
1720 1332 1894 1380 victima,

256 1409 297 1445 ut
326 1406 485 1445 humilis
517 1405 614 1454 dici,
649 1409 761 1457 utque
793 1404 931 1454 opponi
963 1409 1080 1442 tauro
1113 1407 1183 1442 tam
1216 1402 1328 1453 gravi
1356 1403 1486 1451 modo,
1520 1414 1588 1454 per
1617 1401 1726 1440 haud
1757 1404 1793 1439 vt
1824 1400 1898 1439 sed

257 1475 487 1526 particulaS,
527 1474 678 1513 debeat.
750 1473 956 1522 Egregium
987 1471 1032 1510 ad
1072 1472 1313 1521 sententiam,
1355 1471 1690 1522 suavissimumque
1734 1471 1816 1517 est,
1863 1468 1897 1507 si

259 1545 344 1597 quid
380 1544 512 1593 video,
553 1545 625 1583 hos
662 1543 827 1582 humiles
857 1543 991 1594 focos.
1053 1541 1165 1579 Suam
1198 1552 1320 1588 aram,
1354 1553 1459 1592 quam
1491 1539 1586 1577 domi
1620 1538 1806 1585 habebat,
1840 1537 1897 1576 di-

260 1613 312 1652 cit
342 1613 553 1662 Virgilius,
592 1613 627 1650 in
660 1624 731 1664 qua
761 1623 836 1649 rem
868 1622 1057 1659 magnam,
1097 1622 1299 1662 parumque
1332 1610 1501 1647 usitatam
1534 1607 1690 1658 pauperi
1724 1606 1896 1656 domino,

259 1681 413 1720 arietem
458 1685 496 1720 et
533 1684 674 1720 taurum
713 1680 807 1718 adeo
846 1678 1063 1717 immolatum
1111 1679 1153 1716 iri
1194 1679 1388 1729 promittit.
1450 1677 1510 1717 Cf.
1550 1677 1730 1715 Horatius
1761 1676 1795 1713 in
1828 1675 1896 1713 de-

261 1751 468 1801 scriptione
485 1749 613 1788 domus
636 1747 837 1797 suae,IV.
859 1763 916 1786 xi.
949 1747 1072 1787 Ridet
1104 1753 1269 1799 aryento
1303 1747 1462 1786 domus:
1496 1759 1572 1785 ara
1602 1747 1733 1784 castis
1754 1744 1898 1784 Vincta

260 1819 445 1859 verbenis
491 1825 584 1857 avec
624 1818 810 1856 inmolato
842 1818 1039 1870 Sparyier
1079 1829 1195 1868 agyno.
1264 1816 1508 1854 Burmannum
1549 1814 1679 1863 miror,
1723 1814 1785 1865 qui
1825 1813 1898 1852 hos

262 1896 455 1928 sacratos
486 1888 604 1939 focos
649 1898 884 1938 concoquere
927 1898 998 1924 non
1037 1886 1181 1936 potuit,
1221 1883 1312 1927 hoc,
1355 1883 1450 1936 quod
1484 1884 1595 1922 etiam
1626 1883 1748 1931 magis
1780 1882 1900 1920 offen-

262 1957 350 1995 dere
381 1957 500 2007 ipsum
526 1955 713 2004 debebat,
745 1958 926 2006 eorniyer
951 1956 1061 1994 aries
1081 1954 1263 2001 immilis,
1287 1953 1420 2004 potuit⁶
1481 1952 1604 2001 Igitur
1635 1951 1669 1988 in
1702 1951 1782 1988 suis
1814 1949 1900 1988 lini-

262 2025 334 2064 bus
357 2024 566 2064 coercenda
591 2024 684 2062 haec
706 2024 936 2074 disputatio,
969 2027 1006 2062 et
1037 2023 1153 2061 certis
1185 2020 1403 2073 quibusdam
1426 2019 1702 2058 conditionibus
1733 2018 1900 2056 adstrin-

261 2094 388 2143 genda
420 2096 480 2133 est
510 2093 573 2131 lex
618 2093 664 2131 de
710 2105 780 2131 non
819 2092 1055 2142 geminandis
1101 2090 1304 2141 epithetis,
1343 2089 1487 2127 minime
1530 2087 1708 2126 tollenda.
1783 2085 1900 2125 Velut

262 2163 358 2213 apud
391 2163 584 2202 Manilium
625 2161 675 2200 ΙΙ.
709 2165 774 2201 46.
820 2162 992 2201 tenebris
1024 2164 1238 2200 immersum
1276 2159 1474 2198 Tartaron
1505 2165 1656 2204 atrum,
1692 2155 1763 2194 etsi
1797 2154 1899 2194 Ovi-

263 2231 315 2269 dii
347 2231 430 2269 loco
460 2231 614 2270 Metam.
646 2230 735 2269 XV.
770 2235 864 2270 675.
905 2243 1010 2283 quem
1043 2240 1157 2279 supra
1187 2226 1293 2267 attuli
1326 2239 1346 2265 c
1378 2225 1548 2273 Gifanio,
1590 2223 1710 2262 simile
1750 2223 1901 2262 videtur

264 2312 309 2339 ac
339 2312 407 2351 par
437 2312 548 2347 esse,
582 2299 765 2351 siquidem
797 2306 924 2338 atrum
956 2297 1149 2349 epitheton
1182 2300 1242 2334 est
1273 2308 1431 2340 ornam,
1465 2297 1504 2333 ut
1534 2293 1610 2332 illic
1641 2301 1808 2342 castus,
1838 2298 1899 2332 te-

264 2369 398 2408 nebris
431 2370 647 2407 immersum
677 2371 794 2407 autem
835 2366 1124 2418 explicationem
1165 2377 1408 2416 caussamque
1438 2363 1596 2415 epitheti
1630 2363 1814 2408 continet,
1861 2364 1901 2401 ut

265 2438 341 2477 illic
371 2438 570 2477 Evinctas
602 2438 736 2476 vitta:
769 2439 913 2479 tamen,
947 2448 1054 2487 quum
1087 2433 1175 2472 nihil
1208 2432 1251 2471 ad
1285 2433 1505 2472 sententiam
1536 2431 1683 2471 differat
1713 2431 1808 2469 inter
1837 2436 1899 2469 te-

265 2507 397 2546 nebris
430 2508 646 2545 immersmn
672 2507 709 2543 et
739 2512 889 2552 citrum,
923 2504 1113 2542 admodum
1139 2502 1298 2540 ieiunum
1330 2506 1412 2550 est,
1447 2504 1485 2540 et
1516 2500 1777 2539 emendandum
1801 2498 1899 2537 haud

266 2576 405 2623 dubie,
438 2574 657 2625 praesertim
689 2585 797 2624 quum
829 2572 903 2611 alia
933 2571 1090 2610 accedat
1121 2582 1278 2616 caussa,
1327 2583 1433 2622 quam
1464 2571 1587 2609 statim
1619 2569 1841 2607 videbimus.

350 2644 524 2683 Transeo
556 2642 601 2680 ad
634 2641 918 2680 collocationem
949 2641 1161 2680 verborum.
1223 2638 1338 2692 Quam
1369 2642 1504 2690 poetae
1534 2637 1636 2678 latini
1660 2637 1796 2676 aetatis
1817 2635 1900 2674 cul-

267 2713 435 2754 tissimae
465 2713 587 2750 amant
617 2710 880 2759 artificiosam,
920 2710 967 2748 ah
999 2709 1128 2748 ordine
1160 2707 1316 2746 naturali
1348 2707 1502 2756 longius
1533 2706 1756 2756 longiusque
1787 2716 1900 2744 rece-

265 2782 427 2821 dentem.
487 2780 632 2830 Nempe
663 2792 769 2831 quum
800 2777 980 2817 naturalis
1011 2777 1102 2815 ordo
1134 2775 1230 2815 haud
1259 2776 1371 2815 dubie
1401 2776 1461 2814 hic
1485 2776 1556 2824 sit,
1588 2776 1628 2813 ut
1657 2785 1753 2826 quae
1783 2785 1900 2812 sensu

267 2854 354 2890 sunt
384 2850 554 2902 proxime
585 2849 805 2896 coniuncta,
839 2859 884 2885 ea
914 2847 1021 2885 ctiam
1054 2845 1136 2884 loco
1168 2847 1469 2894 coniungantur:
1501 2846 1659 2895 poetae,
1691 2840 1899 2891 Virgilius,

267 2918 362 2968 alii,
397 2919 573 2957 deserere
604 2929 685 2956 eum
717 2916 902 2963 ordinem,
933 2927 1007 2954 nou
1033 2913 1174 2964 semel,
1205 2914 1267 2953 vel
1300 2926 1411 2964 casu,
1442 2913 1509 2952 sed
1542 2912 1758 2951 constanter
1787 2913 1899 2962 atque

269 2987 441 3028 consulto
472 2986 609 3028 solent.
671 2983 786 3026 Cuius
816 2985 871 3025 rei
901 2996 998 3024 nunc
1027 2984 1132 3024 reddi
1165 2996 1299 3024 caussa
1328 2983 1479 3034 potest,
1519 2991 1616 3019 nunc
1646 2990 1718 3018 nou
1749 2980 1899 3030 potest3
