2006 3365
229 123 328 168 136
787 119 1311 161 ANIMADVERSIONES

315 236 365 276 V.
388 240 454 275 99.
497 243 706 278 CANDlDA
731 243 882 278 NlGRA
908 244 1046 277 OCULI
1073 243 1313 282 CERNENT,
1339 245 1398 278 ΕΤ
1422 245 1464 279 l).
1491 245 1674 279 LAEVA„
1704 241 1867 275 cernant

230 304 338 342 iidem
369 303 455 342 libri
487 314 638 352 omnes,
679 304 713 341 in
746 303 884 355 quibus
913 303 1015 355 fiant
1053 315 1140 341 esse
1172 303 1269 350 dixi,
1313 308 1350 344 et
1380 309 1532 355 praeter
1562 304 1635 343 hos
1666 304 1866 343 Leidensis

229 372 440 410 Burmanni.
485 371 717 422 Discrepant
748 374 885 410 tantum
916 370 1115 410 Mediceus
1147 374 1184 411 et
1210 372 1403 411 Parisinus
1429 372 1497 413 IV.
1529 374 1564 412 in
1596 373 1731 425 quibus
1761 373 1868 412 oculi

228 443 342 480 caeci
371 439 527 488 legitur.
588 446 746 479 cernent
777 440 944 479 Romana
974 439 1024 478 ll.
1057 442 1095 478 et
1126 441 1160 478 in
1193 440 1328 492 quibus
1359 440 1442 479 aliis
1476 456 1512 480 v.
1542 446 1608 481 93.
1640 443 1734 495 fient
1764 441 1866 490 legi-

228 511 297 547 tur.
361 509 550 548 Candida
573 511 720 560 niqra:
754 510 860 549 oculi
890 516 1069 549 cernent:
1103 510 1305 558 distinguit
1326 511 1476 550 Veneta
1503 513 1621 550 1487.
1654 523 1715 561 ap.
1745 511 1866 548 Burm-

227 577 352 615 etsie
382 577 478 627 apud
512 590 568 615 me
601 577 749 617 Veneta
786 581 903 618 1482.
947 578 1014 617 sed
1055 577 1126 617 hoc
1167 580 1233 616 vix
1273 579 1425 628 dignum
1463 579 1737 619 observatione
1773 581 1866 617 erat.

228 644 320 684 lena
351 645 627 697 Augustanus,
659 646 737 685 alii.

312 783 363 823 V·
394 787 485 823 100·
553 793 838 828 MlGRABUN'r
864 795 1014 829 CASUS
1041 794 1218 828 ALIENA
1245 794 1294 827 IN
1321 793 1537 828 CORPORA
1569 793 1753 827 RERUM.

228 864 354 892 casus
387 854 598 904 corruptum
634 853 832 892 videbatur
862 854 1034 893 Heinsio.
1097 853 1178 907 Quo
1211 858 1414 892 commotus
1446 854 1699 902 Burmannus,
1737 852 1870 903 partim

229 922 338 960 ctiam
369 920 538 960 offensus
570 923 815 972 repetitione:
856 923 1080 974 miyrabemt
1112 945 1163 951 —
1195 925 1378 974 meimet,
1421 935 1525 975 quam
1566 925 1685 960 tamen
1726 921 1870 971 repeti-

230 990 367 1029 tionem
396 989 469 1028 hoc
499 990 584 1029 loco
617 994 730 1041 poeta
762 991 934 1031 consulto
965 992 1113 1030 admisit
1144 992 1239 1030 haud
1272 992 1404 1039 dubie,
1446 992 1552 1029 varia
1583 994 1724 1030 tentat:
1767 989 1870 1028 Ma-

228 1058 370 1098 tabunt
400 1072 553 1098 causas
587 1060 722 1098 aliena
753 1067 790 1099 et
821 1073 993 1112 corpora
1024 1074 1173 1108 rerum,
1209 1060 1270 1098 vel
1302 1061 1335 1098 si
1366 1060 1608 1111 Miyrabunt
1640 1058 1870 1098 retinendum

230 1130 302 1178 sit,
342 1128 584 1180 Mifflabmzc
614 1142 769 1168 causas
802 1130 938 1169 aliena
969 1137 1006 1169 et
1033 1143 1066 1168 c.
1101 1143 1133 1168 r.
1176 1128 1248 1167 hoc
1280 1141 1417 1167 sensu:
1459 1131 1498 1167 et
1537 1139 1695 1178 corpora
1725 1126 1869 1176 aliena,

230 1208 298 1235 seu
329 1197 618 1246 transfigurata,
662 1198 894 1248 migrabunt,
934 1197 967 1235 id
1002 1202 1062 1236 est
1092 1197 1305 1245 mutabunt,
1345 1209 1464 1235 rerum
1497 1208 1668 1235 caussas.
1729 1196 1870 1235 Verum

229 1270 403 1317 ruiqrure
433 1278 553 1318 neque
592 1266 687 1316 apud
721 1265 929 1304 Lucretium
961 1266 1010 1304 V.
1045 1270 1138 1315 828.
1182 1266 1221 1304 vi
1254 1266 1381 1304 activa
1420 1267 1499 1313 est,
1541 1265 1602 1303 ubi
1642 1277 1720 1303 cum
1761 1263 1870 1302 libris

231 1333 455 1383 legendum:
488 1337 616 1374 omnia
646 1337 843 1386 miyrant:
888 1333 1029 1374 Omnia
1061 1341 1267 1373 commutat
1298 1334 1488 1385 IValurag
1521 1346 1641 1385 neque
1673 1331 1769 1372 Cato
1800 1334 1872 1371 tam

231 1404 451 1456 propinquis
482 1403 577 1442 locis
609 1403 722 1442 semel
759 1403 987 1455 miyrabunt
1026 1406 1218 1454 potestate
1257 1403 1407 1449 activa,
1447 1415 1533 1440 mox
1564 1404 1724 1453 emiyret
1754 1400 1873 1440 altera

231 1472 400 1511 dicturus
432 1475 524 1511 erat.
586 1473 647 1511 Ac
676 1475 835 1524 miyret,
872 1472 1025 1511 verbum
1056 1476 1242 1517 neutrum,
1276 1475 1335 1510 est
1367 1472 1474 1511 etiam
1507 1484 1622 1522 supra
1653 1484 1691 1509 v.
1725 1475 1792 1510 50.

318 1540 577 1593 Inquirendum
609 1544 688 1579 erat
721 1543 755 1579 in
788 1553 939 1580 sensum
976 1540 1069 1590 loci,
1109 1543 1305 1592 antequam
1336 1540 1382 1578 ad
1414 1541 1707 1580 emendationem
1741 1540 1873 1578 confu-

233 1614 402 1658 geretur.
474 1611 656 1661 Apertum
697 1613 817 1648 autem
859 1614 942 1659 est,
988 1609 1123 1647 nullum
1165 1622 1299 1647 novum
1342 1604 1554 1645 ἀδύνατον
1598 1609 1764 1647 describi
1804 1607 1875 1647 hoe

234 1691 362 1717 versu.
403 1677 518 1731 Quam
552 1679 655 1729 prius
687 1691 755 1730 per
786 1682 937 1730 parteS‚
970 1682 1008 1717 et
1041 1691 1107 1729 per
1139 1678 1332 1728 exempla,
1366 1681 1622 1717 exornaverat
1646 1681 1759 1728 poeta
1784 1689 1875 1715 sen-

235 1749 405 1796 tentiam,
450 1760 544 1786 nunc
576 1760 645 1786 uno
680 1760 792 1786 versu
824 1746 1128 1798 comprehendit,
1169 1751 1207 1786 et
1239 1746 1404 1786 declarat
1442 1747 1562 1785 omnia
1602 1749 1775 1785 mutatum
1807 1746 1875 1796 iri,

235 1821 273 1855 et
305 1820 434 1855 contra
465 1820 618 1855 naturae
660 1815 771 1866 leges
805 1819 989 1855 eventura
1029 1828 1138 1864 esse,
1180 1817 1393 1867 priusquam
1435 1828 1556 1854 amare
1594 1815 1750 1865 Lydiam
1792 1815 1877 1865 ipse

234 1886 395 1924 desinat.
449 1884 498 1924 Ut
529 1898 665 1936 supra,
699 1885 782 1924 loco
819 1886 994 1934 gemino,
1028 1887 1115 1936 post
1147 1884 1319 1935 exempla
1343 1885 1390 1923 ab
1423 1884 1579 1932 haedis,
1611 1882 1761 1932 vitulis,
1792 1882 1876 1922 del-

234 1953 381 2005 phinis.
428 1953 563 2005 aquilis
595 1954 814 2004 desumpta,
855 1953 1132 1992 conclusionem
1164 1953 1288 1992 addit:
1340 1954 1394 1992 Ec
1425 1965 1625 1992 conversa
1665 1958 1770 1991 retro
1810 1966 1877 1991 re-

233 2037 316 2062 rum
348 2024 556 2062 discordia
586 2024 756 2075 gliscet,
791 2022 934 2061 sslulta
961 2024 1078 2075 prius·
1110 2025 1184 2061 etc.
1231 2021 1313 2075 Quo
1345 2023 1497 2072 penitus
1529 2020 1750 2059 refelluntur
1782 2032 1877 2059 con-

235 2092 400 2130 iecturae
433 2092 628 2130 Burmanni
661 2092 846 2144 reliquae:
896 2091 1132 2144 Mt’yrabmzt
1173 2093 1349 2139 cineres,
1392 2090 1455 2129 vel
1495 2090 1589 2128 adeo
1630 2089 1876 2141 Miyrabunt

236 2161 429 2209 homines,
463 2162 599 2200 alienu
630 2164 668 2200 in
699 2175 733 2200 c.
758 2175 791 2199 r.
823 2161 957 2213 quibus
990 2160 1053 2199 ille
1083 2160 1156 2199 hoc
1187 2161 1340 2198 el‘licere
1372 2159 1539 2204 volebat,
1573 2158 1618 2196 de
1642 2162 1877 2209 metempsy-

239 2228 344 2268 chosi
377 2230 555 2269 Catonem
588 2229 701 2281 loqui.
762 2229 865 2268 Nihil
907 2230 985 2267 vidi
1016 2230 1138 2278 magis
1177 2231 1324 2277 mirum,
1367 2240 1413 2266 ne
1453 2228 1539 2280 quid
1580 2228 1695 2266 dicam
1736 2227 1876 2266 durius.

238 2298 384 2338 Etenim
417 2296 512 2337 Cato
544 2297 697 2336 scholae
730 2299 790 2336 isti
822 2301 885 2337 aut
915 2299 1005 2346 fuit,
1045 2301 1107 2337 aut
1138 2311 1208 2336 non
1241 2298 1308 2335 fuit
1339 2297 1522 2336 addictus.
1584 2297 1627 2336 Si
1660 2296 1773 2344 illud,
1805 2307 1877 2333 non

238 2369 360 2419 potuit
391 2366 734 2417 metempsychosis
766 2367 862 2405 inter
894 2368 1058 2406 inaudita
1089 2370 1315 2419 naturaeque
1355 2367 1542 2405 contraria
1574 2365 1786 2414 recenseri3
1817 2365 1877 2402 sin

239 2437 331 2481 hoc,
364 2449 436 2474 non
469 2442 549 2475 erat
581 2435 688 2473 huius
722 2435 792 2473 loci
815 2439 926 2488 atque
953 2436 1269 2486 opportunitatis,
1303 2435 1509 2473 dissensum
1537 2434 1728 2473 declarare
1749 2446 1876 2481 suum,

239 2508 277 2545 et
306 2506 470 2544 refutare
503 2503 563 2542 vel
596 2505 792 2543 traducere
824 2505 1027 2543 doctrinam
1060 2504 1181 2542 istam.
1243 2503 1355 2541 Nulla
1386 2502 1449 2542 hic
1479 2506 1540 2542 est
1570 2504 1654 2542 vitii
1682 2502 1874 2552 suspicio:

238 2588 358 2627 neque
389 2574 472 2612 libri
504 2575 652 2612 variant
693 2574 907 2625 quicquam,
947 2573 979 2611 si
1013 2573 1183 2622 excipias
1215 2572 1397 2611 Venetam
1433 2573 1554 2611 1487.
1597 2584 1658 2622 ap.
1691 2571 1876 2609 Burman-

241 2657 347 2693 num,
378 2644 416 2681 in
448 2656 518 2695 qua
549 2656 724 2694 corpore.
787 2641 849 2679 Ad
881 2646 1037 2679 mentem
1069 2642 1207 2690 poetae
1239 2652 1359 2690 prope
1398 2641 1565 2680 accessit
1593 2639 1756 2678 Badius:
1799 2652 1875 2677 ca-

241 2727 327 2752 sus.
362 2716 387 2751 i.
418 2718 560 2752 eventu
598 2713 771 2763 fortuita
810 2709 1033 2761 miglrabunt
1070 2710 1186 2760 prins
1228 2710 1266 2746 in
1298 2709 1434 2748 aliena
1466 2721 1637 2761 corpora
1667 2721 1814 2746 rerum.
1848 2709 1875 2746 ἱ.

241 2786 368 2821 omnm
404 2783 520 2834 prius
560 2784 598 2819 in
641 2781 881 2818 eontrarium
919 2784 956 2817 et
992 2784 1155 2830 praeter
1193 2784 1376 2817 naturam
1416 2780 1607 2817 evenient.
1674 2777 1723 2815 Et
1753 2777 1876 2826 magis

243 2852 443 2902 perspicue
475 2862 590 2901 nuper
621 2848 846 2897 Putschhrs,
888 2848 948 2900 qui
980 2860 1104 2886 casus
1137 2860 1261 2886 rerum
1294 2859 1372 2885 cum
1402 2846 1573 2886 Arnoldo
1606 2845 1876 2895 interpretatur

240 2924 508 2973 proprietates
540 2931 670 2958 rerum.
713 2918 758 2956 ad
790 2929 939 2955 sensum
978 2916 1094 2954 hene:
1134 2928 1347 2968 quamquain
1387 2928 1458 2955 non
1495 2913 1736 2962 intelligitur,
1778 2926 1875 2966 quo-

243 2989 349 3027 modo
391 3002 516 3028 casus
557 3001 684 3027 rerum
724 2987 872 3038 possint
912 2998 999 3024 esse
1036 2987 1308 3039 proprietates
1348 2997 1481 3024 rerum.
1558 2983 1694 3023 Casus
1737 2979 1874 3023 Catoni
