<?xml version="1.0" encoding="UTF-8"?>
<!DOCTYPE html PUBLIC "-//W3C//DTD XHTML 1.0 Transitional//EN"
    "http://www.w3.org/TR/xhtml1/DTD/xhtml1-transitional.dtd">
<html xmlns="http://www.w3.org/1999/xhtml" xml:lang="en" lang="en">
 <head>
  <title>
</title>
<meta http-equiv="Content-Type" content="text/html;charset=utf-8" />
  <meta name='ocr-system' content='tesseract 3.04.00' />
  <meta name='ocr-capabilities' content='ocr_page ocr_carea ocr_par ocr_line ocrx_word'/>
</head>
<body>
  <div class='ocr_page' id='page_1' title='image "./carmina00catouoft_0088.png"; bbox 0 0 2006 3365; ppageno 0'>
   <div class='ocr_carea' id='block_1_1' title="bbox 204 109 1298 161">
    <p class='ocr_par' dir='ltr' id='par_1_1' title="bbox 204 109 1298 161">
     <span class='ocr_line' id='line_1_1' title="bbox 204 109 1298 161; baseline -0.002 -10"><span class='ocrx_word' id='word_1_1' title='bbox 204 118 269 161; x_wconf 72' lang='grc'>72</span> <span class='ocrx_word' id='word_1_2' title='bbox 768 109 1298 150; x_wconf 75' lang='lat' dir='ltr'>AMMADVERSIONES</span> 
     </span>
    </p>
   </div>
   <div class='ocr_carea' id='block_1_2' title="bbox 199 223 1856 3031">
    <p class='ocr_par' dir='ltr' id='par_1_2' title="bbox 199 223 1856 2548">
     <span class='ocr_line' id='line_1_2' title="bbox 203 223 1850 280; baseline -0.001 -15"><span class='ocrx_word' id='word_1_3' title='bbox 203 231 347 278; x_wconf 87' lang='lat' dir='ltr'>putem,</span> <span class='ocrx_word' id='word_1_4' title='bbox 379 240 486 280; x_wconf 90' lang='lat' dir='ltr'>quum</span> <span class='ocrx_word' id='word_1_5' title='bbox 518 227 604 266; x_wconf 90' lang='lat' dir='ltr'>loco</span> <span class='ocrx_word' id='word_1_6' title='bbox 636 225 736 264; x_wconf 90' lang='lat' dir='ltr'>laud.</span> <span class='ocrx_word' id='word_1_7' title='bbox 769 224 944 275; x_wconf 71' lang='lat' dir='ltr'>cctliqine</span> <span class='ocrx_word' id='word_1_8' title='bbox 971 224 1094 276; x_wconf 77' lang='lat' dir='ltr'>fulva</span> <span class='ocrx_word' id='word_1_9' title='bbox 1119 224 1266 263; x_wconf 86' lang='lat' dir='ltr'>scribit.</span> <span class='ocrx_word' id='word_1_10' title='bbox 1309 223 1350 262; x_wconf 92' lang='lat' dir='ltr'>ln</span> <span class='ocrx_word' id='word_1_11' title='bbox 1372 223 1527 274; x_wconf 75' lang='lat' dir='ltr'>Virgilii</span> <span class='ocrx_word' id='word_1_12' title='bbox 1552 224 1668 263; x_wconf 88' lang='lat' dir='ltr'>locum</span> <span class='ocrx_word' id='word_1_13' title='bbox 1689 224 1850 275; x_wconf 84' lang='lat' dir='ltr'>Agroe-</span> 
     </span>
     <span class='ocr_line' id='line_1_3' title="bbox 203 289 1850 346; baseline -0.002 -11"><span class='ocrx_word' id='word_1_14' title='bbox 203 298 279 336; x_wconf 95' lang='lat' dir='ltr'>tius</span> <span class='ocrx_word' id='word_1_15' title='bbox 311 308 343 335; x_wconf 92' lang='grc'>0.</span> <span class='ocrx_word' id='word_1_16' title='bbox 376 298 500 335; x_wconf 75' lang='grc' dir='ltr'><strong>22Ἰ4.</strong></span> <span class='ocrx_word' id='word_1_17' title='bbox 534 293 671 346; x_wconf 88' lang='lat' dir='ltr'>aliquid</span> <span class='ocrx_word' id='word_1_18' title='bbox 703 292 825 332; x_wconf 87' lang='lat' dir='ltr'>simile</span> <span class='ocrx_word' id='word_1_19' title='bbox 856 291 1029 332; x_wconf 71' lang='lat' dir='ltr'>Creecliii</span> <span class='ocrx_word' id='word_1_20' title='bbox 1054 291 1368 345; x_wconf 73' lang='lat' dir='ltr'>Wakefieldiique</span> <span class='ocrx_word' id='word_1_21' title='bbox 1398 293 1442 331; x_wconf 89' lang='lat' dir='ltr'>ad</span> <span class='ocrx_word' id='word_1_22' title='bbox 1471 293 1681 333; x_wconf 80' lang='lat' dir='ltr'>Lucretium</span> <span class='ocrx_word' id='word_1_23' title='bbox 1713 289 1850 332; x_wconf 86' lang='lat' dir='ltr'>inven-</span> 
     </span>
     <span class='ocr_line' id='line_1_4' title="bbox 202 360 1849 411; baseline -0.002 -7"><span class='ocrx_word' id='word_1_24' title='bbox 202 365 294 405; x_wconf 89' lang='lat' dir='ltr'>tioni</span> <span class='ocrx_word' id='word_1_25' title='bbox 327 363 627 403; x_wconf 76' lang='lat' dir='ltr'>comminiscitur.</span> <span class='ocrx_word' id='word_1_26' title='bbox 690 360 829 400; x_wconf 87' lang='lat' dir='ltr'>Verum</span> <span class='ocrx_word' id='word_1_27' title='bbox 872 360 942 400; x_wconf 86' lang='grc'>1100</span> <span class='ocrx_word' id='word_1_28' title='bbox 973 361 1006 400; x_wconf 89' lang='lat' dir='ltr'>si</span> <span class='ocrx_word' id='word_1_29' title='bbox 1038 360 1225 400; x_wconf 85' lang='lat' dir='ltr'>voluisset</span> <span class='ocrx_word' id='word_1_30' title='bbox 1256 361 1467 411; x_wconf 78' lang='lat' dir='ltr'>Virgilius,</span> <span class='ocrx_word' id='word_1_31' title='bbox 1508 362 1687 400; x_wconf 75' lang='lat' dir='ltr'>disertius</span> <span class='ocrx_word' id='word_1_32' title='bbox 1717 362 1849 400; x_wconf 87' lang='lat' dir='ltr'>decla-</span> 
     </span>
     <span class='ocr_line' id='line_1_5' title="bbox 202 429 1848 483; baseline -0.002 -11"><span class='ocrx_word' id='word_1_33' title='bbox 202 439 349 472; x_wconf 88' lang='lat' dir='ltr'>raturus</span> <span class='ocrx_word' id='word_1_34' title='bbox 382 435 483 480; x_wconf 85' lang='lat' dir='ltr'>erat,</span> <span class='ocrx_word' id='word_1_35' title='bbox 524 434 704 483; x_wconf 77' lang='lat' dir='ltr'>tamquam</span> <span class='ocrx_word' id='word_1_36' title='bbox 738 443 811 469; x_wconf 90' lang='lat' dir='ltr'>rem</span> <span class='ocrx_word' id='word_1_37' title='bbox 843 431 987 476; x_wconf 81' lang='lat' dir='ltr'>miram,</span> <span class='ocrx_word' id='word_1_38' title='bbox 1031 429 1093 469; x_wconf 90' lang='lat' dir='ltr'>vel</span> <span class='ocrx_word' id='word_1_39' title='bbox 1126 442 1266 479; x_wconf 88' lang='lat' dir='ltr'>raram,</span> <span class='ocrx_word' id='word_1_40' title='bbox 1309 433 1347 468; x_wconf 90' lang='lat' dir='ltr'>ut</span> <span class='ocrx_word' id='word_1_41' title='bbox 1378 431 1466 469; x_wconf 81' lang='lat' dir='ltr'>facit</span> <span class='ocrx_word' id='word_1_42' title='bbox 1498 431 1598 469; x_wconf 86' lang='lat' dir='ltr'>Aen.</span> <span class='ocrx_word' id='word_1_43' title='bbox 1632 429 1718 468; x_wconf 87' lang='lat' dir='ltr'>vll.</span> <span class='ocrx_word' id='word_1_44' title='bbox 1755 433 1848 468; x_wconf 66' lang='lat'>1⁴2.</span> 
     </span>
     <span class='ocr_line' id='line_1_6' title="bbox 202 498 1850 551; baseline -0.002 -11"><span class='ocrx_word' id='word_1_45' title='bbox 202 501 253 541; x_wconf 90' lang='lat' dir='ltr'>Ut</span> <span class='ocrx_word' id='word_1_46' title='bbox 284 512 379 539; x_wconf 87' lang='lat' dir='ltr'>nunc</span> <span class='ocrx_word' id='word_1_47' title='bbox 410 512 473 538; x_wconf 88' lang='lat' dir='ltr'>res</span> <span class='ocrx_word' id='word_1_48' title='bbox 505 502 588 549; x_wconf 83' lang='lat' dir='ltr'>est,</span> <span class='ocrx_word' id='word_1_49' title='bbox 621 511 700 538; x_wconf 89' lang='lat' dir='ltr'>eum</span> <span class='ocrx_word' id='word_1_50' title='bbox 733 504 804 538; x_wconf 87' lang='lat' dir='ltr'>tam</span> <span class='ocrx_word' id='word_1_51' title='bbox 835 500 869 537; x_wconf 93' lang='lat' dir='ltr'>in</span> <span class='ocrx_word' id='word_1_52' title='bbox 902 498 1062 548; x_wconf 75' lang='lat' dir='ltr'>Virgilii</span> <span class='ocrx_word' id='word_1_53' title='bbox 1096 499 1201 546; x_wconf 87' lang='lat' dir='ltr'>loco,</span> <span class='ocrx_word' id='word_1_54' title='bbox 1235 511 1340 550; x_wconf 86' lang='lat' dir='ltr'>quam</span> <span class='ocrx_word' id='word_1_55' title='bbox 1373 500 1533 538; x_wconf 86' lang='lat' dir='ltr'>caeteris</span> <span class='ocrx_word' id='word_1_56' title='bbox 1565 512 1659 551; x_wconf 92' lang='lat' dir='ltr'>quos</span> <span class='ocrx_word' id='word_1_57' title='bbox 1689 499 1850 550; x_wconf 86' lang='lat' dir='ltr'>apposui</span> 
     </span>
     <span class='ocr_line' id='line_1_7' title="bbox 201 567 1850 620; baseline -0.002 -12"><span class='ocrx_word' id='word_1_58' title='bbox 201 570 393 618; x_wconf 89' lang='lat' dir='ltr'>omnibus,</span> <span class='ocrx_word' id='word_1_59' title='bbox 431 568 595 608; x_wconf 87' lang='lat' dir='ltr'>colorem</span> <span class='ocrx_word' id='word_1_60' title='bbox 628 568 907 618; x_wconf 77' lang='lat' dir='ltr'>cogitabimuS,</span> <span class='ocrx_word' id='word_1_61' title='bbox 945 569 1006 620; x_wconf 91' lang='lat' dir='ltr'>qni</span> <span class='ocrx_word' id='word_1_62' title='bbox 1039 569 1240 607; x_wconf 85' lang='lat' dir='ltr'>communis</span> <span class='ocrx_word' id='word_1_63' title='bbox 1273 568 1413 617; x_wconf 88' lang='lat' dir='ltr'>cineri,</span> <span class='ocrx_word' id='word_1_64' title='bbox 1452 568 1622 618; x_wconf 77' lang='lat' dir='ltr'>pulveri,</span> <span class='ocrx_word' id='word_1_65' title='bbox 1659 580 1703 606; x_wconf 87' lang='lat' dir='ltr'>ac</span> <span class='ocrx_word' id='word_1_66' title='bbox 1734 567 1850 605; x_wconf 88' lang='lat' dir='ltr'>nubi-</span> 
     </span>
     <span class='ocr_line' id='line_1_8' title="bbox 200 635 1851 690; baseline -0.001 -13"><span class='ocrx_word' id='word_1_67' title='bbox 200 639 272 678; x_wconf 89' lang='lat' dir='ltr'>bus</span> <span class='ocrx_word' id='word_1_68' title='bbox 305 642 377 677; x_wconf 91' lang='lat' dir='ltr'>tum</span> <span class='ocrx_word' id='word_1_69' title='bbox 410 637 580 690; x_wconf 90' lang='lat' dir='ltr'>quidem,</span> <span class='ocrx_word' id='word_1_70' title='bbox 612 649 718 688; x_wconf 86' lang='lat' dir='ltr'>quum</span> <span class='ocrx_word' id='word_1_71' title='bbox 751 636 935 675; x_wconf 85' lang='lat' dir='ltr'>candidae</span> <span class='ocrx_word' id='word_1_72' title='bbox 966 649 1055 675; x_wconf 87' lang='lat' dir='ltr'>esse</span> <span class='ocrx_word' id='word_1_73' title='bbox 1087 637 1298 682; x_wconf 82' lang='lat' dir='ltr'>desierunt,</span> <span class='ocrx_word' id='word_1_74' title='bbox 1334 636 1370 674; x_wconf 85' lang='grc'>11.</span> <span class='ocrx_word' id='word_1_75' title='bbox 1392 650 1425 674; x_wconf 82' lang='lat' dir='ltr'>e.</span> <span class='ocrx_word' id='word_1_76' title='bbox 1452 638 1659 685; x_wconf 73' lang='lat' dir='ltr'>cinereum,</span> <span class='ocrx_word' id='word_1_77' title='bbox 1692 650 1741 675; x_wconf 87' lang='lat' dir='ltr'>ex</span> <span class='ocrx_word' id='word_1_78' title='bbox 1763 635 1851 675; x_wconf 88' lang='lat' dir='ltr'>albo</span> 
     </span>
     <span class='ocr_line' id='line_1_9' title="bbox 200 704 1849 759; baseline -0.001 -14"><span class='ocrx_word' id='word_1_79' title='bbox 200 708 387 759; x_wconf 83' lang='lat' dir='ltr'>nigroque</span> <span class='ocrx_word' id='word_1_80' title='bbox 428 707 601 754; x_wconf 88' lang='lat' dir='ltr'>mixtum,</span> <span class='ocrx_word' id='word_1_81' title='bbox 654 709 877 754; x_wconf 83' lang='lat' dir='ltr'>vergentem</span> <span class='ocrx_word' id='word_1_82' title='bbox 923 705 1186 757; x_wconf 86' lang='lat' dir='ltr'>aliquantulum</span> <span class='ocrx_word' id='word_1_83' title='bbox 1228 707 1262 743; x_wconf 90' lang='lat' dir='ltr'>in</span> <span class='ocrx_word' id='word_1_84' title='bbox 1304 705 1452 743; x_wconf 73' lang='lat' dir='ltr'>ssavum.</span> <span class='ocrx_word' id='word_1_85' title='bbox 1531 704 1580 744; x_wconf 90' lang='lat' dir='ltr'>Ut</span> <span class='ocrx_word' id='word_1_86' title='bbox 1617 707 1652 744; x_wconf 90' lang='lat' dir='ltr'>in</span> <span class='ocrx_word' id='word_1_87' title='bbox 1702 705 1849 756; x_wconf 87' lang='lat' dir='ltr'>puella-</span> 
     </span>
     <span class='ocr_line' id='line_1_10' title="bbox 199 772 1849 826; baseline -0.001 -12"><span class='ocrx_word' id='word_1_88' title='bbox 199 788 278 814; x_wconf 89' lang='lat' dir='ltr'>rum</span> <span class='ocrx_word' id='word_1_89' title='bbox 317 774 465 826; x_wconf 83' lang='lat' dir='ltr'>capillis</span> <span class='ocrx_word' id='word_1_90' title='bbox 504 775 656 826; x_wconf 90' lang='lat' dir='ltr'>species</span> <span class='ocrx_word' id='word_1_91' title='bbox 697 774 784 812; x_wconf 83' lang='lat' dir='ltr'>ssavi</span> <span class='ocrx_word' id='word_1_92' title='bbox 825 773 964 813; x_wconf 88' lang='lat' dir='ltr'>coloris</span> <span class='ocrx_word' id='word_1_93' title='bbox 1006 786 1050 812; x_wconf 85' lang='lat' dir='ltr'>ea</span> <span class='ocrx_word' id='word_1_94' title='bbox 1090 772 1284 821; x_wconf 79' lang='lat' dir='ltr'>laudatur,</span> <span class='ocrx_word' id='word_1_95' title='bbox 1327 787 1432 826; x_wconf 88' lang='lat' dir='ltr'>quam</span> <span class='ocrx_word' id='word_1_96' title='bbox 1471 773 1569 813; x_wconf 85' lang='lat' dir='ltr'>Galli</span> <span class='ocrx_word' id='word_1_97' title='bbox 1611 774 1761 814; x_wconf 85' lang='lat' dir='ltr'>eendre&#39;</span> <span class='ocrx_word' id='word_1_98' title='bbox 1790 774 1849 812; x_wconf 90' lang='lat' dir='ltr'>di-</span> 
     </span>
     <span class='ocr_line' id='line_1_11' title="bbox 202 842 1850 895; baseline -0.002 -12"><span class='ocrx_word' id='word_1_99' title='bbox 202 847 302 884; x_wconf 85' lang='lat' dir='ltr'>cunt.</span> <span class='ocrx_word' id='word_1_100' title='bbox 363 845 555 884; x_wconf 85' lang='lat' dir='ltr'>Pacuvius</span> <span class='ocrx_word' id='word_1_101' title='bbox 596 847 633 883; x_wconf 91' lang='lat' dir='ltr'>et</span> <span class='ocrx_word' id='word_1_102' title='bbox 672 844 741 882; x_wconf 90' lang='lat' dir='ltr'>iam</span> <span class='ocrx_word' id='word_1_103' title='bbox 771 843 920 895; x_wconf 79' lang='lat' dir='ltr'>slavum</span> <span class='ocrx_word' id='word_1_104' title='bbox 958 843 1084 881; x_wconf 85' lang='lat' dir='ltr'>dicere</span> <span class='ocrx_word' id='word_1_105' title='bbox 1124 854 1239 880; x_wconf 88' lang='lat' dir='ltr'>ausus</span> <span class='ocrx_word' id='word_1_106' title='bbox 1280 846 1340 882; x_wconf 83' lang='lat' dir='ltr'>est</span> <span class='ocrx_word' id='word_1_107' title='bbox 1371 842 1587 893; x_wconf 88' lang='lat' dir='ltr'>pulverem,</span> <span class='ocrx_word' id='word_1_108' title='bbox 1629 843 1690 881; x_wconf 91' lang='lat' dir='ltr'>ubi</span> <span class='ocrx_word' id='word_1_109' title='bbox 1722 842 1850 893; x_wconf 81' lang='lat' dir='ltr'>Eury-</span> 
     </span>
     <span class='ocr_line' id='line_1_12' title="bbox 202 909 1850 965; baseline -0.002 -13"><span class='ocrx_word' id='word_1_110' title='bbox 202 912 285 952; x_wconf 87' lang='lat' dir='ltr'>clea</span> <span class='ocrx_word' id='word_1_111' title='bbox 316 913 434 965; x_wconf 89' lang='lat' dir='ltr'>pedes</span> <span class='ocrx_word' id='word_1_112' title='bbox 474 913 578 953; x_wconf 85' lang='lat' dir='ltr'>lavat</span> <span class='ocrx_word' id='word_1_113' title='bbox 618 911 757 951; x_wconf 83' lang='lat' dir='ltr'>Ulixis.</span> <span class='ocrx_word' id='word_1_114' title='bbox 818 912 924 950; x_wconf 87' lang='lat' dir='ltr'>Bene</span> <span class='ocrx_word' id='word_1_115' title='bbox 964 909 1120 950; x_wconf 84' lang='lat' dir='ltr'>Catonis</span> <span class='ocrx_word' id='word_1_116' title='bbox 1161 924 1310 949; x_wconf 81' lang='lat' dir='ltr'>versum</span> <span class='ocrx_word' id='word_1_117' title='bbox 1342 911 1371 950; x_wconf 92' lang='lat'>1.</span> <span class='ocrx_word' id='word_1_118' title='bbox 1406 911 1454 950; x_wconf 86' lang='grc' dir='ltr'>ΙΙ.</span> <span class='ocrx_word' id='word_1_119' title='bbox 1487 911 1653 950; x_wconf 82' lang='lat' dir='ltr'>Vossius</span> <span class='ocrx_word' id='word_1_120' title='bbox 1686 913 1721 950; x_wconf 91' lang='lat' dir='ltr'>in</span> <span class='ocrx_word' id='word_1_121' title='bbox 1755 912 1850 962; x_wconf 86' lang='lat' dir='ltr'>Epi-</span> 
     </span>
     <span class='ocr_line' id='line_1_13' title="bbox 202 979 1850 1033; baseline -0.002 -13"><span class='ocrx_word' id='word_1_122' title='bbox 202 981 314 1021; x_wconf 86' lang='lat' dir='ltr'>stolis</span> <span class='ocrx_word' id='word_1_123' title='bbox 353 981 512 1033; x_wconf 77' lang='lat' dir='ltr'>mythol.</span> <span class='ocrx_word' id='word_1_124' title='bbox 547 982 575 1021; x_wconf 91' lang='lat' dir='ltr'>l.</span> <span class='ocrx_word' id='word_1_125' title='bbox 608 996 739 1019; x_wconf 77' lang='lat' dir='ltr'>xxxv.</span> <span class='ocrx_word' id='word_1_126' title='bbox 779 981 952 1032; x_wconf 87' lang='lat' dir='ltr'>accepit:</span> <span class='ocrx_word' id='word_1_127' title='bbox 1005 981 1124 1018; x_wconf 86' lang='lat' dir='ltr'>Eurus</span> <span class='ocrx_word' id='word_1_128' title='bbox 1160 981 1257 1031; x_wconf 82' lang='lat' dir='ltr'>jage</span> <span class='ocrx_word' id='word_1_129' title='bbox 1290 980 1497 1019; x_wconf 79' lang='lat' dir='ltr'>vermischt</span> <span class='ocrx_word' id='word_1_130' title='bbox 1527 981 1590 1019; x_wconf 88' lang='lat' dir='ltr'>mit</span> <span class='ocrx_word' id='word_1_131' title='bbox 1620 979 1850 1029; x_wconf 84' lang='lat' dir='ltr'>gelblichem</span> 
     </span>
     <span class='ocr_line' id='line_1_14' title="bbox 201 1048 1850 1101; baseline -0.002 -10"><span class='ocrx_word' id='word_1_132' title='bbox 201 1050 351 1091; x_wconf 85' lang='lat' dir='ltr'>Dunkel</span> <span class='ocrx_word' id='word_1_133' title='bbox 384 1049 545 1089; x_wconf 79' lang='lat' dir='ltr'>Gewolk</span> <span class='ocrx_word' id='word_1_134' title='bbox 575 1050 656 1089; x_wconf 87' lang='lat' dir='ltr'>her.</span> <span class='ocrx_word' id='word_1_135' title='bbox 718 1051 767 1089; x_wconf 85' lang='lat' dir='ltr'>Et</span> <span class='ocrx_word' id='word_1_136' title='bbox 798 1050 895 1100; x_wconf 88' lang='lat' dir='ltr'>apud</span> <span class='ocrx_word' id='word_1_137' title='bbox 927 1048 1108 1089; x_wconf 82' lang='lat' dir='ltr'>Catonem</span> <span class='ocrx_word' id='word_1_138' title='bbox 1147 1049 1293 1101; x_wconf 89' lang='lat' dir='ltr'>quidem</span> <span class='ocrx_word' id='word_1_139' title='bbox 1321 1049 1443 1101; x_wconf 79' lang='lat' dir='ltr'>sulcu</span> <span class='ocrx_word' id='word_1_140' title='bbox 1476 1061 1547 1087; x_wconf 92' lang='grc'>11011</span> <span class='ocrx_word' id='word_1_141' title='bbox 1580 1049 1698 1088; x_wconf 86' lang='lat' dir='ltr'>solum</span> <span class='ocrx_word' id='word_1_142' title='bbox 1729 1048 1850 1088; x_wconf 89' lang='lat' dir='ltr'>libro-</span> 
     </span>
     <span class='ocr_line' id='line_1_15' title="bbox 201 1116 1850 1170; baseline -0.001 -11"><span class='ocrx_word' id='word_1_143' title='bbox 201 1133 279 1159; x_wconf 86' lang='lat' dir='ltr'>rum</span> <span class='ocrx_word' id='word_1_144' title='bbox 311 1120 539 1159; x_wconf 87' lang='lat' dir='ltr'>auctoritate</span> <span class='ocrx_word' id='word_1_145' title='bbox 570 1122 698 1169; x_wconf 85' lang='lat' dir='ltr'>tuear,</span> <span class='ocrx_word' id='word_1_146' title='bbox 742 1118 810 1158; x_wconf 85' lang='lat' dir='ltr'>sed</span> <span class='ocrx_word' id='word_1_147' title='bbox 851 1131 919 1157; x_wconf 84' lang='lat' dir='ltr'>sua</span> <span class='ocrx_word' id='word_1_148' title='bbox 953 1119 1091 1156; x_wconf 82' lang='lat' dir='ltr'>virtute</span> <span class='ocrx_word' id='word_1_149' title='bbox 1130 1119 1357 1170; x_wconf 87' lang='lat' dir='ltr'>propriaque</span> <span class='ocrx_word' id='word_1_150' title='bbox 1388 1120 1602 1169; x_wconf 78' lang='lat' dir='ltr'>potestate.</span> <span class='ocrx_word' id='word_1_151' title='bbox 1665 1116 1850 1158; x_wconf 87' lang='lat' dir='ltr'>Consulto</span> 
     </span>
     <span class='ocr_line' id='line_1_16' title="bbox 201 1185 1851 1239; baseline -0.002 -11"><span class='ocrx_word' id='word_1_152' title='bbox 201 1192 362 1228; x_wconf 56' lang='lat' dir='ltr'>mixtam</span> <span class='ocrx_word' id='word_1_153' title='bbox 400 1187 506 1226; x_wconf 79' lang='lat' dir='ltr'>fulva</span> <span class='ocrx_word' id='word_1_154' title='bbox 543 1188 716 1239; x_wconf 73' lang='lat' dir='ltr'>caliyine</span> <span class='ocrx_word' id='word_1_155' title='bbox 754 1186 888 1226; x_wconf 88' lang='lat' dir='ltr'>nubem</span> <span class='ocrx_word' id='word_1_156' title='bbox 926 1187 1043 1235; x_wconf 85' lang='lat' dir='ltr'>dixit,</span> <span class='ocrx_word' id='word_1_157' title='bbox 1085 1185 1120 1224; x_wconf 91' lang='grc'>11.</span> <span class='ocrx_word' id='word_1_158' title='bbox 1156 1199 1189 1225; x_wconf 88' lang='lat' dir='ltr'>e.</span> <span class='ocrx_word' id='word_1_159' title='bbox 1228 1186 1393 1236; x_wconf 83' lang='lat' dir='ltr'>ambigui</span> <span class='ocrx_word' id='word_1_160' title='bbox 1434 1185 1594 1236; x_wconf 88' lang='lat' dir='ltr'>coloris,</span> <span class='ocrx_word' id='word_1_161' title='bbox 1633 1185 1851 1225; x_wconf 84' lang='lat' dir='ltr'>accedentis</span> 
     </span>
     <span class='ocr_line' id='line_1_17' title="bbox 203 1254 1850 1310; baseline -0.001 -15"><span class='ocrx_word' id='word_1_162' title='bbox 203 1257 347 1310; x_wconf 79' lang='lat' dir='ltr'>quidem</span> <span class='ocrx_word' id='word_1_163' title='bbox 379 1256 425 1295; x_wconf 87' lang='lat' dir='ltr'>ad</span> <span class='ocrx_word' id='word_1_164' title='bbox 457 1256 631 1306; x_wconf 82' lang='lat' dir='ltr'>nigrum,</span> <span class='ocrx_word' id='word_1_165' title='bbox 663 1256 730 1294; x_wconf 86' lang='lat' dir='ltr'>sed</span> <span class='ocrx_word' id='word_1_166' title='bbox 763 1260 884 1295; x_wconf 85' lang='lat' dir='ltr'>tamen</span> <span class='ocrx_word' id='word_1_167' title='bbox 915 1268 936 1293; x_wconf 84' lang='lat' dir='ltr'>a</span> <span class='ocrx_word' id='word_1_168' title='bbox 968 1255 1080 1303; x_wconf 85' lang='lat' dir='ltr'>nigro</span> <span class='ocrx_word' id='word_1_169' title='bbox 1112 1254 1277 1293; x_wconf 81' lang='lat' dir='ltr'>diversi:</span> <span class='ocrx_word' id='word_1_170' title='bbox 1317 1256 1528 1304; x_wconf 80' lang='lat' dir='ltr'>nigrorem,</span> <span class='ocrx_word' id='word_1_171' title='bbox 1569 1268 1758 1308; x_wconf 86' lang='lat' dir='ltr'>verasque</span> <span class='ocrx_word' id='word_1_172' title='bbox 1789 1258 1850 1294; x_wconf 88' lang='lat' dir='ltr'>te-</span> 
     </span>
     <span class='ocr_line' id='line_1_18' title="bbox 203 1322 1850 1376; baseline -0.002 -11"><span class='ocrx_word' id='word_1_173' title='bbox 203 1326 364 1373; x_wconf 85' lang='lat' dir='ltr'>nebras,</span> <span class='ocrx_word' id='word_1_174' title='bbox 405 1325 576 1376; x_wconf 87' lang='lat' dir='ltr'>proximo</span> <span class='ocrx_word' id='word_1_175' title='bbox 609 1325 736 1364; x_wconf 82' lang='lat' dir='ltr'>versui</span> <span class='ocrx_word' id='word_1_176' title='bbox 769 1326 966 1367; x_wconf 83' lang='lat' dir='ltr'>reservat,</span> <span class='ocrx_word' id='word_1_177' title='bbox 1009 1323 1069 1362; x_wconf 91' lang='lat' dir='ltr'>ubi</span> <span class='ocrx_word' id='word_1_178' title='bbox 1102 1324 1218 1362; x_wconf 90' lang='lat' dir='ltr'>nimbi</span> <span class='ocrx_word' id='word_1_179' title='bbox 1254 1326 1481 1363; x_wconf 77' lang='lat' dir='ltr'>minitantes</span> <span class='ocrx_word' id='word_1_180' title='bbox 1521 1323 1674 1363; x_wconf 83' lang='lat' dir='ltr'>imbrem</span> <span class='ocrx_word' id='word_1_181' title='bbox 1705 1322 1850 1362; x_wconf 86' lang='lat' dir='ltr'>intelli-</span> 
     </span>
     <span class='ocr_line' id='line_1_19' title="bbox 202 1391 1851 1444; baseline 0 -12"><span class='ocrx_word' id='word_1_182' title='bbox 202 1394 319 1444; x_wconf 81' lang='lat' dir='ltr'>gendi</span> <span class='ocrx_word' id='word_1_183' title='bbox 352 1398 439 1434; x_wconf 87' lang='lat' dir='ltr'>sunt</span> <span class='ocrx_word' id='word_1_184' title='bbox 470 1394 591 1444; x_wconf 81' lang='lat' dir='ltr'>nigri,</span> <span class='ocrx_word' id='word_1_185' title='bbox 629 1396 668 1433; x_wconf 84' lang='lat' dir='ltr'>ut</span> <span class='ocrx_word' id='word_1_186' title='bbox 698 1392 824 1433; x_wconf 85' lang='lat' dir='ltr'>solent</span> <span class='ocrx_word' id='word_1_187' title='bbox 854 1405 964 1441; x_wconf 86' lang='lat' dir='ltr'>esse,</span> <span class='ocrx_word' id='word_1_188' title='bbox 1005 1405 1112 1444; x_wconf 91' lang='lat' dir='ltr'>quum</span> <span class='ocrx_word' id='word_1_189' title='bbox 1144 1393 1264 1431; x_wconf 90' lang='lat' dir='ltr'>imber</span> <span class='ocrx_word' id='word_1_190' title='bbox 1295 1393 1411 1432; x_wconf 86' lang='lat' dir='ltr'>instat</span> <span class='ocrx_word' id='word_1_191' title='bbox 1441 1393 1712 1441; x_wconf 85' lang='lat' dir='ltr'>gravissimus.</span> <span class='ocrx_word' id='word_1_192' title='bbox 1774 1391 1851 1432; x_wconf 88' lang='lat' dir='ltr'>Or·-</span> 
     </span>
     <span class='ocr_line' id='line_1_20' title="bbox 205 1459 1851 1515; baseline -0.001 -14"><span class='ocrx_word' id='word_1_193' title='bbox 205 1464 291 1502; x_wconf 87' lang='lat' dir='ltr'>dine</span> <span class='ocrx_word' id='word_1_194' title='bbox 321 1463 477 1515; x_wconf 86' lang='lat' dir='ltr'>quodam</span> <span class='ocrx_word' id='word_1_195' title='bbox 509 1463 680 1514; x_wconf 79' lang='lat' dir='ltr'>procedit</span> <span class='ocrx_word' id='word_1_196' title='bbox 711 1466 845 1514; x_wconf 87' lang='lat' dir='ltr'>poeta,</span> <span class='ocrx_word' id='word_1_197' title='bbox 880 1465 1089 1513; x_wconf 87' lang='lat' dir='ltr'>ventosque</span> <span class='ocrx_word' id='word_1_198' title='bbox 1120 1461 1299 1499; x_wconf 78' lang='lat' dir='ltr'>diversos</span> <span class='ocrx_word' id='word_1_199' title='bbox 1332 1473 1438 1500; x_wconf 91' lang='lat' dir='ltr'>unum</span> <span class='ocrx_word' id='word_1_200' title='bbox 1465 1463 1552 1512; x_wconf 84' lang='lat' dir='ltr'>post</span> <span class='ocrx_word' id='word_1_201' title='bbox 1572 1459 1726 1500; x_wconf 89' lang='lat' dir='ltr'>alterum</span> <span class='ocrx_word' id='word_1_202' title='bbox 1754 1473 1851 1500; x_wconf 83' lang='lat' dir='ltr'>evo-</span> 
     </span>
     <span class='ocr_line' id='line_1_21' title="bbox 206 1530 1853 1582; baseline -0.001 -12"><span class='ocrx_word' id='word_1_203' title='bbox 206 1536 286 1576; x_wconf 82' lang='lat' dir='ltr'>cat,</span> <span class='ocrx_word' id='word_1_204' title='bbox 322 1534 361 1571; x_wconf 87' lang='lat' dir='ltr'>ct</span> <span class='ocrx_word' id='word_1_205' title='bbox 391 1532 471 1570; x_wconf 93' lang='lat' dir='ltr'>dum</span> <span class='ocrx_word' id='word_1_206' title='bbox 505 1532 819 1571; x_wconf 81' lang='lat' dir='ltr'>concertationem</span> <span class='ocrx_word' id='word_1_207' title='bbox 851 1530 929 1569; x_wconf 88' lang='lat' dir='ltr'>fieri</span> <span class='ocrx_word' id='word_1_208' title='bbox 963 1543 1007 1568; x_wconf 89' lang='lat' dir='ltr'>eo</span> <span class='ocrx_word' id='word_1_209' title='bbox 1040 1532 1120 1569; x_wconf 80' lang='lat' dir='ltr'>fere</span> <span class='ocrx_word' id='word_1_210' title='bbox 1151 1530 1281 1574; x_wconf 80' lang='lat' dir='ltr'>modo,</span> <span class='ocrx_word' id='word_1_211' title='bbox 1321 1543 1393 1582; x_wconf 91' lang='lat' dir='ltr'>quo</span> <span class='ocrx_word' id='word_1_212' title='bbox 1426 1531 1461 1568; x_wconf 91' lang='grc'>111</span> <span class='ocrx_word' id='word_1_213' title='bbox 1492 1530 1581 1568; x_wconf 88' lang='lat' dir='ltr'>mari</span> <span class='ocrx_word' id='word_1_214' title='bbox 1613 1530 1853 1568; x_wconf 85' lang='lat' dir='ltr'>decertantes</span> 
     </span>
     <span class='ocr_line' id='line_1_22' title="bbox 207 1598 1853 1654; baseline -0.002 -14"><span class='ocrx_word' id='word_1_215' title='bbox 207 1601 312 1640; x_wconf 78' lang='lat' dir='ltr'>venti</span> <span class='ocrx_word' id='word_1_216' title='bbox 345 1601 608 1639; x_wconf 88' lang='lat' dir='ltr'>describuntur</span> <span class='ocrx_word' id='word_1_217' title='bbox 639 1612 660 1638; x_wconf 85' lang='lat' dir='ltr'>a</span> <span class='ocrx_word' id='word_1_218' title='bbox 691 1598 835 1643; x_wconf 85' lang='lat' dir='ltr'>multis,</span> <span class='ocrx_word' id='word_1_219' title='bbox 879 1601 916 1637; x_wconf 94' lang='lat' dir='ltr'>ut</span> <span class='ocrx_word' id='word_1_220' title='bbox 947 1599 993 1637; x_wconf 85' lang='lat' dir='ltr'>ab</span> <span class='ocrx_word' id='word_1_221' title='bbox 1026 1599 1183 1637; x_wconf 85' lang='lat' dir='ltr'>Horatio</span> <span class='ocrx_word' id='word_1_222' title='bbox 1217 1599 1339 1638; x_wconf 78' lang='lat' dir='ltr'>Carm.</span> <span class='ocrx_word' id='word_1_223' title='bbox 1372 1598 1402 1637; x_wconf 94' lang='lat' dir='ltr'>l.</span> <span class='ocrx_word' id='word_1_224' title='bbox 1437 1614 1494 1654; x_wconf 79' lang='lat' dir='ltr'>m,</span> <span class='ocrx_word' id='word_1_225' title='bbox 1531 1600 1595 1636; x_wconf 79' lang='lat'>12.</span> <span class='ocrx_word' id='word_1_226' title='bbox 1627 1601 1667 1637; x_wconf 89' lang='grc'>3.</span> <span class='ocrx_word' id='word_1_227' title='bbox 1699 1600 1737 1636; x_wconf 91' lang='lat' dir='ltr'>et</span> <span class='ocrx_word' id='word_1_228' title='bbox 1767 1598 1853 1637; x_wconf 83' lang='lat' dir='ltr'>aliis</span> 
     </span>
     <span class='ocr_line' id='line_1_23' title="bbox 205 1666 1853 1721; baseline -0.003 -12"><span class='ocrx_word' id='word_1_229' title='bbox 205 1683 268 1721; x_wconf 88' lang='lat' dir='ltr'>ap.</span> <span class='ocrx_word' id='word_1_230' title='bbox 307 1668 521 1709; x_wconf 77' lang='lat' dir='ltr'>Columnam</span> <span class='ocrx_word' id='word_1_231' title='bbox 562 1669 599 1706; x_wconf 90' lang='lat' dir='ltr'>in</span> <span class='ocrx_word' id='word_1_232' title='bbox 638 1668 786 1717; x_wconf 81' lang='lat' dir='ltr'>Fragm.</span> <span class='ocrx_word' id='word_1_233' title='bbox 827 1666 936 1705; x_wconf 87' lang='lat' dir='ltr'>Ennii</span> <span class='ocrx_word' id='word_1_234' title='bbox 979 1679 1016 1717; x_wconf 91' lang='lat' dir='ltr'>p.</span> <span class='ocrx_word' id='word_1_235' title='bbox 1053 1670 1144 1705; x_wconf 71' lang='lat'>114.</span> <span class='ocrx_word' id='word_1_236' title='bbox 1189 1667 1306 1705; x_wconf 88' lang='lat' dir='ltr'>IIess.</span> <span class='ocrx_word' id='word_1_237' title='bbox 1346 1670 1542 1706; x_wconf 80' lang='lat' dir='ltr'>ventorum</span> <span class='ocrx_word' id='word_1_238' title='bbox 1582 1667 1708 1716; x_wconf 84' lang='lat' dir='ltr'>iubet,</span> <span class='ocrx_word' id='word_1_239' title='bbox 1749 1680 1853 1705; x_wconf 88' lang='lat' dir='ltr'>suam</span> 
     </span>
     <span class='ocr_line' id='line_1_24' title="bbox 207 1734 1854 1790; baseline -0.002 -12"><span class='ocrx_word' id='word_1_240' title='bbox 207 1743 324 1778; x_wconf 81' lang='lat' dir='ltr'>vento</span> <span class='ocrx_word' id='word_1_241' title='bbox 358 1739 490 1790; x_wconf 85' lang='lat' dir='ltr'>cuique</span> <span class='ocrx_word' id='word_1_242' title='bbox 519 1738 789 1788; x_wconf 80' lang='lat' dir='ltr'>proprietatem</span> <span class='ocrx_word' id='word_1_243' title='bbox 821 1736 964 1775; x_wconf 88' lang='lat' dir='ltr'>tribuit.</span> <span class='ocrx_word' id='word_1_244' title='bbox 1027 1736 1183 1775; x_wconf 81' lang='lat' dir='ltr'>Boreae</span> <span class='ocrx_word' id='word_1_245' title='bbox 1214 1734 1489 1774; x_wconf 83' lang='lat' dir='ltr'>vehementiam</span> <span class='ocrx_word' id='word_1_246' title='bbox 1522 1734 1691 1786; x_wconf 87' lang='lat' dir='ltr'>spirandi</span> <span class='ocrx_word' id='word_1_247' title='bbox 1724 1735 1854 1774; x_wconf 87' lang='lat' dir='ltr'>imma-</span> 
     </span>
     <span class='ocr_line' id='line_1_25' title="bbox 207 1804 1855 1856; baseline -0.003 -10"><span class='ocrx_word' id='word_1_248' title='bbox 207 1820 302 1846; x_wconf 87' lang='lat' dir='ltr'>nem.</span> <span class='ocrx_word' id='word_1_249' title='bbox 346 1807 455 1847; x_wconf 81' lang='lat' dir='ltr'>Euro</span> <span class='ocrx_word' id='word_1_250' title='bbox 488 1805 580 1855; x_wconf 90' lang='grc'>1100,</span> <span class='ocrx_word' id='word_1_251' title='bbox 614 1811 652 1845; x_wconf 92' lang='lat' dir='ltr'>ut</span> <span class='ocrx_word' id='word_1_252' title='bbox 683 1805 803 1843; x_wconf 87' lang='lat' dir='ltr'>nubes</span> <span class='ocrx_word' id='word_1_253' title='bbox 834 1808 950 1854; x_wconf 81' lang='lat' dir='ltr'>agat,</span> <span class='ocrx_word' id='word_1_254' title='bbox 983 1817 1089 1856; x_wconf 90' lang='lat' dir='ltr'>quum</span> <span class='ocrx_word' id='word_1_255' title='bbox 1121 1805 1268 1842; x_wconf 85' lang='lat' dir='ltr'>Boreae</span> <span class='ocrx_word' id='word_1_256' title='bbox 1299 1805 1421 1853; x_wconf 81' lang='lat' dir='ltr'>magis</span> <span class='ocrx_word' id='word_1_257' title='bbox 1454 1805 1642 1855; x_wconf 90' lang='lat' dir='ltr'>proprium</span> <span class='ocrx_word' id='word_1_258' title='bbox 1668 1804 1743 1853; x_wconf 88' lang='lat' dir='ltr'>sit,</span> <span class='ocrx_word' id='word_1_259' title='bbox 1770 1804 1855 1842; x_wconf 83' lang='lat' dir='ltr'>dis-</span> 
     </span>
     <span class='ocr_line' id='line_1_26' title="bbox 207 1873 1854 1927; baseline -0.001 -12"><span class='ocrx_word' id='word_1_260' title='bbox 207 1878 333 1927; x_wconf 86' lang='lat' dir='ltr'>sipare</span> <span class='ocrx_word' id='word_1_261' title='bbox 373 1876 507 1915; x_wconf 81' lang='lat' dir='ltr'>nubes,</span> <span class='ocrx_word' id='word_1_262' title='bbox 575 1875 699 1914; x_wconf 87' lang='lat' dir='ltr'>Eurus</span> <span class='ocrx_word' id='word_1_263' title='bbox 740 1873 921 1925; x_wconf 84' lang='lat' dir='ltr'>nubifer,</span> <span class='ocrx_word' id='word_1_264' title='bbox 963 1876 1001 1912; x_wconf 93' lang='lat' dir='ltr'>et</span> <span class='ocrx_word' id='word_1_265' title='bbox 1038 1874 1170 1912; x_wconf 85' lang='lat' dir='ltr'>similia</span> <span class='ocrx_word' id='word_1_266' title='bbox 1209 1874 1358 1926; x_wconf 89' lang='lat' dir='ltr'>ubique.</span> <span class='ocrx_word' id='word_1_267' title='bbox 1420 1874 1523 1913; x_wconf 78' lang='lat' dir='ltr'>Facit</span> <span class='ocrx_word' id='word_1_268' title='bbox 1562 1873 1673 1913; x_wconf 88' lang='lat' dir='ltr'>etiam</span> <span class='ocrx_word' id='word_1_269' title='bbox 1713 1873 1854 1913; x_wconf 78' lang='lat' dir='ltr'>imbres</span> 
     </span>
     <span class='ocr_line' id='line_1_27' title="bbox 208 1942 1855 1995; baseline -0.002 -11"><span class='ocrx_word' id='word_1_270' title='bbox 208 1946 353 1994; x_wconf 84' lang='lat' dir='ltr'>Eurus,</span> <span class='ocrx_word' id='word_1_271' title='bbox 397 1948 436 1984; x_wconf 91' lang='lat' dir='ltr'>ut</span> <span class='ocrx_word' id='word_1_272' title='bbox 475 1942 574 1995; x_wconf 85' lang='lat' dir='ltr'>apud</span> <span class='ocrx_word' id='word_1_273' title='bbox 605 1943 739 1982; x_wconf 90' lang='lat' dir='ltr'>Horat.</span> <span class='ocrx_word' id='word_1_274' title='bbox 781 1942 902 1993; x_wconf 83' lang='lat' dir='ltr'>Epod.</span> <span class='ocrx_word' id='word_1_275' title='bbox 937 1957 1020 1981; x_wconf 79' lang='lat' dir='ltr'>xv1.</span> <span class='ocrx_word' id='word_1_276' title='bbox 1054 1946 1120 1981; x_wconf 71' lang='lat'>54.</span> <span class='ocrx_word' id='word_1_277' title='bbox 1183 1943 1259 1982; x_wconf 88' lang='lat' dir='ltr'>Sed</span> <span class='ocrx_word' id='word_1_278' title='bbox 1299 1946 1419 1981; x_wconf 90' lang='lat' dir='ltr'>tamen</span> <span class='ocrx_word' id='word_1_279' title='bbox 1459 1942 1622 1992; x_wconf 86' lang='lat' dir='ltr'>imbres,</span> <span class='ocrx_word' id='word_1_280' title='bbox 1664 1942 1767 1994; x_wconf 89' lang='lat' dir='ltr'>iique.</span> <span class='ocrx_word' id='word_1_281' title='bbox 1806 1955 1855 1980; x_wconf 86' lang='lat' dir='ltr'>ex</span> 
     </span>
     <span class='ocr_line' id='line_1_28' title="bbox 208 2011 1855 2064; baseline -0.003 -11"><span class='ocrx_word' id='word_1_282' title='bbox 208 2014 446 2053; x_wconf 84' lang='lat' dir='ltr'>densissimis</span> <span class='ocrx_word' id='word_1_283' title='bbox 478 2012 766 2064; x_wconf 85' lang='lat' dir='ltr'>nigerrimisque</span> <span class='ocrx_word' id='word_1_284' title='bbox 797 2011 980 2058; x_wconf 88' lang='lat' dir='ltr'>nubibus,</span> <span class='ocrx_word' id='word_1_285' title='bbox 1023 2014 1060 2050; x_wconf 88' lang='lat' dir='ltr'>et</span> <span class='ocrx_word' id='word_1_286' title='bbox 1092 2023 1173 2050; x_wconf 89' lang='lat' dir='ltr'>cum</span> <span class='ocrx_word' id='word_1_287' title='bbox 1208 2011 1360 2050; x_wconf 78' lang='lat' dir='ltr'>fulmine</span> <span class='ocrx_word' id='word_1_288' title='bbox 1398 2012 1610 2063; x_wconf 87' lang='lat' dir='ltr'>tonitruque</span> <span class='ocrx_word' id='word_1_289' title='bbox 1642 2011 1855 2060; x_wconf 88' lang='lat' dir='ltr'>coniuncti,</span> 
     </span>
     <span class='ocr_line' id='line_1_29' title="bbox 209 2078 1856 2133; baseline -0.002 -12"><span class='ocrx_word' id='word_1_290' title='bbox 209 2083 333 2132; x_wconf 82' lang='lat' dir='ltr'>magis</span> <span class='ocrx_word' id='word_1_291' title='bbox 357 2083 509 2133; x_wconf 88' lang='lat' dir='ltr'>proprie</span> <span class='ocrx_word' id='word_1_292' title='bbox 532 2082 576 2120; x_wconf 87' lang='lat' dir='ltr'>ad</span> <span class='ocrx_word' id='word_1_293' title='bbox 602 2084 814 2132; x_wconf 74' lang='lat' dir='ltr'>Austrum,</span> <span class='ocrx_word' id='word_1_294' title='bbox 840 2083 947 2130; x_wconf 84' lang='lat' dir='ltr'>sive,</span> <span class='ocrx_word' id='word_1_295' title='bbox 981 2084 1020 2121; x_wconf 91' lang='lat' dir='ltr'>ut</span> <span class='ocrx_word' id='word_1_296' title='bbox 1042 2086 1194 2130; x_wconf 88' lang='lat' dir='ltr'>noster,</span> <span class='ocrx_word' id='word_1_297' title='bbox 1223 2082 1267 2120; x_wconf 87' lang='lat' dir='ltr'>ad</span> <span class='ocrx_word' id='word_1_298' title='bbox 1297 2082 1479 2132; x_wconf 73' lang='lat' dir='ltr'>.·lfrieum</span> <span class='ocrx_word' id='word_1_299' title='bbox 1502 2080 1705 2131; x_wconf 85' lang='lat' dir='ltr'>pertinent.</span> <span class='ocrx_word' id='word_1_300' title='bbox 1748 2078 1856 2119; x_wconf 88' lang='lat' dir='ltr'>Unde</span> 
     </span>
     <span class='ocr_line' id='line_1_30' title="bbox 211 2148 1856 2202; baseline -0.002 -12"><span class='ocrx_word' id='word_1_301' title='bbox 211 2153 356 2191; x_wconf 85' lang='lat' dir='ltr'>Auster</span> <span class='ocrx_word' id='word_1_302' title='bbox 387 2151 603 2191; x_wconf 83' lang='lat' dir='ltr'>imbrieitor</span> <span class='ocrx_word' id='word_1_303' title='bbox 639 2151 736 2202; x_wconf 88' lang='lat' dir='ltr'>apud</span> <span class='ocrx_word' id='word_1_304' title='bbox 768 2151 922 2190; x_wconf 88' lang='lat' dir='ltr'>Ennium</span> <span class='ocrx_word' id='word_1_305' title='bbox 961 2150 984 2188; x_wconf 95' lang='lat' dir='ltr'>l.</span> <span class='ocrx_word' id='word_1_306' title='bbox 1019 2149 1042 2188; x_wconf 93' lang='lat' dir='ltr'>l.</span> <span class='ocrx_word' id='word_1_307' title='bbox 1076 2163 1112 2200; x_wconf 88' lang='lat' dir='ltr'>p.</span> <span class='ocrx_word' id='word_1_308' title='bbox 1150 2154 1241 2189; x_wconf 86' lang='lat'>115.</span> <span class='ocrx_word' id='word_1_309' title='bbox 1282 2150 1344 2188; x_wconf 83' lang='lat' dir='ltr'>vel</span> <span class='ocrx_word' id='word_1_310' title='bbox 1376 2149 1586 2194; x_wconf 75' lang='lat' dir='ltr'>imbricus,</span> <span class='ocrx_word' id='word_1_311' title='bbox 1629 2152 1666 2187; x_wconf 90' lang='lat' dir='ltr'>ut</span> <span class='ocrx_word' id='word_1_312' title='bbox 1697 2148 1856 2187; x_wconf 87' lang='lat' dir='ltr'>Plautus</span> 
     </span>
     <span class='ocr_line' id='line_1_31' title="bbox 211 2215 1854 2271; baseline -0.003 -11"><span class='ocrx_word' id='word_1_313' title='bbox 211 2220 332 2260; x_wconf 79' lang='lat' dir='ltr'>Mero.</span> <span class='ocrx_word' id='word_1_314' title='bbox 367 2220 414 2259; x_wconf 95' lang='lat' dir='ltr'>V.</span> <span class='ocrx_word' id='word_1_315' title='bbox 450 2236 500 2267; x_wconf 84' lang='lat'>11,</span> <span class='ocrx_word' id='word_1_316' title='bbox 534 2224 600 2259; x_wconf 80' lang='lat'>35.</span> <span class='ocrx_word' id='word_1_317' title='bbox 662 2222 814 2259; x_wconf 78' lang='lat' dir='ltr'>Auster</span> <span class='ocrx_word' id='word_1_318' title='bbox 841 2220 1007 2271; x_wconf 82' lang='lat' dir='ltr'>fulmine</span> <span class='ocrx_word' id='word_1_319' title='bbox 1034 2219 1194 2271; x_wconf 80' lang='lat' dir='ltr'>pollens</span> <span class='ocrx_word' id='word_1_320' title='bbox 1225 2220 1374 2258; x_wconf 88' lang='lat' dir='ltr'>Lucret.</span> <span class='ocrx_word' id='word_1_321' title='bbox 1407 2218 1456 2257; x_wconf 96' lang='lat' dir='ltr'>V.</span> <span class='ocrx_word' id='word_1_322' title='bbox 1490 2220 1585 2257; x_wconf 72' lang='lat'>744.</span> <span class='ocrx_word' id='word_1_323' title='bbox 1647 2215 1708 2257; x_wconf 82' lang='lat' dir='ltr'>Cf.</span> <span class='ocrx_word' id='word_1_324' title='bbox 1740 2217 1854 2266; x_wconf 85' lang='lat' dir='ltr'>Virg.</span> 
     </span>
     <span class='ocr_line' id='line_1_32' title="bbox 212 2287 1854 2340; baseline -0.002 -12"><span class='ocrx_word' id='word_1_325' title='bbox 212 2290 312 2328; x_wconf 85' lang='lat' dir='ltr'>Aen.</span> <span class='ocrx_word' id='word_1_326' title='bbox 344 2289 395 2329; x_wconf 90' lang='lat' dir='ltr'>V.</span> <span class='ocrx_word' id='word_1_327' title='bbox 428 2291 523 2328; x_wconf 83' lang='lat'>696.</span> <span class='ocrx_word' id='word_1_328' title='bbox 561 2289 820 2340; x_wconf 86' lang='lat' dir='ltr'>proximisque</span> <span class='ocrx_word' id='word_1_329' title='bbox 860 2288 1051 2326; x_wconf 84' lang='lat' dir='ltr'>versibus.</span> <span class='ocrx_word' id='word_1_330' title='bbox 1114 2288 1259 2327; x_wconf 88' lang='lat' dir='ltr'>Austro</span> <span class='ocrx_word' id='word_1_331' title='bbox 1299 2292 1418 2326; x_wconf 83' lang='lat' dir='ltr'>autem</span> <span class='ocrx_word' id='word_1_332' title='bbox 1458 2287 1651 2337; x_wconf 88' lang='lat' dir='ltr'>proximus</span> <span class='ocrx_word' id='word_1_333' title='bbox 1682 2287 1854 2338; x_wconf 83' lang='lat' dir='ltr'>Africus</span> 
     </span>
     <span class='ocr_line' id='line_1_33' title="bbox 213 2355 1854 2405; baseline -0.003 -8"><span class='ocrx_word' id='word_1_334' title='bbox 213 2362 286 2398; x_wconf 89' lang='lat' dir='ltr'>est.</span> <span class='ocrx_word' id='word_1_335' title='bbox 347 2358 402 2396; x_wconf 88' lang='lat' dir='ltr'>At</span> <span class='ocrx_word' id='word_1_336' title='bbox 434 2356 529 2397; x_wconf 83' lang='lat' dir='ltr'>Cato</span> <span class='ocrx_word' id='word_1_337' title='bbox 561 2369 632 2395; x_wconf 92' lang='lat' dir='ltr'>non</span> <span class='ocrx_word' id='word_1_338' title='bbox 665 2357 800 2396; x_wconf 78' lang='lat' dir='ltr'>ell&#39;undi</span> <span class='ocrx_word' id='word_1_339' title='bbox 834 2357 972 2395; x_wconf 82' lang='lat' dir='ltr'>imbres</span> <span class='ocrx_word' id='word_1_340' title='bbox 1004 2357 1129 2395; x_wconf 86' lang='lat' dir='ltr'>iubet:</span> <span class='ocrx_word' id='word_1_341' title='bbox 1171 2356 1465 2405; x_wconf 77' lang='lat' dir='ltr'>exstinguerent</span> <span class='ocrx_word' id='word_1_342' title='bbox 1507 2356 1601 2394; x_wconf 90' lang='lat' dir='ltr'>enim</span> <span class='ocrx_word' id='word_1_343' title='bbox 1633 2355 1854 2393; x_wconf 90' lang='lat' dir='ltr'>incendium.</span> 
     </span>
     <span class='ocr_line' id='line_1_34' title="bbox 212 2423 1855 2475; baseline -0.002 -9"><span class='ocrx_word' id='word_1_344' title='bbox 212 2428 275 2467; x_wconf 89' lang='lat' dir='ltr'>Ac</span> <span class='ocrx_word' id='word_1_345' title='bbox 305 2427 434 2465; x_wconf 82' lang='lat' dir='ltr'>nescio</span> <span class='ocrx_word' id='word_1_346' title='bbox 465 2438 510 2464; x_wconf 87' lang='lat' dir='ltr'>an</span> <span class='ocrx_word' id='word_1_347' title='bbox 542 2427 664 2475; x_wconf 78' lang='lat' dir='ltr'>magis</span> <span class='ocrx_word' id='word_1_348' title='bbox 694 2429 920 2465; x_wconf 78' lang='lat' dir='ltr'>minitantes</span> <span class='ocrx_word' id='word_1_349' title='bbox 952 2425 995 2464; x_wconf 84' lang='lat' dir='ltr'>ad</span> <span class='ocrx_word' id='word_1_350' title='bbox 1029 2425 1256 2464; x_wconf 79' lang='lat' dir='ltr'>formidinem</span> <span class='ocrx_word' id='word_1_351' title='bbox 1289 2424 1524 2463; x_wconf 83' lang='lat' dir='ltr'>excitandam</span> <span class='ocrx_word' id='word_1_352' title='bbox 1550 2423 1667 2463; x_wconf 85' lang='lat' dir='ltr'>nimbi</span> <span class='ocrx_word' id='word_1_353' title='bbox 1697 2423 1855 2473; x_wconf 88' lang='lat' dir='ltr'>saciant,</span> 
     </span>
     <span class='ocr_line' id='line_1_35' title="bbox 214 2495 858 2548; baseline -0.002 -14"><span class='ocrx_word' id='word_1_354' title='bbox 214 2508 320 2548; x_wconf 88' lang='lat' dir='ltr'>quam</span> <span class='ocrx_word' id='word_1_355' title='bbox 351 2496 411 2547; x_wconf 87' lang='lat' dir='ltr'>qui</span> <span class='ocrx_word' id='word_1_356' title='bbox 444 2495 677 2534; x_wconf 79' lang='lat' dir='ltr'>effunduntur</span> <span class='ocrx_word' id='word_1_357' title='bbox 709 2495 858 2533; x_wconf 87' lang='lat' dir='ltr'>imbres.</span> 
     </span>
    </p>

    <p class='ocr_par' dir='ltr' id='par_1_3' title="bbox 215 2561 1856 3031">
     <span class='ocr_line' id='line_1_36' title="bbox 302 2561 1855 2615; baseline -0.003 -12"><span class='ocrx_word' id='word_1_358' title='bbox 302 2563 582 2604; x_wconf 81' lang='lat' dir='ltr'>comitantibus</span> <span class='ocrx_word' id='word_1_359' title='bbox 614 2564 833 2603; x_wconf 81' lang='lat' dir='ltr'>coniecerat</span> <span class='ocrx_word' id='word_1_360' title='bbox 862 2562 1059 2615; x_wconf 85' lang='lat' dir='ltr'>aliquando</span> <span class='ocrx_word' id='word_1_361' title='bbox 1092 2563 1292 2608; x_wconf 84' lang='lat' dir='ltr'>Heinsius,</span> <span class='ocrx_word' id='word_1_362' title='bbox 1337 2561 1399 2600; x_wconf 86' lang='lat' dir='ltr'>vel</span> <span class='ocrx_word' id='word_1_363' title='bbox 1431 2564 1602 2601; x_wconf 80' lang='lat' dir='ltr'>inmittat</span> <span class='ocrx_word' id='word_1_364' title='bbox 1632 2572 1700 2612; x_wconf 91' lang='lat' dir='ltr'>pro</span> <span class='ocrx_word' id='word_1_365' title='bbox 1732 2562 1855 2599; x_wconf 84' lang='lat' dir='ltr'>immi-</span> 
     </span>
     <span class='ocr_line' id='line_1_37' title="bbox 215 2631 1847 2687; baseline -0.004 -13"><span class='ocrx_word' id='word_1_366' title='bbox 215 2641 322 2674; x_wconf 83' lang='lat' dir='ltr'>neat.</span> <span class='ocrx_word' id='word_1_367' title='bbox 383 2632 580 2673; x_wconf 78' lang='lat' dir='ltr'>incumbat</span> <span class='ocrx_word' id='word_1_368' title='bbox 612 2634 862 2682; x_wconf 84' lang='lat' dir='ltr'>Burmannus,</span> <span class='ocrx_word' id='word_1_369' title='bbox 896 2634 991 2687; x_wconf 71' lang='lat' dir='ltr'>quia</span> <span class='ocrx_word' id='word_1_370' title='bbox 1022 2633 1196 2670; x_wconf 82' lang='lat' dir='ltr'>inmineat</span> <span class='ocrx_word' id='word_1_371' title='bbox 1226 2638 1262 2670; x_wconf 87' lang='lat' dir='ltr'>et</span> <span class='ocrx_word' id='word_1_372' title='bbox 1289 2631 1543 2669; x_wconf 88' lang='lat' dir='ltr'>minitantibus</span> <span class='ocrx_word' id='word_1_373' title='bbox 1576 2643 1709 2670; x_wconf 77' lang='lat' dir='ltr'>sonum</span> <span class='ocrx_word' id='word_1_374' title='bbox 1740 2631 1847 2668; x_wconf 81' lang='lat' dir='ltr'>auri·</span> 
     </span>
     <span class='ocr_line' id='line_1_38' title="bbox 217 2697 1855 2754; baseline -0.004 -12"><span class='ocrx_word' id='word_1_375' title='bbox 217 2703 288 2742; x_wconf 77' lang='lat' dir='ltr'>bus</span> <span class='ocrx_word' id='word_1_376' title='bbox 320 2704 573 2754; x_wconf 74' lang='lat' dir='ltr'>inyrutiorem</span> <span class='ocrx_word' id='word_1_377' title='bbox 601 2701 816 2754; x_wconf 82' lang='lat' dir='ltr'>praebent,</span> <span class='ocrx_word' id='word_1_378' title='bbox 849 2704 886 2739; x_wconf 87' lang='lat' dir='ltr'>et</span> <span class='ocrx_word' id='word_1_379' title='bbox 917 2702 1002 2752; x_wconf 88' lang='lat' dir='ltr'>quia</span> <span class='ocrx_word' id='word_1_380' title='bbox 1032 2701 1087 2739; x_wconf 88' lang='lat' dir='ltr'>sic</span> <span class='ocrx_word' id='word_1_381' title='bbox 1118 2700 1317 2752; x_wconf 90' lang='lat' dir='ltr'>loquuntur</span> <span class='ocrx_word' id='word_1_382' title='bbox 1347 2700 1421 2738; x_wconf 84' lang='lat' dir='ltr'>alii.</span> <span class='ocrx_word' id='word_1_383' title='bbox 1482 2700 1662 2738; x_wconf 85' lang='lat' dir='ltr'>Neutrum</span> <span class='ocrx_word' id='word_1_384' title='bbox 1695 2697 1855 2736; x_wconf 84' lang='lat' dir='ltr'>validum</span> 
     </span>
     <span class='ocr_line' id='line_1_39' title="bbox 215 2766 1856 2821; baseline -0.002 -12"><span class='ocrx_word' id='word_1_385' title='bbox 215 2775 472 2821; x_wconf 79' lang='lat' dir='ltr'>argumentum</span> <span class='ocrx_word' id='word_1_386' title='bbox 511 2775 583 2810; x_wconf 88' lang='lat' dir='ltr'>est.</span> <span class='ocrx_word' id='word_1_387' title='bbox 653 2770 746 2808; x_wconf 83' lang='lat' dir='ltr'>Nam</span> <span class='ocrx_word' id='word_1_388' title='bbox 786 2768 873 2807; x_wconf 90' lang='lat' dir='ltr'>illud</span> <span class='ocrx_word' id='word_1_389' title='bbox 914 2769 1009 2821; x_wconf 89' lang='lat' dir='ltr'>quod</span> <span class='ocrx_word' id='word_1_390' title='bbox 1049 2770 1207 2819; x_wconf 87' lang='lat' dir='ltr'>attinet,</span> <span class='ocrx_word' id='word_1_391' title='bbox 1252 2782 1319 2819; x_wconf 87' lang='lat' dir='ltr'>ea,</span> <span class='ocrx_word' id='word_1_392' title='bbox 1361 2781 1455 2821; x_wconf 85' lang='lat' dir='ltr'>quae</span> <span class='ocrx_word' id='word_1_393' title='bbox 1495 2769 1540 2806; x_wconf 87' lang='lat' dir='ltr'>de</span> <span class='ocrx_word' id='word_1_394' title='bbox 1572 2766 1856 2806; x_wconf 86' lang='lat' dir='ltr'>Allitteratione</span> 
     </span>
     <span class='ocr_line' id='line_1_40' title="bbox 217 2836 1856 2893; baseline -0.002 -16"><span class='ocrx_word' id='word_1_395' title='bbox 217 2841 379 2891; x_wconf 83' lang='lat' dir='ltr'>scripsi,</span> <span class='ocrx_word' id='word_1_396' title='bbox 399 2840 702 2893; x_wconf 83' lang='lat' dir='ltr'>persuadebunt,</span> <span class='ocrx_word' id='word_1_397' title='bbox 731 2842 770 2878; x_wconf 87' lang='lat' dir='ltr'>ut</span> <span class='ocrx_word' id='word_1_398' title='bbox 791 2850 928 2890; x_wconf 87' lang='lat' dir='ltr'>spero,</span> <span class='ocrx_word' id='word_1_399' title='bbox 960 2839 1147 2885; x_wconf 82' lang='lat' dir='ltr'>omnibus,</span> <span class='ocrx_word' id='word_1_400' title='bbox 1182 2836 1339 2877; x_wconf 84' lang='lat' dir='ltr'>Catonis</span> <span class='ocrx_word' id='word_1_401' title='bbox 1364 2838 1520 2877; x_wconf 85' lang='lat' dir='ltr'>maxime</span> <span class='ocrx_word' id='word_1_402' title='bbox 1550 2837 1675 2875; x_wconf 84' lang='lat' dir='ltr'>aetate</span> <span class='ocrx_word' id='word_1_403' title='bbox 1705 2838 1856 2884; x_wconf 85' lang='lat' dir='ltr'>gratum</span> 
     </span>
     <span class='ocr_line' id='line_1_41' title="bbox 220 2903 1856 2962; baseline -0.002 -16"><span class='ocrx_word' id='word_1_404' title='bbox 220 2911 340 2959; x_wconf 73' lang='lat' dir='ltr'>magis</span> <span class='ocrx_word' id='word_1_405' title='bbox 371 2923 478 2962; x_wconf 86' lang='lat' dir='ltr'>quam</span> <span class='ocrx_word' id='word_1_406' title='bbox 508 2910 695 2959; x_wconf 80' lang='lat' dir='ltr'>ingratum</span> <span class='ocrx_word' id='word_1_407' title='bbox 735 2909 855 2947; x_wconf 86' lang='lat' dir='ltr'>fuisse</span> <span class='ocrx_word' id='word_1_408' title='bbox 891 2909 1000 2947; x_wconf 86' lang='lat' dir='ltr'>istum</span> <span class='ocrx_word' id='word_1_409' title='bbox 1038 2920 1088 2946; x_wconf 87' lang='lat' dir='ltr'>ex</span> <span class='ocrx_word' id='word_1_410' title='bbox 1128 2906 1368 2947; x_wconf 88' lang='lat' dir='ltr'>similitudine</span> <span class='ocrx_word' id='word_1_411' title='bbox 1407 2906 1490 2946; x_wconf 89' lang='lat' dir='ltr'>soni</span> <span class='ocrx_word' id='word_1_412' title='bbox 1520 2904 1652 2944; x_wconf 86' lang='lat' dir='ltr'>lusum.</span> <span class='ocrx_word' id='word_1_413' title='bbox 1715 2903 1856 2957; x_wconf 85' lang='lat' dir='ltr'>Quam-</span> 
     </span>
     <span class='ocr_line' id='line_1_42' title="bbox 220 2973 1855 3031; baseline -0.001 -15"><span class='ocrx_word' id='word_1_414' title='bbox 220 2991 325 3031; x_wconf 82' lang='lat' dir='ltr'>quam</span> <span class='ocrx_word' id='word_1_415' title='bbox 354 2978 449 3018; x_wconf 82' lang='lat' dir='ltr'>haec</span> <span class='ocrx_word' id='word_1_416' title='bbox 480 2978 565 3017; x_wconf 90' lang='lat' dir='ltr'>mihi</span> <span class='ocrx_word' id='word_1_417' title='bbox 597 2981 669 3019; x_wconf 85' lang='lat' dir='ltr'>tam</span> <span class='ocrx_word' id='word_1_418' title='bbox 700 2976 837 3016; x_wconf 89' lang='lat' dir='ltr'>debilis</span> <span class='ocrx_word' id='word_1_419' title='bbox 867 2975 1085 3016; x_wconf 85' lang='lat' dir='ltr'>allitteratio</span> <span class='ocrx_word' id='word_1_420' title='bbox 1119 2976 1291 3028; x_wconf 86' lang='lat' dir='ltr'>videtur,</span> <span class='ocrx_word' id='word_1_421' title='bbox 1329 2978 1522 3016; x_wconf 82' lang='lat' dir='ltr'>immineat</span> <span class='ocrx_word' id='word_1_422' title='bbox 1560 2973 1855 3025; x_wconf 81' lang='lat' dir='ltr'>minitantibus,</span> 
     </span>
    </p>
   </div>
  </div>
 </body>
</html>
