2006 3365
493 141 626 181 VITA
659 140 896 182 CATONIS
930 142 998 182 ET
1030 139 1279 182 SCRlPTA.
1616 144 1718 189 267

82 256 238 297 libellos
272 256 384 309 apud
415 259 745 308 yramnealislam.
850 256 996 295 Addam
1033 255 1080 295 de
1109 255 1193 295 aliis
1225 258 1414 308 poetarum
1440 255 1538 307 apud
1572 254 1714 295 Sueto-

82 326 175 363 nium
201 324 425 363 testimoniis
456 338 552 377 quae
583 325 673 364 utile
703 325 755 366 sit
791 325 902 364 scire.

163 392 382 433 Versiculi:

477 462 580 501 Calo
612 462 929 509 Grammaticus,
963 460 1115 499 Latina
1145 461 1286 510 Siren,

474 530 554 588 Qui
584 530 696 570 solas
728 530 824 581 leyit
855 542 905 568 ac
932 530 1041 581 facit
1068 537 1242 582 poetas:

77 597 182 636 cuius
212 600 349 648 poetae
380 598 481 647 sint,
515 611 586 637 non
618 599 710 637 dicit
731 599 960 637 Suetonius:
992 597 1059 635 sed
1093 600 1179 636 sunt
1209 597 1304 635 haud
1337 598 1449 637 dubie
1469 599 1571 648 eius,
1605 599 1710 638 cuius

75 665 203 717 paullo
233 669 321 716 post
352 666 424 705 duo
465 671 669 719 sequuntur
708 667 1000 716 epigrannnata,
1043 665 1142 704 Furii
1187 665 1370 704 Bibaculi.
1430 666 1487 705 Ita
1518 669 1585 706 iam
1617 680 1709 707 cen-

74 736 229 773 suerunt
258 734 357 773 Ach.
389 735 534 774 Statius
565 736 610 773 ad
634 733 770 774 Catull.
791 733 915 772 nvn.
947 732 1148 784 Scaliger,
1173 733 1375 778 Pithoeus,
1412 735 1641 789 Burmannus
1672 737 1708 775 in

73 802 190 843 Anth.
222 803 305 843 Lat.
396 804 543 844 Siren:
582 807 738 854 propter
768 802 998 841 dulcedinem
1031 805 1250 852 poematum.
1285 805 1323 841 ut
1354 802 1582 853 Sophoclem
1612 803 1709 843 alius

72 872 193 923 ipsum
223 873 373 912 Sirena
404 873 630 924 appellatum
661 884 772 921 esse,
818 871 913 910 alius
943 872 1090 910 Sirena
1119 869 1301 909 habuisse
1332 871 1368 909 in
1401 870 1536 910 tumulo
1568 872 1707 911 tradit:

71 942 120 979 cf.
154 940 338 980 Huschkii
370 941 484 980 Anal.
517 941 602 980 crit.
634 954 671 991 p.
707 943 770 979 18.
831 939 1054 979 Alexander
1096 938 1260 978 Aetolus
1292 939 1338 977 de
1370 940 1576 991 Euripide:
1618 936 1706 977 ἀλλ’

72 1002 93 1044 ὅ
124 1021 163 1044 τι
196 1005 383 1058 γράψαι,
417 1001 598 1045 τοῦτ’ἇν
628 1007 800 1056 μέλιτος
824 1007 897 1045 καί
920 1005 1140 1057 Σειρήνων
1169 1004 1402 1055 ἐιετεύχει.
1463 1008 1564 1048 Aliis
1596 1010 1707 1050 triste

70 1076 231 1129 aliquid,
264 1077 332 1116 sed
363 1078 458 1116 idem
491 1077 764 1126 dulcissimum,
797 1080 932 1116 sonant
963 1078 1152 1117 Sirenes:
1194 1077 1325 1128 Eurip.
1357 1077 1505 1117 Helena
1537 1091 1575 1116 v.
1613 1079 1703 1117 167.

70 1158 154 1198 sqq.
193 1148 231 1185 et
270 1146 420 1184 carmini
460 1145 612 1196 lugubri
658 1149 810 1197 praeest
857 1147 975 1186 Siren
1014 1146 1109 1197 apud
1151 1150 1300 1197 poetam
1338 1147 1528 1186 inferioris
1567 1148 1705 1186 aetatis

69 1213 226 1253 Anthol.
259 1215 346 1254 Lat.
378 1214 447 1254 lv.
480 1230 635 1253 chxu.
668 1218 735 1254 20.
794 1216 850 1255 Et
880 1229 1007 1254 comes
1038 1216 1102 1254 leis
1135 1215 1314 1255 lacrimis
1345 1218 1475 1255 veniet
1503 1229 1576 1268 pro
1608 1229 1703 1255 con-

69 1286 159 1335 iaye
198 1283 328 1323 Siren.
389 1283 448 1322 De
489 1284 766 1335 significatione
804 1284 913 1322 verbi
954 1285 1049 1335 leyit
1091 1283 1255 1322 Wollius
1292 1287 1435 1334 monet,
1479 1284 1574 1323 idem
1614 1296 1704 1323 esse

70 1352 166 1404 quod
198 1352 308 1402 alibi,
348 1355 386 1392 et
417 1353 512 1403 apud
554 1353 719 1391 eumdem
751 1352 993 1401 Suetonium,
1022 1353 1272 1405 praeleyere.
1331 1353 1391 1392 De
1429 1356 1552 1392 aetate
1584 1353 1703 1392 Biba-

70 1421 166 1471 culi,
199 1425 237 1461 et
267 1421 385 1460 videri
417 1420 634 1472 popularem
665 1422 785 1460 fuisse
817 1422 995 1471 Catonis,
1028 1434 1142 1472 supra
1174 1423 1361 1460 monitum.
1424 1422 1605 1462 Catonem
1636 1433 1704 1460 se-

70 1502 174 1539 nem,
208 1490 410 1542 eodemque
442 1493 609 1541 tempore
641 1491 676 1528 in
708 1490 799 1528 flore
830 1491 990 1538 aetatis,
1029 1493 1068 1529 ut
1100 1491 1268 1539 videtur,
1302 1490 1362 1529 vel
1395 1494 1497 1530 certe
1528 1491 1704 1529 minorem

71 1557 215 1598 Catone
247 1559 354 1596 annis
385 1571 456 1597 non
488 1559 644 1609 paucis,
678 1558 822 1597 Furium
856 1557 1071 1599 Bibacuhun
1106 1559 1199 1599 vidit
1230 1560 1434 1609 Horatius,
1480 1558 1564 1598 Sat.
1596 1560 1628 1598 Ι.
1661 1573 1703 1597 x.

69 1628 149 1666 init.
183 1630 220 1667 et
250 1641 288 1665 v.
322 1630 388 1666 36.
422 1629 488 1666 37.
522 1627 606 1666 coll.
640 1626 722 1666 Sat.
752 1626 802 1666 ΙΙ.
836 1641 875 1665 v.
896 1629 963 1666 41.
1021 1627 1114 1665 Tam
1147 1627 1366 1667 mirabiliter
1396 1630 1514 1667 autem
1545 1628 1592 1667 de
1623 1625 1704 1668 Ca-

70 1698 157 1734 tone
188 1696 318 1744 sentit,
352 1708 506 1748 eamque
537 1699 610 1735 tum
640 1694 700 1733 his
731 1695 934 1742 versibus,
968 1697 1040 1734 tum
1073 1696 1241 1745 duobus,
1264 1708 1359 1749 quae
1378 1699 1581 1748 sequuntur
1605 1697 1705 1747 apud

70 1764 312 1815 Suetonium,
353 1765 658 1815 epigrammatis,
699 1765 980 1804 venerationem
1022 1765 1271 1818 pietatemque
1309 1766 1434 1816 prodit
1476 1765 1702 1815 Bibaculus,

68 1836 109 1872 ut
140 1846 219 1872 eum
250 1834 380 1873 merito
413 1834 592 1873 coniicias
625 1834 745 1885 ipsum
777 1834 981 1872 auditorem
1013 1835 1129 1872 fuisse
1146 1833 1328 1884 Catonis,
1361 1837 1399 1874 et
1429 1848 1479 1874 ex
1509 1836 1576 1885 iis,
1609 1848 1705 1887 quos

69 1901 132 1940 ille
157 1910 303 1955 poetas
334 1903 448 1955 feeit.
510 1902 647 1941 Sciens
686 1901 780 1940 haec
820 1902 962 1940 scribo.
1022 1902 1112 1941 Alia
1154 1903 1367 1942 Weicherti
1406 1903 1465 1942 De
1507 1904 1562 1943 M.
1594 1905 1705 1943 Furio

70 1971 157 2010 Bib.
189 1971 310 2011 Poeta
340 1985 378 2022 p.
412 1974 507 2010 341.
539 1984 596 2023 sq.
631 1975 726 2010 346.
760 1983 818 2022 sq.
852 1975 889 2009 et
923 1970 1109 2010 Wiillneri
1141 1985 1289 2023 quoque
1320 1972 1379 2011 De
1410 1972 1583 2012 Varrone
1602 1973 1704 2011 Ata-

71 2040 154 2079 cino
185 2053 222 2091 p.
243 2043 280 2078 6.
312 2040 501 2078 sententia
532 2041 620 2088 suit,
652 2040 713 2092 qui
739 2038 954 2077 Bibaculum
986 2051 1030 2077 eo
1063 2042 1250 2090 tempore,
1282 2053 1354 2092 quo
1386 2041 1534 2080 satiram
1565 2040 1651 2080 libri
1674 2040 1705 2080 1.

72 2107 246 2147 decimam
279 2108 435 2159 scripsit
467 2107 670 2156 Horatius,
704 2119 824 2145 annos
855 2109 933 2146 fere
964 2120 1036 2146 sex
1067 2111 1105 2147 ct
1135 2109 1340 2160 sexaginta
1364 2117 1507 2157 natum,
1540 2109 1603 2148 illo
1635 2123 1706 2148 au-

71 2179 163 2221 tem,
207 2189 278 2228 quo
310 2176 492 2215 Horatius
523 2177 672 2214 satiram
704 2176 788 2215 libri
819 2175 867 2214 ΙΙ.
901 2177 1085 2228 quintam,
1129 2177 1196 2214 iam
1228 2179 1557 2228 septuagenarium
1588 2179 1707 2217 fuisse

71 2247 252 2284 statuunt.
313 2244 422 2284 Unde
453 2249 674 2297 sequeretur
705 2257 822 2297 usque
852 2245 896 2283 ad
940 2258 1070 2284 annum
1109 2246 1286 2298 aequales
1327 2248 1445 2286 fuisse
1486 2247 1705 2287 Bibaculum

70 2316 110 2353 et
141 2314 335 2354 Catonem.
397 2314 482 2363 Ego
521 2327 638 2364 vero,
681 2327 787 2366 quum
830 2313 974 2352 illorum
1014 2316 1205 2354 sententia
1244 2318 1382 2355 tantun]
1421 2316 1600 2366 Eusebii,
1641 2316 1706 2356 vel

72 2383 291 2433 Hieronymi
322 2383 356 2421 in
389 2381 588 2422 Chronicis
630 2382 769 2421 Euseb.
803 2383 1019 2421 testimonio
1058 2384 1216 2434 nitatur,
1257 2384 1428 2423 Bibaculi
1472 2384 1628 2424 natalem
1659 2385 1706 2424 ad

72 2463 202 2490 annum
235 2450 351 2490 Urbis
376 2454 470 2491 651.
502 2433 849 2496 i·et'erentis‚⁴malo
880 2450 1017 2503 aliquid
1049 2452 1095 2490 de
1127 2453 1199 2492 tide
1230 2452 1450 2504 Hieronymi
1481 2453 1703 2503 detrahere,

73 2532 178 2572 quam
209 2520 282 2571 ipsi
313 2532 386 2559 non
418 2520 571 2559 credere
602 2520 810 2571 Bibaculo,
850 2521 911 2573 qui
954 2534 1206 2574 quaecumque
1246 2523 1294 2561 de
1340 2521 1486 2563 Catone
1527 2523 1703 2573 scripsit,

73 2588 194 2627 omnia
226 2588 297 2627 hoc
328 2591 480 2636 sonant,
521 2601 592 2628 non
625 2591 664 2629 ut
695 2590 741 2628 ab
773 2589 917 2641 aequali
949 2590 997 2629 de
1027 2591 1195 2643 aequali,
1228 2591 1295 2631 sed
1328 2594 1367 2631 ut
1396 2604 1418 2630 a
1447 2592 1587 2630 minore
1620 2594 1706 2631 natu

72 2656 121 2695 de
151 2656 263 2695 multo
294 2658 420 2695 maiori
452 2657 551 2696 dicta
582 2655 792 2697 videantur.
822 2659 989 2697 Maxime
1014 2659 1101 2698 illud
1126 2673 1135 2697 ε
1168 2661 1235 2700 Aa
1266 2675 1451 2700 szmzmam
1479 2673 1603 2713 prope
1631 2673 1706 2699 nze-

73 2727 199 2765 trz‘ant
230 2733 441 2765 senectam.
501 2725 647 2765 Deinde
678 2740 773 2779 qnae
804 2728 984 2767 Horatius
1016 2729 1162 2768 duobus
1192 2729 1286 2768 10013
1319 2730 1401 2769 Sat.
1433 2729 1463 2767 l.
1496 2744 1537 2768 x.
1569 2732 1635 2768 36.
1669 2731 1707 2769 ct

73 2793 123 2832 ll.
156 2808 195 2833 v.
230 2797 294 2833 41.
334 2797 463 2833 contra
502 2794 645 2832 Furium
689 2796 904 2835 Bibaculum
951 2797 1141 2849 disputat,
1188 2811 1295 2851 quum
1336 2802 1509 2837 tumorem
1548 2798 1706 2837 maxime

74 2862 173 2902 Furii
203 2864 463 2915 perstringat,
501 2864 647 2913 aptiora
677 2868 783 2914 sunt,
817 2866 850 2904 si
881 2866 919 2905 in
950 2867 1068 2905 virum
1099 2866 1257 2905 nondum
1287 2879 1413 2905 senem
1445 2867 1587 2917 scripta
1618 2878 1706 2905 esse

76 2933 241 2982 statuas,
275 2936 313 2972 et
344 2933 461 2971 minus
491 2931 705 2982 inhumana,
737 2946 841 2985 quam
873 2936 906 2974 si
936 2935 976 2974 in
1006 2947 1146 2974 senem.
1207 2935 1302 2975 Tum
1347 2935 1409 2987 qui
1447 2935 1705 2987 concesserit,

62 3001 174 3053 ‘quod
204 3015 241 3054 p.
274 3004 370 3042 357.
400 3002 579 3053 scriptrun
609 3002 669 3041 est
695 3002 975 3057 aWeicherto,
1005 3003 1177 3046 Bibaculi
1209 3015 1378 3045 versum:
1411 3002 1593 3047 Orbilius
1618 3004 1705 3046 ubi-
