2006 3365
271 146 374 191 256
872 128 1230 181 nlssan'rATio
1253 141 1302 181 11.

270 257 390 296 fuisse
419 256 608 308 praedium
638 268 711 296 non
743 255 858 306 longe
888 269 909 295 a
940 256 1029 295 mari
1049 259 1246 305 remotum,
1276 255 1435 306 deinde,
1462 269 1511 297 ex
1542 258 1589 297 iis
1620 257 1729 308 agris
1759 257 1902 304 fuisse,

271 327 334 378 qui
365 325 543 364 militibus
575 324 742 364 Sullanis
778 325 964 377 assignati
996 327 1096 363 sunt.
1157 325 1233 363 Sed
1273 338 1379 378 quum
1425 327 1552 366 variae
1589 340 1634 366 ea
1663 327 1709 366 de
1741 339 1782 366 re
1813 339 1904 365 con-

269 396 434 433 iecturae
465 394 559 432 viris
590 395 712 434 doctis
743 395 916 445 proditae
948 395 1044 443 sint,
1076 406 1151 443 ego
1179 406 1324 446 quoque
1349 406 1462 433 meam
1487 397 1732 435 coniecturam
1759 395 1903 446 habeo,

268 474 363 514 quae
393 464 581 512 caeteris,
622 464 695 502 nisi
727 463 857 513 fallor,
889 462 1018 502 melior
1051 465 1123 500 est.
1185 462 1329 513 Nempe
1373 463 1549 513 Scaliger
1589 465 1624 502 in
1657 463 1816 504 Corsica
1847 465 1904 502 iu-

267 530 350 568 sula
380 531 500 569 fuisse
531 544 650 581 agros
682 530 839 572 Catonis
872 532 1046 579 coniicit,
1078 531 1122 569 ad
1158 544 1306 570 versum
1330 532 1452 571 Dirar.
1480 536 1516 571 1.
1575 532 1624 572 N.
1657 533 1836 571 Heinsius
1857 533 1905 572 ad

268 613 306 638 v.
341 604 378 638 9.
411 602 478 639 35.
512 602 579 639 40.
614 603 679 639 41.
714 606 778 640 42.
812 605 849 640 et
881 605 947 640 52.
988 601 1070 639 sine
1102 600 1174 639 ulla
1206 613 1342 639 caussa
1373 601 1529 646 idonea,
1578 607 1735 652 propter
1765 613 1904 640 versus

267 671 334 707 40.
367 671 433 707 41.
467 672 533 707 42.
564 669 658 709 male
683 671 918 719 intellectos,
953 671 989 708 in
1016 669 1147 708 Sicilia
1177 682 1297 720 prope
1315 671 1476 708 Aetnam
1495 674 1674 716 montem,
1709 669 1771 708 vel
1792 671 1905 709 etiam

265 738 303 776 in
334 737 441 777 Italia
472 751 592 790 prope
622 739 847 778 Vesuvium.
910 739 1007 778 Hinc
1038 751 1153 777 versu
1189 742 1224 776 1.
1256 740 1449 778 Sicanias
1482 739 1666 788 coniecit,
1699 742 1736 778 et
1767 740 1904 779 Batta-

264 818 341 845 rum
373 807 417 845 ad
451 807 615 846 eumdem
644 820 791 846 versum
818 812 850 847 l.
882 808 1003 847 videri
1021 808 1196 848 Se'eulum
1227 820 1358 846 nomen
1380 820 1469 846 esse
1499 808 1647 846 scribit.
1708 807 1903 860 Denique,

264 878 304 915 ut
334 887 430 914 nunc
471 876 788 925 Wernsdorfium‚
830 889 1067 928 erroremque
1106 875 1340 925 Boxbornfi,
1389 877 1435 915 de
1481 889 1553 929 qno
1587 876 1704 925 infra,
1744 878 1776 916 si
1807 889 1904 928 opus

263 946 343 994 est,
376 950 607 995 exponetur,
652 944 856 983 Putscliius
900 957 1018 996 nuper
1064 945 1159 983 haud
1191 944 1320 996 procul
1352 958 1374 984 a
1406 945 1609 997 Campania
1639 946 1761 985 fuisse
1791 958 1903 997 prae-

263 1013 359 1051 dium
392 1011 547 1052 Catonis
580 1014 762 1052 coniecit:
807 1016 897 1064 puto
929 1016 1087 1064 propter
1119 1018 1239 1052 notam
1273 1012 1498 1065 Campaniae
1529 1014 1761 1054 fertilitatem
1791 1018 1904 1066 atque

262 1083 534 1121 amoenitatem.
595 1083 681 1131 Ego
712 1095 804 1121 vero
836 1084 872 1120 in
895 1082 1017 1122 Gallia
1048 1083 1168 1120 ruisse
1192 1084 1366 1122 coniieio.
1429 1083 1545 1137 Quem
1571 1084 1761 1122 oriundum
1785 1084 1904 1122 l'uisse

262 1162 313 1188 ex
345 1149 466 1188 Gallia
497 1150 654 1197 scimus,
694 1152 775 1190 eius
808 1152 917 1190 etiam
956 1151 1214 1202 patrimonium
1255 1152 1293 1191 in
1334 1152 1457 1192 Gallia
1494 1153 1639 1201 luisse,
1684 1164 1756 1191 non
1787 1150 1902 1202 alibi,

262 1219 344 1257 veri
375 1218 495 1256 simile
527 1221 599 1257 est.

347 1287 459 1326 quta
488 1300 618 1339 agrum
649 1300 752 1327 suum
794 1286 889 1327 Cato
930 1291 1058 1328 tenero
1096 1301 1242 1336 amore,
1284 1289 1336 1328 ita
1366 1291 1406 1329 ut
1435 1290 1609 1339 nescias,
1652 1292 1768 1329 utrum
1807 1287 1905 1328 hanc

260 1357 383 1406 magis
415 1356 615 1406 dilexerit,
657 1369 702 1395 an
735 1356 855 1407 illum,
895 1357 962 1396 sed
995 1358 1047 1397 ita
1078 1357 1259 1410 loquitur,
1302 1362 1341 1397 ut
1373 1371 1444 1398 uno
1476 1359 1681 1411 eodemque
1711 1370 1836 1397 amore
1866 1360 1904 1398 ct

261 1437 393 1474 agrum
424 1429 462 1464 et
493 1425 652 1476 puellam
683 1425 880 1476 amplexus
903 1438 992 1465 esse
1018 1427 1215 1466 videatur:
1249 1427 1403 1478 Lydiam
1427 1428 1596 1477 amabat,
1629 1427 1788 1479 puellam
1819 1428 1904 1466 for-

260 1506 419 1538 mosam,
452 1493 680 1543 elegantem.
742 1493 916 1534 llabebat
957 1498 1079 1534 autem
1123 1496 1277 1547 Lydiam
1316 1509 1418 1535 suam
1458 1508 1582 1534 secum
1624 1496 1658 1534 in
1689 1508 1786 1545 agro
1817 1508 1900 1534 suo.

261 1563 302 1603 ld
335 1576 384 1602 ex
414 1564 519 1602 Diris
551 1577 589 1602 v.
624 1566 690 1602 40.
726 1566 792 1603 41.
825 1567 863 1603 et
894 1564 1100 1604 clarissime
1131 1577 1151 1603 e
1183 1565 1426 1604 conclusione
1456 1565 1649 1612 Dirarum‚
1693 1578 1732 1605 v.
1764 1568 1831 1604 89.
1864 1566 1902 1604 et

260 1646 300 1671 v.
333 1636 400 1672 95.
432 1645 552 1685 usque
584 1632 628 1671 ad
661 1633 792 1681 finem,
837 1636 1017 1684 apparet,
1059 1633 1120 1672 ubi
1153 1646 1247 1682 agro
1279 1644 1347 1671 suo
1379 1634 1414 1671 in
1444 1637 1664 1684 perpetuum
1695 1632 1899 1683 expulsus,

260 1701 405 1752 Lydiae
435 1700 543 1740 simul
575 1705 612 1741 et
642 1702 750 1750 agris
782 1701 818 1739 in
859 1713 965 1740 omne
1010 1704 1156 1752 tempus
1194 1701 1280 1740 vale
1318 1701 1420 1740 dicit.
1479 1701 1610 1753 Atque
1641 1701 1730 1740 hnic
1761 1702 1901 1752 primae

260 1782 305 1809 ac
347 1771 559 1809 fortunatae
599 1771 713 1809 aetati
756 1769 934 1820 Catonis,
983 1772 1069 1809 ante
1117 1771 1353 1808 amissionem
1409 1782 1605 1818 agrorum,
1656 1771 1815 1809 carmina
1853 1770 1899 1808 ad

259 1839 417 1889 Lydiam
450 1839 683 1887 assignanda
714 1851 803 1878 esse
837 1843 907 1878 tam
941 1842 1079 1878 certum
1113 1842 1172 1878 est
1203 1851 1307 1891 quam
1339 1838 1435 1891 quod
1461 1839 1720 1877 certissimum.
1780 1838 1900 1877 Nimi-

258 1920 335 1946 rum
367 1920 474 1960 quum
505 1907 662 1958 Lydiam
694 1908 824 1946 eodem
855 1912 1047 1959 tempore,
1095 1920 1166 1960 quo
1206 1920 1358 1958 agrum,
1397 1907 1585 1955 amiserit,
1631 1907 1665 1944 id
1708 1906 1805 1958 quod
1850 1919 1900 1945 ex

258 1976 363 2015 Diris
394 1979 576 2027 apparet,
608 1978 829 2015 nec-essarto
861 1977 1050 2029 sequitur,
1083 1980 1122 2015 ut
1154 1976 1317 2015 carmina
1347 1976 1524 2014 amatoria
1555 1975 1599 2014 ad
1633 1975 1787 2025 Lydiam
1812 1976 1899 2013 ante

258 2045 491 2084 amissionem
523 2046 608 2094 agri
640 2046 782 2096 scripta
822 2046 910 2084 sint.
980 2045 1064 2084 Nisi
1103 2048 1166 2084 aut
1207 2045 1336 2083 nescio
1383 2057 1455 2096 quo
1501 2044 1608 2082 modo
1641 2046 1898 2094 recuperatam

257 2113 472 2164 posteriore
502 2117 669 2165 tempore
700 2113 854 2165 Lydiam
887 2113 1023 2154 Catoni
1055 2119 1222 2162 statuas,
1262 2114 1367 2152 cuius
1399 2115 1453 2151 rei
1484 2113 1620 2151 nullum
1652 2124 1803 2165 usquam
1837 2113 1897 2150 in-

257 2182 391 2220 dicium
423 2182 629 2229 invenitur,
661 2186 746 2231 aut,
781 2183 877 2235 qnod
910 2183 1019 2222 etiam
1051 2183 1174 2231 magis
1206 2182 1427 2221 incredibile
1460 2187 1551 2230 est,
1585 2184 1623 2221 et
1654 2184 1784 2220 contra
1815 2193 1896 2220 mo-

257 2262 333 2289 rem
365 2253 533 2288 veterum
564 2253 780 2301 poetarum,
813 2253 974 2290 carmina
1004 2251 1049 2290 ad
1082 2251 1237 2301 Lydiam
1270 2251 1338 2288 iam
1371 2251 1473 2289 linito
1505 2262 1629 2289 amore
1655 2252 1818 2301 scripta,
1850 2249 1895 2289 ad

257 2318 491 2357 recolendam
535 2319 717 2369 pristinae
759 2320 966 2371 voluptatis
1004 2321 1234 2368 memoriam,
1276 2320 1469 2358 coniicias.
1536 2318 1667 2372 Itaque
1699 2317 1794 2358 Cato
1826 2320 1894 2358 im-

257 2387 478 2438 perturbato
510 2388 612 2433 otio,
646 2388 865 2440 tranquillus
895 2389 980 2438 agri
1013 2389 1070 2427 sui
1099 2400 1324 2439 possessor,
1358 2390 1394 2427 et
1425 2400 1548 2427 amore
1571 2388 1705 2426 beatus
1725 2387 1889 2438 Lydiae,

258 2456 419 2495 carmina
449 2457 624 2494 amatoria
654 2457 699 2494 ad
731 2457 909 2508 Lydiam,
955 2459 1039 2497 sive
1086 2457 1130 2495 de
1170 2457 1314 2507 Lydia,
1355 2457 1389 2494 si
1430 2469 1501 2495 non
1547 2456 1680 2505 multa,
1720 2455 1893 2496 nonnulla

257 2529 380 2564 tamen
410 2524 521 2572 fecit,
555 2537 650 2577 quae
681 2528 815 2575 postea
846 2527 879 2564 in
914 2539 1019 2564 unum
1053 2525 1223 2564 volumen
1258 2525 1439 2571 collecta,
1472 2525 1542 2564 suh
1566 2527 1711 2565 nomine
1732 2526 1893 2578 Isydiae

257 2593 383 2631 edidit.
448 2593 535 2641 Sic,
568 2594 837 2643 praeeuntibus
870 2594 1105 2633 Broukliusio
1149 2594 1193 2632 ad
1227 2594 1401 2645 Propert.
1445 2606 1535 2645 pag.
1572 2598 1606 2633 l.
1648 2597 1685 2633 et
1714 2593 1889 2632 Iacobsio

257 2662 511 2712 disputatione
541 2661 625 2712 illa,
657 2663 800 2712 accipio
832 2662 929 2701 hand
962 2668 1178 2702 cunctanter
1196 2663 1367 2702 Suetonii
1400 2663 1517 2702 locum
1547 2666 1585 2702 et
1609 2662 1765 2702 Ticidae
1791 2663 1887 2713 apud

257 2730 475 2769 Suetonium
506 2743 668 2769 versum.
741 2731 945 2770 Suetonius
985 2732 1128 2785 quidem
1169 2733 1263 2784 quod
1301 2740 1486 2787 poemata
1526 2733 1637 2782 dicit,
1677 2731 1888 2780 ambiguum

256 2801 328 2838 est.
391 2799 614 2839 Distinctius
644 2799 798 2838 Ticida:

622 2867 787 2920 Lydia,
831 2868 1030 2908 doctorum
1059 2872 1230 2909 maxima
1261 2884 1360 2910 curu
1390 2870 1502 2910 liber.

256 2935 395 2988 Lydia
426 2936 546 2985 liber,
580 2940 619 2976 ut
636 2937 812 2990 Cynthia
830 2938 1037 2988 Propertii,
1071 2938 1117 2977 de
1149 2951 1220 2991 quo
1252 2939 1512 2978 Broukliusius
1543 2937 1586 2976 ad
1619 2937 1792 2987 Propert.
1817 2936 1885 2977 l.l.

256 3003 388 3056 Neque
418 3004 491 3044 hoc
528 3018 740 3058 quemquam
779 3006 1004 3056 morabitur,
1044 3008 1140 3060 quod
1173 3008 1306 3047 nullum
1337 3008 1432 3059 apud
1466 3007 1682 3048 Suetonium
1713 3007 1884 3046 indicium
