2006 3365
473 158 541 197 Da
575 157 795 198 vlnfflffl
825 157 920 197 Lm.
954 156 1240 198 lcvasams
1272 155 1408 197 LUDI.
1655 162 1753 206 231

121 273 388 322 conficiebam,
427 276 582 324 propter
622 273 899 312 similitudinem
939 273 1046 312 initii.
1108 273 1246 313 Verum
1288 286 1332 312 ea
1371 271 1574 311 similitudo
1615 274 1759 322 exigua

121 344 202 389 est,
235 353 279 380 ac
310 342 476 380 fortuita.
594 342 761 392 Virgilio
793 342 904 381 etiam
937 341 1060 380 tribuo
1092 341 1179 380 illud
1213 342 1309 392 apud
1342 342 1582 381 Diomedem:
1624 341 1757 380 Incidi

116 410 295 463 patulam
327 413 364 449 in
395 423 577 462 specum,
608 411 886 463 procumbente
920 411 1087 463 Priapo.
1148 411 1201 448 At
1223 410 1318 462 quod
1351 411 1385 448 in
1412 410 1572 461 antiquis
1598 409 1755 449 Catale-

119 481 258 517 ctornm
291 478 518 517 editionibus
550 479 749 518 secundum
782 483 863 527 est,
896 479 985 529 Eyo
1009 479 1110 517 haec
1132 491 1204 529 effo
1230 486 1320 517 arte
1344 479 1557 530 fabricata
1580 482 1756 524 rustica,

118 546 165 584 (10
197 558 240 584 00
272 547 484 585 sententiae
515 548 715 586 subscribo
748 545 998 585 Broukhusii:
1037 546 1148 585 Sane
1185 548 1443 598 purissimum
1484 554 1545 586 est
1576 561 1756 595 carmen,

118 620 157 654 et
187 617 561 666 easilyatissimmn.
628 617 772 655 Tamen
803 628 898 667 eqo,
941 617 980 653 si
1024 615 1120 669 qaid
1158 617 1197 652 in
1241 615 1306 653 leis
1345 615 1463 654 rebus
1505 618 1645 667 sapio,
1686 629 1758 655 nec

119 683 282 722 Catullo
315 684 512 732 dederim,
544 698 614 724 nec
646 685 829 723 Maroni.
890 682 930 721 In
964 683 1094 721 iambis
1125 682 1230 732 puris
1263 682 1525 721 elaboravisse
1558 684 1757 733 Virgilium

118 764 191 790 non
223 753 320 790 soret
350 753 583 791 incredibile.
645 754 784 792 Verum
816 752 910 790 0111111
943 763 1036 789 vero
1065 763 1108 788 ca
1140 756 1199 788 est
1229 749 1340 788 huius
1372 752 1544 799 carminis
1576 753 1610 789 iu
1643 754 1758 803 prima

117 821 174 858 sui
209 823 316 870 parte
348 832 427 859 cnm
458 820 579 860 altero
613 821 731 860 Ilnnc
770 833 841 871 eqo
869 822 1034 859 iuvenes
1071 819 1215 867 locum,
1249 818 1468 868 similitudo,
1500 822 1540 858 ut
1571 832 1676 858 unum
1708 834 1757 859 ex

117 888 260 937 altero,
295 891 332 927 ct
363 890 507 941 quidem
539 888 611 928 hoc
635 889 826 927 iambicum
856 900 906 927 cx
931 888 994 926 illo
1026 888 1230 926 imitatione
1257 899 1501 938 expressum,
1535 888 1757 942 ludendique

117 958 151 996 in
185 957 315 995 eodem
347 960 567 1007 argumento
607 957 832 1008 periculum,
875 957 997 996 videri
1036 955 1188 995 debeat.
1250 955 1309 995 De
1348 956 1587 996 similitudine
1617 959 1756 997 monuit

119 1026 227 1065 etiam
269 1025 446 1064 Dukerus
486 1025 570 1064 loco
609 1025 734 1076 paullo
776 1028 863 1064 ante
902 1024 1053 1064 laudato
1085 1038 1123 1076 p.
1158 1028 1250 1063 574.
1314 1024 1386 1064 Ubi
1418 1025 1466 1063 ab
1498 1026 1650 1078 antiquo
1683 1039 1757 1065 ex-

117 1094 238 1146 emplo
272 1094 420 1133 recedit
461 1106 607 1132 carmen
647 1094 864 1143 iambicum,
902 1094 1021 1132 medio
1054 1094 1235 1143 carmine,
1276 1096 1313 1132 et
1354 1097 1545 1143 extremo,
1577 1096 1627 1133 ihi
1659 1096 1757 1147 quod

117 1163 163 1202 (10
193 1163 375 1202 redeunte
398 1175 448 1201 ex
478 1163 589 1212 agnis
621 1163 691 1201 sub
717 1163 889 1202 custodia
915 1163 1041 1213 Priapi
1064 1163 1213 1201 nutritis
1239 1163 1417 1213 pecunia,
1449 1163 1570 1215 deque
1600 1163 1758 1202 vaccula

118 1231 322 1280 immolata,
363 1233 553 1277 narratur,
587 1229 705 1280 longe
737 1231 894 1282 petitum
924 1230 1035 1270 alicui
1067 1231 1263 1275 videatur,
1298 1234 1336 1269 ct
1367 1233 1570 1283 quaesitum
1594 1232 1630 1271 in
1663 1245 1756 1272 con-

118 1299 308 1348 clusione,
341 1299 405 1337 ubi
436 1298 597 1337 mentula
629 1300 755 1350 Priapi
787 1311 855 1350 pro
888 1299 997 1338 clava
1029 1300 1145 1339 utitur
1178 1299 1347 1349 villicus,
1380 1312 1545 1339 acumen.
1608 1301 1755 1354 Quanto

118 1367 180 1406 ille
212 1367 437 1419 simplicius,
472 1370 510 1407 et
541 1368 751 1419 antiquius:
785 1367 922 1425 Quare
950 1369 1062 1416 hine,
1096 1381 1117 1407 0
1138 1371 1275 1419 paeri,
1302 1369 1433 1408 malas
1459 1369 1659 1410 abstinete
1682 1385 1756 1410 ra-

115 1441 254 1491 pinas.
322 1437 486 1477 Vicinus·
517 1449 642 1491 prope
665 1437 780 1476 clives
813 1445 896 1485 est,
930 1438 1216 1490 neqliffensqae
1249 1438 1452 1489 Priapus:
1487 1441 1524 1478 et
1547 1452 1643 1491 quae
1673 1453 1754 1493 seq.

119 1506 225 1559 Quod
258 1518 351 1544 vero
383 1505 656 1544 similitudinem
690 1518 826 1543 versus
864 1510 925 1544 13.
959 1518 1038 1544 cum
1070 1506 1183 1555 Virg.
1216 1506 1298 1544 Ecl.
1334 1510 1369 1545 1.
1396 1511 1462 1544 36.
1495 1509 1649 1557 attinet,
1683 1523 1755 1562 quo

116 1576 337 1624 argumento
372 1573 432 1612 vel
465 1573 548 1612 solo
580 1574 623 1612 L.
652 1574 783 1614 Carrio
814 1575 859 1612 ad
884 1574 1014 1614 Valer.
1037 1574 1091 1612 Fl.
1117 1574 1185 1614 111.
1220 1578 1311 1613 709.
1374 1574 1542 1625 Virgilio
1567 1575 1639 1616 1100
1665 1591 1753 1617 car-

116 1656 196 1681 mcn
230 1642 469 1692 vindicabat,
502 1646 606 1682 certe
638 1643 766 1681 eodem
798 1645 877 1681 1010
909 1646 1076 1682 nostrum
1107 1656 1158 1682 ex
1190 1644 1337 1693 Ecloga
1362 1643 1539 1694 Virgilii,
1571 1659 1677 1698 quam
1706 1660 1755 1687 ex

116 1716 245 1750 nostro
269 1711 488 1761 Virgilium,
521 1712 734 1762 profecisse
758 1713 983 1762 putabimus.
1045 1713 1258 1764 chuantur
1284 1713 1380 1761 duo,
1414 1726 1508 1765 quae
1531 1727 1637 1766 quum
1664 1716 1755 1755 nihil

114 1779 299 1827 habeant,
343 1780 438 1831 quod
479 1792 550 1819 non
591 1781 642 1819 sit
678 1781 888 1832 antiquum,
933 1781 1123 1830 Virgilio,
1169 1782 1225 1820 cui
1269 1781 1480 1821 tribuuntur
1519 1783 1566 1821 ab
1607 1784 1755 1824 idoneis

115 1849 354 1897 auctoribus,
396 1849 478 1887 sine
510 1850 747 1888 cunctatione
779 1849 1044 1888 adscribenda.
1104 1848 1261 1889 Carmen
1294 1849 1342 1888 11.
1369 1850 1429 1889 ed.
1452 1851 1581 1902 Hcyn.
1614 1851 1754 1901 (Anth.

116 1918 201 1956 Lat.
243 1917 291 1956 11.
334 1920 511 1967 ccxmr.)
545 1919 834 1957 Corinthiorum
872 1924 1027 1957 amator
1057 1921 1137 1957 iste
1168 1919 1385 1958 verboram.
1455 1920 1616 1972 itemque
1657 1919 1755 1960 Car-

116 1999 195 2025 01011
237 1986 306 2025 IV.
346 1986 403 2024 ed.
445 1986 494 2024 11.
537 1985 682 2034 (Antb.
724 1986 806 2024 Lat.
838 1986 888 2026 ΙΙ.
931 1990 1105 2038 ccxw.)
1174 1987 1354 2041 Superbe
1395 1988 1607 2029 Noctuine.
1669 1991 1753 2030 Vc-

116 2056 262 2093 rissime
288 2057 383 2093 enim
408 2056 637 2094 Burmannus
660 2068 808 2093 versum
839 2056 988 2093 carmini
1015 2067 1146 2093 nonum
1170 2056 1329 2094 adiecit:
1368 2057 1611 2107 Thalassio,
1644 2059 1754 2098 Tha-

115 2125 273 2171 lass-io,
312 2124 555 2163 Thalassio:
588 2126 698 2176 atquc
730 2123 827 2162 1111110
859 2137 1008 2163 versum
1041 2124 1181 2174 respici
1213 2124 1260 2162 ab
1287 2124 1410 2164 Mario
1438 2125 1633 2165 Victorino
1665 2128 1754 2166 exi-

117 2194 264 2241 stimat,
311 2192 418 2231 Artis
458 2192 522 2231 Gr.
565 2192 630 2231 lib.
664 2192 730 2231 111.
764 2196 888 2233 2585.
921 2191 1074 2231 Putsch.
1137 2193 1205 2231 Sic
1236 2193 1341 2242 libri,
1382 2195 1442 2246 qui
1475 2194 1620 2247 quidem
1652 2196 1754 2235 inte-

116 2275 223 2309 grum
256 2262 483 2312 epigramma
513 2261 672 2310 habent,
708 2263 778 2300 etsi
812 2263 845 2299 in
879 2261 1049 2299 omuibus
1082 2261 1141 2300 his
1174 2265 1311 2301 tantum
1343 2262 1482 2312 legitur
1504 2263 1751 2305 exclamatio:

121 2331 319 2369 'I'lmlasio
361 2331 556 2369 Thalasio
599 2330 810 2369 Vossianus
841 2330 889 2369 ΙΙ.
936 2331 1133 2369 Tlealasio
1163 2332 1353 2370 thalasso
1385 2330 1605 2382 Vicentina3
1643 2334 1755 2373 Tha-

117 2400 225 2439 lasio
268 2400 420 2438 talasio
457 2398 606 2437 Veneta
652 2401 768 2438 1482.
835 2400 1005 2439 Talasio
1042 2401 1211 2439 Tettasio
1244 2400 1456 2440 Vossianus
1490 2400 1519 2440 1.
1579 2402 1753 2441 Eiusdem

117 2469 212 2507 modi
255 2467 384 2506 librum
424 2471 509 2506 ante
547 2468 676 2506 oculos
717 2467 846 2507 hahuit
878 2469 1045 2508 Vossius
1087 2470 1131 2507 ad
1175 2468 1314 2509 Catull.
1353 2483 1392 2520 p.
1425 2472 1490 2508 74.
1551 2471 1607 2510 En
1639 2471 1754 2510 Marii

118 2537 325 2579 Victorini,
365 2548 471 2587 quem
523 2536 750 2575 Burmannus
798 2540 935 2575 tantum
976 2538 1098 2576 obiter
1146 2542 1424 2585 conmemorat,
1465 2538 1605 2583 locum,
1644 2541 1753 2579 Artis

117 2607 185 2646 Gr.
216 2605 281 2645 lib.
306 2605 374 2643 111.
408 2607 530 2643 2585.
564 2605 719 2644 putsch.
755 2607 869 2645 Facit
889 2613 1104 2659 praeterea
1135 2621 1292 2646 versam
1317 2609 1520 2648 iambicum
1542 2611 1754 2648 trimetrum

118 2683 220 2722 tam,
255 2674 492 2721 Simonides,
528 2687 663 2727 (paam,
691 2676 868 2723 negotio,
894 2680 1096 2729 repetitum
1117 2683 1197 2725 ter,
1231 2678 1340 2716 haud
1364 2678 1476 2717 alias
1505 2692 1621 2731 qnam
1644 2681 1755 2717 az'mzc

117 2745 270 2795 fecisse
308 2743 513 2794 lfa-filium
544 2750 740 2790 nostrum,
775 2744 940 2783 iambico
964 2746 1284 2797 Epiglrammate:
1316 2745 1520 2784 Thalassio
1551 2746 1753 2785 Thalassio

118 2811 337 2850 Thalassio.
399 2812 540 2863 Quodsi
582 2810 654 2849 1100
695 2811 878 2861 Virgilii,
924 2814 1088 2851 eiusdem
1127 2815 1198 2853 erit
1238 2815 1391 2853 alterum
1433 2816 1466 2853 in
1506 2814 1751 2862 Nocturnum,

120 2879 242 2920 Carnu.
274 2880 343 2919 Ill.
375 2880 433 2918 ed.
468 2880 594 2929 llcyn.
641 2878 779 2923 (Anth.
821 2882 903 2920 Lat.
937 2882 984 2921 11.
1018 2884 1198 2933 ccxmv.)
1260 2884 1385 2923 Socer
1424 2884 1537 2923 beate
1576 2897 1647 2922 nee
1683 2883 1756 2923 tibi

120 2962 191 2987 nec
218 2950 356 2998 alteri,
392 2949 514 2987 itidem
546 2949 648 2998 puris
680 2950 855 2999 scriptun·
879 2951 1033 2990 iambis:
1067 2953 1163 3004 qnod
1196 2953 1289 2991 ludit
1319 2953 1353 2990 in
1380 2964 1494 2989 versu
1516 2951 1751 2991 Catulliano:

122 3018 250 3057 Gener
288 3032 482 3073 socerque
526 3018 768 3071 perdidistis
816 3023 958 3059 omnia.
1029 3022 1204 3071 Heynius
1245 3033 1309 3059 cnr
1346 3021 1490 3060 dubitet
1527 3022 1753 3072 tantopere,
