2006 3365
884 542 933 610 Ι.

280 728 419 784 DE
482 730 977 787 VIRGILII
1042 731 1528 787 LlssELLo

469 913 1021 970 NJVENALIS
1087 914 1285 971 LUD
1302 915 1346 969 1.

86 1303 309 1367 x⁷irgilium
340 1322 491 1369 praeter
513 1319 585 1358 tria
609 1332 723 1371 opera
753 1321 908 1369 maiora,
939 1320 1139 1370 Bucolica,
1173 1319 1389 1371 Georgica,
1416 1320 1647 1369 Aeneidem,
1681 1325 1720 1363 et

84 1388 240 1426 maxime
257 1392 344 1427 ante
363 1400 406 1426 ea
430 1401 565 1439 opera,
585 1388 657 1427 alia
678 1389 903 1439 scripsisse,
926 1389 1089 1439 minora,
1115 1392 1185 1428 tam
1204 1402 1271 1441 per
1297 1403 1339 1428 se
1360 1391 1557 1441 probabile
1581 1394 1661 1441 est,
1680 1395 1719 1432 ut

83 1456 173 1494 nihil
207 1457 264 1505 ei,
307 1457 368 1508 qui
396 1457 446 1495 ita
471 1458 605 1496 sactum
633 1470 721 1496 esse
751 1457 1008 1506 contenderit,
1049 1458 1114 1496 sed
1149 1460 1368 1498 contrarium
1395 1461 1453 1508 ei,
1487 1461 1547 1512 qui
1582 1462 1717 1500 factum

83 1537 172 1564 esse
194 1528 327 1574 neget,
348 1526 574 1576 probandum
602 1527 664 1565 sit.
724 1526 875 1574 Magis,
900 1538 971 1564 non
996 1526 1112 1564 dicam
1133 1528 1280 1576 mirum,
1303 1528 1369 1566 sed
1393 1528 1714 1579 inexspectatum,

81 1606 201 1646 eoque
221 1595 343 1643 magis
366 1593 522 1644 laetum,
552 1595 670 1633 videri
701 1593 836 1642 dehet,
862 1594 957 1645 quod
986 1593 1047 1632 illa
1072 1595 1249 1633 iuvenilis
1274 1598 1558 1635 exercitationis
1584 1598 1717 1648 speci-

79 1663 175 1701 mina
198 1662 258 1701 vel
280 1662 443 1701 ludentis
466 1675 534 1713 per
551 1663 663 1701 otium
684 1662 827 1711 ingenii
849 1662 974 1702 subita
997 1663 1151 1702 inventa
1171 1669 1399 1704 conservata
1423 1668 1509 1705 sunt
1527 1678 1576 1704 ex
1594 1670 1716 1717 parte,

81 1732 301 1782 tempusque
324 1731 496 1770 viderunt
522 1735 700 1769 nostrum.
759 1730 800 1769 ln
826 1730 1019 1783 plerisque
1045 1732 1295 1783 scriptoribus
1313 1746 1465 1784 operum
1485 1737 1624 1773 matura
1648 1747 1715 1773 ae-

80 1802 158 1839 tate
181 1799 386 1851 diligenter
414 1799 687 1839 elaboratorum
709 1800 961 1851 praestantia,
996 1805 1034 1839 et
1057 1800 1154 1851 apud
1179 1802 1351 1853 antiquos
1373 1802 1517 1841 iudices
1537 1803 1716 1842 aestima-

80 1869 151 1917 tio,
173 1869 207 1907 in
231 1869 370 1907 ruinam
393 1869 507 1907 traxit
530 1869 730 1918 iuvenilia,
750 1869 868 1907 minus
893 1869 1085 1918 perfecta,
1115 1881 1165 1907 ex
1184 1872 1352 1920 tempore
1372 1871 1468 1908 susa.
1514 1870 1715 1920 Virgilium

79 1937 175 1988 quod
196 1938 351 1985 attinet,
378 1937 475 1975 inter
503 1939 663 1975 carmina
687 1939 848 1985 minora,
879 1949 973 1989 quae
993 1937 1204 1976 tribuuntur
1229 1937 1421 1987 Virgilio,
1454 1951 1559 1977 unum
1589 1942 1626 1978 et
1656 1939 1714 1977 al-

79 2008 196 2043 terum
218 2008 288 2043 tam
312 2005 411 2043 bona
431 2005 652 2043 auctoritate
675 2005 906 2051 tribuuntur,
929 2008 967 2044 et
986 2005 1033 2044 ab
1059 2005 1203 2044 idoneis
1224 2006 1388 2044 testibus
1411 2007 1712 2057 comprobantur,

79 2076 118 2112 ut
149 2073 257 2111 etiam
274 2072 369 2121 alia,
403 2084 480 2111 cum
512 2073 585 2111 illis
618 2074 676 2111 edi
709 2073 844 2120 solita,
877 2074 949 2111 nisi
983 2086 1050 2124 per
1081 2087 1123 2113 se
1152 2074 1317 2123 Virgilio
1344 2075 1418 2113 sint
1438 2076 1610 2124 indigna,
1645 2088 1713 2127 pro

78 2140 306 2190 virgilianis
338 2140 465 2179 haberi
498 2142 658 2191 possint.
719 2142 803 2180 Non
835 2143 1131 2192 exspectandum
1158 2145 1217 2181 est
1249 2144 1366 2191 enim,
1403 2146 1441 2182 ut
1473 2145 1594 2182 onmia
1627 2156 1713 2183 car-

78 2210 173 2248 mina
195 2209 405 2259 virgiliana
419 2209 569 2259 singula
592 2223 694 2248 suum
713 2211 884 2263 quodque
903 2210 1126 2262 locupletem
1151 2214 1283 2250 testem
1312 2210 1486 2251 habeant.
1547 2212 1606 2251 De
1629 2213 1712 2252 Cu-

77 2280 155 2318 lice
185 2277 285 2316 nulla
311 2278 513 2317 dubitatio:
542 2282 685 2327 testes,
712 2280 806 2318 satis
836 2279 970 2318 multos
1001 2291 1045 2318 ac
1077 2278 1309 2330 locupletes,
1335 2279 1508 2330 Heynius
1531 2285 1713 2322 monstrat

77 2347 274 2386 Prooemio
307 2348 341 2385 in
374 2346 553 2387 Culicem.
616 2347 759 2400 Quibus
796 2348 935 2386 addere
980 2348 1066 2387 licet
1106 2348 1279 2400 quamvis
1317 2348 1447 2387 minori
1488 2351 1713 2390 auctoritate

77 2416 346 2464 testimonium,
379 2415 500 2455 Focae
525 2415 758 2455 Grammatici
790 2417 824 2454 in
844 2416 935 2456 Vita
953 2417 1107 2466 Virgilii
1140 2416 1316 2455 versibus
1347 2418 1502 2468 scripta.
1563 2421 1713 2472 Copam

77 2486 236 2523 testatur
268 2484 398 2534 Sosip.
433 2482 628 2523 Charisius
660 2484 688 2522 Ι.
721 2496 752 2522 c.
783 2486 848 2523 47.
939 2486 1155 2525 Catalecta
1176 2486 1365 2525 Maronis
1398 2500 1466 2525 sua
1497 2491 1620 2527 aetate
1639 2500 1711 2526 ex-

76 2554 223 2592 stitisse
254 2552 449 2591 Ausonius
480 2555 659 2602 testatur3
709 2552 975 2595 Prolusiones
1021 2555 1225 2593 Diomedes
1266 2554 1350 2592 loco
1389 2555 1482 2594 infra
1513 2555 1710 2595 laudando.

76 2623 125 2661 Et
156 2623 201 2661 de
242 2621 406 2672 singulis
447 2623 667 2661 carminibus
706 2636 726 2662 e
767 2623 976 2664 Catalectis
1008 2623 1226 2673 Ausonius,
1259 2623 1531 2675 Quintilianus,
1563 2625 1709 2664 Marius

76 2692 316 2730 Victorinus:
350 2691 395 2729 de
427 2691 692 2741 epigrammate
710 2693 1000 2732 Corinthiorum
1030 2699 1185 2731 amator
1215 2694 1295 2732 iste
1324 2692 1551 2742 verborum,
1576 2693 1709 2732 Auso-

75 2760 158 2798 nius
189 2764 227 2800 et
258 2759 536 2813 Quintilianus3
575 2759 621 2798 de
663 2761 928 2813 epigrammate
960 2762 994 2799 in
1026 2762 1266 2801 Noctuinum
1296 2761 1441 2800 Marius
1474 2761 1707 2801 Victorinus.

77 2827 292 2868 Cuiusmodi
324 2828 547 2867 testimoniis
580 2829 812 2879 comprobari
843 2832 957 2882 atque
988 2829 1194 2869 confirmari
1238 2841 1309 2869 non
1355 2829 1473 2869 solum
1513 2830 1709 2868 carminum

75 2908 220 2945 eorum,
263 2909 358 2948 quae
389 2896 442 2934 illi
474 2896 618 2934 diserte
649 2896 798 2937 laudant
828 2898 1069 2951 tribuuntque
1101 2899 1286 2948 Virgilio,
1319 2900 1384 2938 sed
1418 2900 1526 2939 etiam
1556 2898 1708 2938 aliorum

76 2966 110 3003 in
143 2964 350 3005 Catalectis
382 2966 578 3005 carminum
610 2967 892 3016 auctoritatem,
926 2971 1029 3007 recte
1059 2968 1182 3007 sensit
1204 2967 1233 3006 I.
1252 2968 1301 3007 ΙΙ.
1334 2967 1501 3006 Vossius
1523 2967 1566 3005 ad
1593 2968 1705 3017 Virg.

75 3033 156 3074 Ecl.
175 3033 244 3074 Vl.
275 3037 342 3074 31.
373 3048 412 3088 p.
446 3039 542 3074 303.
563 3045 646 3088 seq.
706 3033 815 3088 Quod
845 3037 941 3076 enim
971 3036 1106 3090 aliquis
1137 3037 1238 3076 dicat
1264 3065 1275 3087 ,
1306 3035 1569 3090 Quintilianum
1601 3038 1708 3076 unius
