2006 3365
466 189 521 229 IN
552 189 772 231 VALEnn
804 188 1040 231 CATONIS
1072 190 1253 231 DIRAS.
1616 194 1683 238 65

38 306 129 346 Nam
162 318 210 345 ex
241 305 440 345 veteribus
472 305 700 345 editionibus
732 310 892 355 iterum,
925 310 964 346 et
990 310 1151 360 potius,
1183 308 1218 346 in
1246 318 1397 359 quorum
1422 317 1579 345 vacuum
1609 318 1682 345 ve-

38 378 168 414 nerant
190 376 339 414 veleris
356 404 366 422 ‚
389 378 428 413 et
445 378 587 424 toties,
622 377 868 426 reposuimuS.
902 376 1033 414 iterum
1058 375 1237 414 alumnam
1261 388 1363 415 suam
1389 374 1521 414 silvam
1546 378 1679 417 vocat,

36 443 159 496 quod,
202 446 239 482 ut
269 443 475 481 verisimile
507 446 586 493 est,
628 445 757 482 iterum
797 447 880 482 sata
918 444 968 481 sit
1000 443 1046 481 ab
1085 443 1171 492 illo,
1214 446 1252 482 et
1289 444 1471 482 instituta.
1533 441 1611 482 Sed
1644 441 1679 480 id

37 513 199 560 frustra,
231 514 269 550 et
299 511 565 564 nequicquam,
599 513 739 564 inquit,
772 524 850 550 cum
884 524 927 549 ea
959 512 1085 561 potius
1117 511 1257 549 devota
1286 512 1427 549 nostris
1452 510 1592 550 libellis
1617 522 1681 549 ar-

36 579 123 619 deat
153 581 318 631 oportet.
375 581 461 629 Ego
495 592 566 618 non
599 581 752 628 dubito,
784 581 869 631 quin
904 580 1058 629 propius
1090 591 1110 616 a
1144 579 1306 617 veritate
1339 579 1440 617 absit
1468 578 1560 617 haec
1588 591 1681 618 con-

36 649 178 687 iectura
211 650 360 687 nostra.
422 651 670 688 SeAIAGER..
729 648 815 686 Non
848 645 976 697 procul
1009 659 1030 684 a
1063 658 1154 684 vero
1191 647 1323 685 abfuit.
1386 646 1462 686 Sed
1495 648 1578 685 dum
1610 659 1681 686 non

34 717 129 754 satis
160 716 336 755 librorum
369 723 456 756 ante
481 717 612 756 oculos
636 716 770 758 babet,
803 716 948 766 respuit
971 715 1029 761 id,
1057 715 1153 767 quod
1179 715 1355 765 probum,
1386 727 1432 754 ac
1453 716 1551 754 bona
1578 728 1682 755 com-

36 785 231 836 probatum
272 788 516 835 auctoritate,
559 787 729 829 veteris,
772 783 965 835 locumque
1007 796 1052 822 ea
1083 786 1190 834 parte
1230 784 1413 833 tentavit,
1456 796 1528 836 qua
1567 796 1683 823 sanus

33 858 106 892 est.
170 853 230 891 Ac
262 855 378 905 primo
411 854 656 892 certissimum
690 855 750 890 est
782 852 883 905 Ipsa
914 853 1054 891 cades·-
1103 853 1205 904 Ipsa
1236 851 1357 901 silva,
1390 864 1485 904 quae
1516 853 1682 903 opponi-

34 925 93 960 tur
124 922 285 968 umbris,
319 921 355 960 h.
389 934 423 960 e.
457 921 665 959 frondibus.
714 920 768 959 Ea
799 921 832 959 in
866 920 1110 971 oppositione
1142 920 1238 973 quod
1271 920 1380 959 alicui
1407 921 1582 959 videatur
1606 920 1682 959 ob-

32 1002 180 1028 scurum
214 1003 322 1035 esse,
362 991 396 1028 id
430 990 523 1028 satis
556 989 721 1028 declarat
752 988 1006 1041 explanatque
1040 994 1170 1040 poeta,
1211 1003 1318 1041 quum
1349 989 1472 1038 addit,
1513 1001 1581 1041 per
1611 1001 1682 1040 ap-

34 1059 278 1109 positionem,
319 1072 358 1098 υ.
391 1059 430 1097 (Ι.
461 1060 496 1111 f.
530 1060 654 1110 liqna.
716 1058 814 1110 Ipse
852 1058 985 1096 Petav.
1019 1057 1168 1096 Tlman.
1209 1058 1314 1097 Leid.
1354 1058 1477 1096 Paris.
1509 1057 1579 1097 Ill.
1613 1058 1683 1098 lV.

33 1126 155 1176 Angl.
188 1129 225 1166 et
257 1127 346 1166 editi
379 1127 466 1165 inde
498 1140 519 1165 a
545 1126 712 1165 Romana
732 1126 783 1165 ll.
816 1138 894 1165 cum
927 1127 1009 1165 cod.
1045 1127 1132 1165 Bas.
1158 1126 1266 1166 Vrat.
1292 1127 1341 1166 11.
1376 1126 1493 1166 Voss.
1518 1126 1568 1166 11.
1594 1130 1683 1166 ante

32 1195 185 1233 Badium
226 1208 368 1234 omnes.
430 1196 485 1234 At
518 1196 620 1248 Ipsa
661 1196 696 1233 in
730 1195 872 1234 Medic.
917 1196 1086 1244 August.
1119 1195 1273 1235 Monac.
1306 1195 1337 1235 l.
1369 1195 1419 1234 Il.
1451 1195 1617 1236 Vratisl.
1650 1195 1679 1235 I.

33 1265 303 1313 Ascensianis,
335 1263 620 1313 Scaligeranis,
655 1263 756 1303 Pitli.
790 1267 828 1302 et
858 1264 1147 1302 recentioribus,
1181 1264 1308 1315 Badii,
1341 1265 1402 1316 qui
1434 1263 1480 1303 de
1506 1266 1681 1304 Battara

33 1332 230 1381 cogitabat
260 1333 421 1381 arbore,
454 1332 674 1371 observatio
706 1335 786 1371 est:
835 1333 908 1371 alti
945 1340 1074 1372 tamen
1113 1335 1202 1386 ipse
1242 1333 1376 1385 leqzmt
1413 1334 1488 1373 sed
1518 1334 1675 1373 arboris

32 1414 167 1439 nomen
199 1404 348 1440 rectius
379 1402 629 1452 foemininmn
657 1403 819 1454 ponitur
850 1404 955 1440 sicut
983 1403 1128 1452 prins:
1162 1404 1310 1454 optima
1341 1401 1573 1453 sylvarum.
1635 1402 1681 1441 Et

36 1470 143 1522 Ipsa
175 1481 272 1507 mmc
303 1474 492 1519 comparet
524 1471 558 1507 in
591 1469 765 1520 exemplo
798 1469 903 1520 Lips.
936 1469 983 1507 V.
1017 1470 1047 1508 Ι.
1080 1482 1099 1508 a
1131 1482 1237 1508 manu
1270 1469 1330 1509 Gl.
1364 1482 1442 1509 cum
1472 1470 1609 1520 glossa
1640 1478 1682 1509 tn

33 1538 207 1576 ballare.
270 1537 309 1575 In
345 1538 551 1575 Mutinensi
586 1538 712 1590 Ipsae
743 1538 900 1588 editum,
933 1538 1029 1590 quod
1063 1539 1097 1576 in
1130 1541 1320 1590 utramque
1342 1540 1484 1589 partem
1509 1540 1682 1590 accipere

31 1605 133 1644 licet.
197 1605 365 1652 Deinde,
408 1607 505 1656 quod
538 1606 582 1643 ad
623 1605 849 1644 intellectum
889 1605 960 1645 loci
1002 1607 1242 1657 praecipuum
1282 1610 1363 1657 est,
1403 1608 1683 1662 IVeqm‘cqnam

31 1674 257 1723 iungendum
290 1687 378 1711 esse
403 1686 482 1712 eum
508 1675 844 1725 praecedentibus,
877 1678 1029 1726 praeter
1051 1675 1291 1725 Scaligerum
1316 1676 1494 1715 viderunt
1520 1677 1680 1723 Badius,

30 1742 234 1782 Glossator
253 1741 300 1781 V.
325 1742 355 1781 l.
388 1744 448 1794 qui
481 1747 655 1793 punctum
687 1746 774 1793 post
805 1745 952 1790 cades,
987 1745 1094 1783 eolon
1119 1748 1208 1796 post
1228 1745 1508 1800 Nequicquam
1531 1746 1679 1796 posuit3

33 1811 333 1850 Wernsdorlius.
396 1810 580 1849 Viderunt
611 1811 698 1849 illud
738 1812 848 1850 etiam
882 1812 1108 1861 pausemus,
1152 1816 1190 1852 et
1220 1826 1340 1864 nuper
1370 1813 1572 1863 Silligius,
1613 1815 1680 1852 sed

32 1880 103 1918 vim
136 1880 275 1918 iaciunt
306 1879 410 1918 loco:
456 1879 542 1924 ille,
583 1880 665 1917 dum
702 1881 978 1935 Neqnianam
1010 1882 1091 1921 vult
1131 1882 1224 1920 idem
1265 1895 1354 1921 esse
1393 1882 1490 1935 quod
1527 1896 1681 1937 nequa-

31 1961 171 2002 quam3
204 1947 290 1997 hic,
317 1948 423 1997 dum,
447 1950 651 1988 artificiosa
683 1950 837 2002 quadam
870 1950 1148 2000 explicatione,
1181 1952 1363 1991 succidet
1395 1951 1550 1990 verbum
1582 1964 1679 2001 sup-

31 2016 125 2067 pleri
158 2016 201 2054 ad
237 2018 513 2072 Neque‘eqnam
546 2017 662 2056 iubet.
724 2017 818 2056 ΜίΙιί
850 2019 1000 2068 primum
1040 2018 1146 2058 locus
1186 2023 1287 2058 totus
1318 2020 1439 2071 patuit
1469 2032 1569 2057 more
1601 2019 1679 2058 Lu-

33 2086 137 2124 cretii
171 2085 401 2135 observato,
442 2086 502 2137 qui
534 2087 590 2124 sic
628 2087 853 2137 saepissime
892 2089 1081 2125 sententia
1120 2099 1199 2126 cum
1239 2088 1555 2139 praecedentibus
1594 2089 1679 2126 iun-

33 2157 128 2192 ctum
162 2154 437 2209 Neqm'cqumn
477 2155 513 2192 in
548 2155 671 2193 fronte
712 2156 819 2206 ponit
857 2168 994 2194 versus
1033 2155 1190 2195 heroici.
1253 2155 1323 2209 Qui
1355 2169 1434 2195 mos
1475 2168 1546 2195 non
1579 2157 1680 2205 fugit

33 2222 62 2261 1.
77 2223 134 2260 Fr.
150 2221 404 2272 Gronovium,
430 2224 490 2261 ubi
513 2224 676 2261 eumdem
702 2224 809 2262 vocis
833 2224 1022 2273 eiusdem,
1055 2228 1092 2263 et
1122 2225 1316 2273 similium,
1335 2226 1522 2277 frustra,
1540 2226 1678 2278 falso,

34 2304 136 2329 usum
177 2292 210 2329 in
244 2291 351 2330 Livio
390 2292 550 2343 aliisque
580 2295 782 2342 monstrat,
824 2293 868 2330 ad
901 2292 985 2331 Liv.
1018 2293 1139 2332 XLII.
1174 2309 1284 2332 Lxlv.
1346 2295 1540 2333 Annotavi
1572 2294 1680 2333 locos

33 2360 197 2398 Lucretii
229 2361 260 2397 si
294 2372 364 2398 non
396 2373 547 2409 omnes,
579 2360 714 2399 multos
748 2365 888 2399 tamen:
921 2361 971 2400 11.
1012 2363 1132 2400 1147.
1167 2362 1235 2401 lv.
1270 2365 1364 2401 466.
1403 2366 1520 2403 1103.
1557 2365 1677 2401 1126.

35 2428 84 2466 V.
117 2430 213 2467 8⁴4.
253 2431 367 2466 1230.
405 2431 524 2467 1270.
561 2433 681 2469 13¹2.
718 2433 839 2468 1331.
871 2430 933 2469 ed.
969 2430 1122 2469 Wakes.
1166 2431 1229 2470 Ad
1258 2431 1420 2470 Lucretii
1446 2433 1563 2481 igitur
1588 2443 1679 2470 nor-

34 2510 124 2535 mam
158 2497 276 2535 verba
307 2497 462 2536 distinxi
495 2499 676 2538 Catonis:

266 2566 366 2619 Ipsa
397 2567 547 2616 cades,
580 2571 728 2607 veleris·
761 2568 907 2607 domini
934 2568 1080 2620 felicia
1111 2569 1251 2621 liqna,

266 2634 541 2687 Neqnieqnam
556 2662 565 2671 .

35 2702 72 2740 b.
105 2716 138 2742 e.
172 2702 256 2741 olim
299 2715 354 2741 me
386 2703 530 2741 domino
570 2703 714 2749 l'elicia,
757 2705 822 2743 sed
865 2705 1108 2757 nequicquam
1141 2705 1283 2750 felicia,
1326 2707 1410 2759 quia
1450 2705 1534 2744 olim
1575 2706 1679 2742 suere

36 2770 182 2821 felicia,
213 2783 309 2809 nunc
341 2782 411 2809 non
445 2774 545 2809 sunt.
606 2772 736 2811 Simile
767 2784 816 2811 ex
848 2776 955 2824 parte
986 2773 1073 2812 illud
1105 2773 1270 2821 Tibulli,
1304 2775 1333 2813 1.
1369 2791 1401 2823 ι,
1436 2778 1500 2813 19.

273 2839 351 2879 Vos
385 2852 539 2893 quoqne
564 2840 702 2891 felicis
735 2843 953 2896 quondam,
986 2857 1088 2883 nuuc
1115 2847 1313 2896 pauperis
1346 2846 1438 2896 ayn·

378 2908 599 2947 Custodes.

37 2974 170 3025 Magis
203 2975 322 3015 simile
352 2975 601 3025 Vlrgilianum
633 2975 714 3015 Ecl.
745 2977 776 3016 1.
811 2979 876 3017 75.

265 3046 328 3085 Ite
356 3058 464 3085 meae
493 3045 597 3097 felix
629 3046 822 3099 quondam
850 3060 1000 3099 pecuS,
1033 3050 1087 3086 ite
1117 3047 1323 3101 capellae.

107 3121 262 3154 Valerius
284 3123 377 3156 Cato.
1376 3120 1408 3161 5
