1970 3350
410 635 853 693 ECLOGA
920 635 977 689 E
1048 633 1402 691 LYDlA.

81 1040 287 1108 Invideo
326 1061 460 1107 vobis
498 1061 622 1119 agri,
661 1060 956 1122 formosaque
991 1065 1147 1121 prata:

79 1164 178 1210 Hoc
214 1164 414 1209 formosa
450 1164 622 1224 magis,
660 1178 763 1208 mea
799 1163 922 1225 quod
958 1164 1159 1208 formosa
1193 1163 1349 1224 puella

78 1266 165 1313 Est
201 1267 358 1315 vobis:
396 1268 534 1312 tacite
572 1271 780 1311 nostrum
817 1268 1021 1328 suspirat
1058 1281 1272 1311 amorem.

76 1370 176 1417 Vos
212 1385 334 1415 nunc
371 1369 453 1414 illa
489 1368 642 1424 videt,
680 1369 814 1415 vobis
850 1385 953 1415 mea
989 1369 1143 1429 Lydia
1178 1368 1320 1424 ludit,

79 1472 178 1519 Vos
216 1488 338 1517 nunc
376 1471 662 1534 adloquitur,
700 1487 786 1517 vos
823 1487 946 1515 nune
983 1471 1160 1516 adridet
1196 1471 1382 1526 ocellis,

81 1574 142 1620 Et
177 1590 280 1620 mea
316 1574 546 1620 submissa
582 1573 830 1619 meditatur
866 1575 1069 1619 carmina
1104 1589 1244 1629 voce,

83 1676 252 1724 Cantat
287 1683 334 1723 et
369 1678 566 1731 interea,
604 1676 715 1721 mihi
753 1693 872 1740 quae
909 1677 1124 1723 cantabat
1160 1679 1207 1722 in
1243 1693 1414 1723 aurem.

81 1779 274 1825 Invideo
310 1779 445 1825 vobis
482 1781 606 1840 agri:
644 1780 829 1826 discetis
866 1796 1034 1826 amare.

82 1883 122 1929 0
158 1882 379 1928 fortunati
417 1883 628 1938 nimium,
665 1884 957 1946 multumque
993 1884 1136 1938 beati,

81 1986 137 2032 In
173 1986 340 2049 quibus
378 1985 459 2030 illa
495 1985 625 2047 pedis
662 1987 790 2032 nivei
826 1988 1029 2047 vestigia
1064 1992 1228 2047 ponet,

82 2088 179 2134 Aut
214 2091 359 2134 roseis
396 2088 553 2148 digitis
589 2088 786 2134 viridem
823 2088 1106 2150 decerpserit
1144 2104 1307 2134 uvam:

81 2191 221 2238 Dulci
258 2208 457 2254 namque
494 2198 641 2237 tumet
678 2191 880 2236 nondum
916 2192 1121 2237 vitecula
1158 2190 1364 2237 Baccho:

82 2294 181 2341 Aut
216 2296 335 2341 inter
369 2296 548 2350 varios,
588 2294 788 2341 Veneris
825 2294 1079 2355 stipendia,
1120 2294 1259 2339 flores

81 2397 295 2443 Membra
330 2397 586 2453 reclinarit,
623 2404 923 2459 teneramque
962 2397 1157 2442 inliserit
1195 2398 1410 2453 herbam,

83 2500 146 2546 Et
181 2505 358 2545 secreta
392 2516 517 2546 meos
554 2501 713 2546 furtim
749 2500 954 2545 narrabit
991 2516 1184 2545 amores.

83 2602 363 2649 Gaudebunt
399 2603 569 2659 silvae,
606 2603 876 2665 gaudebunt
912 2603 1069 2648 mollia
1105 2610 1259 2664 prata,

82 2706 145 2753 Et
180 2705 323 2767 gelidi
359 2705 531 2761 fontes,
568 2707 818 2767 aviumque
854 2707 1038 2752 silentia
1073 2706 1200 2752 fient.

84 2808 356 2855 Tardabunt
393 2809 504 2852 rivi:
541 2808 749 2854 labentes
786 2811 955 2855 currite
993 2809 1241 2871 lymphae:

82 2911 206 2958 Dum
242 2925 344 2957 mea
379 2910 597 2956 ineundas
634 2920 837 2975 exponat
873 2929 984 2958 cura
1022 2913 1250 2974 querelas.

84 3014 278 3061 Invideo
316 3014 449 3061 vobis
486 3016 612 3075 agri:
651 3030 750 3061 mea
786 3017 958 3077 gaudia
994 3016 1197 3070 habetis9

1621 1174 1718 1212 (105)

1620 1687 1716 1724 (110)

1656 1990 1718 2033 10

1621 2203 1717 2241 (115)

1624 2716 1718 2753 (120)

1655 3019 1721 3061 20
