2006 3365
201 129 267 174 84
724 169 729 172 ,
760 120 1287 164 ANIMADVERSIONES

206 242 320 282 habet
350 241 385 280 in
416 240 487 280 hoc
516 243 631 292 poeta
670 238 782 277 ieiuni
821 237 998 288 speeies,
1044 247 1150 288 quam
1190 234 1261 274 boc
1292 234 1426 280 habet,
1473 238 1624 276 vestris
1656 236 1840 289 lymplu's.

205 310 361 349 Heinsio
391 309 464 348 hoc
494 309 543 347 ita
575 307 717 355 frigere
751 305 973 354 videbatur,
1004 309 1043 344 ut
1074 306 1215 343 vitreis
1249 303 1487 354 emendaret,
1525 304 1842 356 applaudentibus

206 379 433 427 Burmanno,
465 375 750 421 Wernsdorfio,
782 373 1021 420 Eichstadio,
1055 378 1092 411 et
1127 372 1378 411 Wakefieldio
1409 373 1453 411 ad
1486 372 1636 412 Lucret.
1658 372 1726 411 ΙΙΙ.
1746 376 1841 411 354.

204 448 288 496 Ego
318 446 390 485 hoc
420 446 519 484 inter
549 456 594 483 ea
624 456 800 493 numero,
842 454 937 495 quae
970 442 1067 483 Cato
1099 441 1214 480 habet
1245 442 1291 480 ab
1325 441 1516 491 elegantia
1558 454 1602 480 ac
1633 442 1843 480 severitate

205 518 419 567 poetarum,
462 513 522 566 qui
555 511 734 553 Catonem
777 511 925 564 sequuti
965 513 1052 549 sunt
1091 511 1284 562 proxime,
1323 510 1458 549 aliena.
1518 511 1611 550 Nam
1642 510 1738 561 apud
1773 508 1843 547 lios

204 584 415 622 inusitatum
455 583 575 621 fuisse
606 580 696 620 illud
737 580 929 629 concedo,
973 584 1009 619 et
1041 579 1166 618 sicubi
1198 581 1247 619 ita
1279 580 1414 618 dictum
1446 580 1516 629 sit,
1559 579 1844 618 excusationem

203 654 367 703 paratam
398 650 582 704 aliquam,
620 663 666 689 ne
697 649 888 689 abundare
920 649 1114 688 videretur
1145 661 1369 700 pronomen,
1410 651 1514 700 puto.
1574 647 1624 687 Ut
1655 647 1843 697 Ovidius,

202 722 237 759 in
269 720 377 760 Ibide
409 734 447 759 v.
481 722 546 759 75.

473 790 646 844 Noa-qne
677 788 913 828 tenebrarum
945 789 1082 840 specie
1112 786 1332 826 reverenda
1361 790 1502 824 tuarum

207 859 278 897 vim
313 857 453 908 voluit,
485 858 558 896 nisi
596 857 725 906 fallor,
766 855 994 905 singularem
1027 856 1153 894 inesse
1193 856 1228 893 in
1267 855 1488 907 pronomine
1524 862 1691 894 tuarum.
1738 853 1845 906 quasi

206 927 329 967 dicat:
362 927 430 966 tibi
461 927 714 978 propriarum,
760 924 844 973 vel,
876 936 971 976 quae
1002 928 1105 963 totae
1137 928 1222 963 tuae
1254 928 1352 964 sunt.
1415 923 1570 977 Qualem
1602 924 1675 962 vim
1707 925 1845 961 frustra

207 1008 366 1048 quaeras
398 996 434 1034 in
467 995 676 1036 Catoniano
707 996 857 1034 vestris
889 994 1075 1046 lymphis.

296 1065 485 1119 Undeque
503 1063 611 1114 Aug.
633 1062 726 1101 male
749 1063 884 1100 iunctis
905 1061 1083 1112 syllabis,
1116 1063 1154 1100 ut
1177 1061 1289 1100 solet.
1314 1062 1497 1114 Undique
1513 1061 1654 1100 Medic.
1677 1060 1844 1114 Unclaq:

208 1134 327 1173 Paris.
360 1131 409 1171 ΙΙ.
441 1133 575 1185 bytom
607 1132 728 1170 Paris.
760 1130 811 1168 ΙΙ.
847 1130 953 1178 Aug.
986 1130 1142 1182 limphis
1177 1130 1283 1168 Mon.
1307 1129 1336 1168 Ι.
1361 1130 1409 1168 ll.
1444 1129 1552 1168 Vrat.
1586 1129 1614 1168 l.
1647 1127 1847 1169 Caeterum

207 1215 314 1255 quum
340 1200 480 1240 abhoc
505 1200 591 1239 inde
615 1199 698 1237 loco
722 1199 873 1238 mutatio
906 1199 1083 1251 quaedam
1116 1198 1262 1236 consilii
1290 1202 1479 1247 cernatur,
1508 1198 1724 1237 monstrabo
1752 1209 1847 1236 con-

207 1272 325 1310 silium
356 1271 515 1320 poetae,
547 1272 586 1307 et
615 1270 746 1319 partes
778 1267 950 1306 carminis
982 1267 1174 1316 singulas,
1209 1267 1409 1319 variasque
1440 1269 1475 1306 in
1508 1267 1641 1306 affectu
1670 1266 1847 1305 mutatio-

208 1352 288 1378 nes.
348 1338 399 1378 V.
433 1342 471 1377 8.
503 1350 586 1390 sqq.
632 1335 682 1375 V.
718 1340 781 1375 15.
815 1348 924 1388 seqq.
970 1334 1020 1374 V.
1054 1338 1121 1373 20.
1154 1339 1191 1374 et
1222 1347 1329 1387 seqq.
1362 1338 1539 1388 quatuor,
1580 1336 1702 1374 tribus
1741 1333 1847 1386 quasi

207 1407 397 1459 strophis,
429 1418 523 1459 quae
555 1405 733 1444 versibus
763 1405 961 1443 distinctae
992 1408 1079 1443 sunt
1111 1403 1419 1453 intercalaribus,
1447 1403 1704 1451 sterilitatem,
1730 1401 1847 1441 sicci-

210 1480 343 1525 tatem,
385 1478 528 1514 aestum
560 1475 797 1525 pestiferum,
837 1474 967 1512 indicit
1004 1486 1100 1522 agro
1138 1486 1228 1523 suo,
1268 1471 1368 1511 hunc
1406 1474 1440 1512 in
1474 1473 1603 1517 tinem,
1647 1470 1779 1510 nullam
1811 1473 1850 1510 ut

212 1545 428 1594 utilitatem,
468 1542 644 1592 gaudium
677 1542 836 1592 nullum,
879 1543 1014 1581 afferre
1047 1555 1147 1581 novo
1179 1541 1327 1581 domino
1367 1554 1463 1591 ager
1504 1541 1640 1592 possit.
1704 1539 1851 1579 Deinde

211 1614 383 1665 relapsus
416 1610 511 1651 Cato
549 1613 584 1650 in
626 1611 920 1650 recordationem
960 1610 1083 1649 silvae
1119 1623 1209 1650 suae
1250 1611 1524 1659 tristissimam,
1569 1622 1675 1662 quam
1715 1609 1850 1647 silvam

212 1682 411 1734 spoliatum
441 1683 553 1733 atque
585 1680 832 1731 exstirpatum
864 1680 908 1718 iri
940 1684 1166 1729 auguratur,
1197 1680 1379 1731 abreptus
1405 1679 1683 1728 indignatione,
1711 1678 1850 1716 ruinam

213 1764 308 1801 agro
341 1763 430 1800 suo,
462 1761 508 1788 ne
540 1749 609 1787 srui
643 1761 687 1787 eo
719 1748 823 1787 miles
855 1750 995 1800 possit,
1038 1749 1297 1801 interitumque
1329 1746 1636 1794 irrevocabilem,
1669 1750 1706 1785 et
1736 1758 1852 1784 ever-

214 1821 378 1865 sionem,
412 1818 477 1857 vel
508 1818 792 1857 conversionem
822 1818 1091 1856 atrocissimam
1124 1817 1265 1859 indicit.
1307 1817 1402 1856 Nam
1433 1816 1579 1854 incendi
1612 1814 1745 1853 silvam
1774 1813 1851 1853 t‘ul-

214 1889 371 1927 minibus
401 1891 512 1940 atque
544 1887 707 1926 comburi
739 1886 862 1926 iubet:
896 1898 967 1925 nec
997 1886 1114 1924 solum
1146 1886 1299 1932 silvam,
1339 1886 1404 1924 sed
1437 1886 1546 1924 etiam
1579 1885 1699 1933 vites,
1732 1895 1849 1933 sege-

215 1962 297 2006 tes,
329 1956 470 1995 omnia:
503 1957 604 1995 cinis
635 1958 764 1995 omnia
793 1955 906 2007 fiant.
957 1955 1079 2004 igitur
1111 1968 1228 2007 usque
1259 1955 1304 1993 ad
1336 1953 1435 1993 hunc
1464 1952 1582 1992 locum
1615 1964 1686 1991 una
1715 1952 1785 1990 suit
1815 1952 1854 1991 et

216 2026 391 2064 continua
420 2024 653 2075 imprecatio.
714 2024 814 2063 Hinc
846 2037 938 2063 vero
970 2036 1066 2076 quae
1097 2028 1325 2075 sequuntur,
1367 2036 1485 2075 usque
1524 2021 1568 2060 ad
1603 2033 1751 2060 versum
1784 2023 1852 2059 80.

217 2094 279 2147 qui
310 2093 393 2132 finis
425 2096 487 2132 est
517 2094 817 2144 imprecationis,
850 2092 957 2131 aliam
989 2093 1248 2132 tractationem
1272 2091 1424 2130 habent.
1464 2090 1548 2130 Non
1573 2089 1732 2140 amplius
1757 2089 1853 2128 enim

218 2163 392 2202 continua
422 2163 637 2212 imprecatio
670 2165 750 2211 est,
789 2162 861 2201 sed
893 2163 1046 2201 varians
1078 2162 1283 2211 imagines,
1323 2160 1528 2211 modosque
1558 2158 1760 2210 pereundi,
1791 2159 1854 2197 aut

217 2230 290 2270 hoc
322 2230 452 2281 modo,
492 2234 554 2270 aut
585 2230 649 2269 illo
681 2231 806 2282 perire
845 2234 956 2283 atque
995 2230 1117 2269 everti
1160 2242 1290 2280 agrum
1329 2230 1453 2272 iubet,
1501 2241 1544 2267 ea
1576 2230 1655 2266 lere
1686 2227 1854 2275 ratione,

219 2312 292 2352 qua
322 2299 436 2338 utItur
467 2298 631 2338 Ovidius
663 2301 698 2338 in
730 2299 851 2339 Ibide.
902 2298 1126 2352 Quamquam
1158 2311 1228 2337 non
1260 2311 1418 2349 prorsus
1449 2297 1604 2336 diversa
1633 2298 1783 2341 miscet,
1817 2298 1856 2334 ut

221 2367 304 2418 ille,
342 2366 408 2406 sed
441 2368 611 2407 omnibus
643 2369 918 2420 imprecationis
960 2368 1130 2419 partibus
1171 2367 1204 2406 id
1244 2378 1433 2405 commune
1465 2370 1543 2411 est,
1586 2368 1624 2404 ut
1655 2365 1702 2403 ab
1734 2367 1854 2419 aquis

221 2437 360 2476 ruinam
391 2438 546 2488 expetat
575 2449 670 2487 agro
701 2450 784 2476 suo.
844 2437 905 2475 Ac
937 2437 1052 2487 primo
1092 2435 1236 2474 ardenti
1276 2448 1371 2484 agro
1411 2434 1550 2473 infundi
1582 2446 1703 2483 marc,
1742 2435 1856 2485 atque

222 2505 342 2544 induci
373 2516 521 2544 arenam
560 2505 685 2556 iubet,
726 2509 763 2545 ut
794 2505 880 2545 talis
912 2505 996 2555 fiat,
1036 2503 1157 2557 qualis
1195 2507 1255 2544 est
1287 2504 1419 2554 Syrtis
1456 2504 1491 2542 in
1524 2503 1676 2543 Africa:
1715 2515 1755 2541 v.
1788 2506 1855 2540 50.

229 2577 265 2612 1.
297 2578 334 2613 2.
368 2578 406 2614 3.

320 2710 371 2750 V.
411 2714 476 2750 49.
543 2720 766 2757 LITTORA,
806 2721 931 2763 QUAE
963 2720 1134 2755 DULCIS
1168 2719 1325 2754 AURAS
1360 2717 1658 2753 DlFFUNm'rlS
1691 2715 1856 2750 AGRIS.

223 2781 355 2820 dulcis
387 2791 438 2818 ex
467 2778 721 2830 Augustano,
761 2782 800 2819 et
830 2792 879 2819 ex
911 2781 1019 2827 aliis,
1059 2781 1232 2832 quantum
1264 2779 1409 2831 quidem
1441 2780 1612 2828 constat,
1642 2775 1857 2829 plerisque,

224 2852 262 2887 et
292 2862 341 2887 ex
372 2852 505 2888 vetere
536 2847 710 2887 editione.
752 2848 891 2888 dulces
922 2850 1053 2900 pauci:
1095 2848 1216 2888 Paris.
1248 2847 1318 2887 IV.
1350 2847 1473 2898 Angl.
1503 2847 1601 2886 Mut.
1718 2845 1858 2884 Litora

225 2916 330 2966 Aug.
362 2917 467 2956 Mon.
499 2916 529 2955 1.
562 2916 613 2956 ΙΙ.
672 2916 878 2971 Litteraq:
910 2917 1032 2957 Paris.
1064 2916 1115 2957 11.
1189 2916 1232 2956 In
1262 2916 1442 2957 Romanis
1477 2917 1515 2956 et
1551 2914 1715 2954 caeteris
1754 2913 1858 2953 anti-

226 2986 436 3036 quissimis,
467 2985 506 3026 et
537 2987 572 3025 in
604 2985 776 3038 Affinis,
808 2992 851 3026 tt.
