2006 3365
256 130 358 175 230
861 123 1226 165 DISSERTA'HO
1260 124 1290 163 Ι.

253 243 328 282 lum
361 246 399 280 in
432 254 590 294 specum
618 253 661 292 p.
691 253 734 293 p.
794 239 900 278 Haec
943 239 1069 290 paullo
1102 239 1292 289 disputavi
1324 239 1499 289 longius,
1533 243 1571 279 ut
1602 240 1740 291 liquido
1772 252 1895 291 appa-

254 315 361 355 reat,
396 322 466 348 non
500 309 644 347 diserte
663 309 897 352 Diomedem,
930 309 963 346 si
997 308 1114 346 verba
1145 309 1313 357 rimeris,
1346 310 1513 359 Virgilio
1548 308 1715 348 tribuere
1746 321 1896 347 versum

251 380 386 418 Incidi
414 391 455 430 p.
489 380 528 416 in
561 392 624 431 sp.
687 377 764 416 Sed
806 379 926 416 tamen
972 376 1061 414 nihil
1100 378 1222 426 magis
1254 377 1453 428 probabile
1485 392 1590 430 qnam
1624 377 1792 416 voluisse
1824 378 1894 416 tri-

252 448 368 485 buere
400 446 578 495 Virgilio.
642 445 764 494 igitur
796 449 856 485 est
889 458 1026 483 versus
1058 459 1106 483 ex
1139 446 1337 496 deperdito
1371 448 1530 485 carmine
1563 446 1795 495 Virgilian0.

339 515 443 553 llaec
467 515 515 554 de
540 515 767 554 Cataleetls
792 515 890 553 dicta
914 515 948 552 in
977 516 1189 552 universum
1215 517 1339 553 sunto.
1402 515 1460 553 De
1483 514 1646 563 singulis
1669 515 1896 553 carminibus

252 583 305 622 ita
336 583 480 633 iudico,
512 596 600 622 esse
632 584 665 622 in
690 582 896 623 Cataleetis
921 581 1097 621 nonnulla
1118 587 1188 621 tam
1212 583 1322 621 bonis
1348 584 1510 622 testibus
1535 583 1800 633 comprobata,
1831 587 1897 623 aut

251 656 323 691 tam
356 653 473 701 digna
507 652 697 701 Virgilio,
740 655 779 690 ut
809 651 970 689 debeant
1002 650 1112 689 tribui
1149 651 1339 702 Virgilio3
1370 664 1458 689 esse
1497 651 1567 689 alin
1601 664 1694 703 quae
1727 651 1894 700 Virgilio

250 721 363 760 tribui
396 723 605 773 nequeant,
638 733 745 773 quum
777 719 867 758 nibil
900 719 1075 765 suadeat,
1108 722 1147 758 ut
1178 721 1319 771 scripta
1346 733 1433 758 esse
1457 733 1478 758 a
1504 720 1670 768 Virgilio
1702 724 1894 770 putemus,

249 789 313 827 vel
346 803 453 842 quum
486 790 557 839 sit,
591 789 686 842 quod
715 802 759 828 ea
782 789 894 827 tribui
919 788 1086 837 Vit·gilio
1119 791 1236 827 vetet.
1299 789 1404 842 Quod
1439 790 1590 826 enimin
1621 788 1894 839 Opuseulorum

251 857 475 897 collectione
514 860 649 897 sartum
693 861 772 905 est,
814 862 852 896 ut
884 858 1128 906 inferrentur,
1170 862 1207 896 et
1238 862 1372 908 postea
1412 858 1645 896 librariorum
1676 858 1895 906 grannnati-

251 939 431 965 eorumve
462 927 648 978 imperitia
678 926 987 965 adscriberentur
1012 925 1200 974 Virgilio,
1234 939 1328 978 quae
1353 926 1506 965 aliorum
1534 929 1666 964 essent
1691 925 1893 976 opuscula,

248 996 284 1033 id
317 997 425 1034 etiam
458 996 491 1033 in
516 995 682 1043 singulis
708 994 985 1034 Catalectorum
1011 995 1291 1045 epigrammatis
1320 994 1378 1033 vel
1405 995 1632 1033 carminibus
1658 994 1735 1032 lieri
1760 995 1893 1044 potuit.

248 1064 298 1104 Ut
330 1064 377 1102 ab
410 1063 484 1101 illis
514 1064 706 1113 incipiam,
740 1075 835 1114 quae
859 1063 979 1100 denuo
1014 1064 1141 1101 inferri
1175 1064 1210 1101 in
1237 1062 1432 1102 Catalecta
1457 1065 1573 1102 iussi:
1606 1077 1685 1101 nam
1711 1065 1894 1114 aptiorem

248 1133 396 1176 sedem,
439 1133 583 1170 etiamsi
625 1143 698 1169 non
740 1132 815 1170 sint
845 1144 866 1169 a
898 1131 1065 1180 Virgilio
1098 1133 1262 1182 scripta,
1312 1133 1506 1171 invenient
1546 1132 1703 1170 millam:
1748 1145 1893 1170 carmen

255 1201 354 1241 Vere
384 1214 483 1239 rosa
513 1207 698 1239 autumno
727 1203 879 1252 pomis,
913 1211 1018 1237 nemo
1044 1200 1212 1248 Virgilio
1245 1202 1448 1249 assignare
1479 1201 1626 1239 audeat.
1689 1200 1796 1253 Quod
1829 1213 1894 1238 se-

248 1271 392 1322 quitur,
436 1269 556 1308 Heme
593 1282 663 1320 eqo
696 1271 863 1307 iuvenes
901 1268 1048 1316 locum,
1093 1269 1354 1321 ‘villulamqne
1391 1269 1637 1322 palustrem,
1680 1269 1807 1307 eadem
1849 1269 1896 1307 de

249 1351 409 1386 caussa,
454 1338 660 1390 eademque
701 1338 1022 1376 demonstratione
1063 1337 1231 1386 Virgilio
1272 1350 1389 1387 posse
1431 1337 1612 1375 vindicari
1645 1336 1783 1385 video,
1823 1349 1895 1388 qua

249 1409 343 1446 idem
385 1406 534 1446 Catullo
576 1407 783 1445 attribuere
827 1406 897 1444 viri
936 1406 1035 1445 docti
1078 1406 1249 1444 voluere.
1310 1406 1478 1458 Namque
1516 1406 1671 1445 candor
1701 1408 1896 1444 sermonis

250 1477 557 1530 eleqcmtsteque,
598 1487 703 1528 quam
741 1476 936 1514 Victorius
978 1475 1107 1513 merito
1151 1476 1325 1513 virtutem
1370 1487 1460 1514 esse
1497 1473 1636 1514 Catulli
1679 1473 1895 1525 praedicat,

251 1546 380 1583 nativa
412 1544 624 1596 elegantia,
664 1545 776 1596 inque
808 1543 1047 1594 simplicitate
1080 1543 1212 1594 lepos,
1255 1547 1326 1583 etsi
1360 1543 1469 1582 huius
1502 1542 1644 1588 laudis,
1686 1555 1767 1581 meo
1800 1555 1898 1594 quo-

251 1626 322 1665 que
353 1614 513 1662 iudicio,
544 1613 683 1662 primas
724 1614 795 1650 l'ert
827 1610 1019 1662 Catullus,
1061 1616 1179 1650 tamen
1220 1612 1328 1650 simili
1361 1613 1516 1664 quodam
1549 1612 1655 1650 modo
1688 1623 1898 1650 communes

253 1683 367 1720 aetati
400 1681 477 1730 illi,
510 1681 554 1719 ad
594 1693 699 1733 quam
725 1679 897 1720 Catullus
924 1684 962 1719 et
987 1681 1092 1718 initia
1117 1680 1308 1731 pertinent
1331 1680 1505 1729 Virgilii,
1539 1681 1702 1719 virtutes
1728 1681 1897 1727 fuerunt,

255 1754 294 1788 ut
326 1752 537 1798 fragmenta
561 1750 713 1787 aliorum
742 1749 947 1787 ostendunt
971 1761 1040 1787 non
1067 1761 1202 1799 pauca3
1237 1761 1356 1800 neque
1383 1761 1590 1787 sermonem
1616 1747 1793 1797 Virgilii,
1825 1760 1899 1799 quo

255 1818 405 1856 iuvenis
437 1821 589 1856 teneros
622 1817 706 1856 illos
738 1829 876 1855 sensus
908 1830 1023 1865 suos,
1056 1818 1115 1868 qui
1149 1818 1258 1855 etiam
1291 1831 1339 1856 ex
1372 1818 1574 1859 maioribus
1605 1817 1787 1867 operibus
1819 1829 1898 1854 ma-

254 1887 408 1926 turioris
439 1886 577 1924 aetatis
610 1887 769 1924 emicant
799 1885 862 1924 hic
893 1885 991 1933 illic,
1024 1885 1059 1923 in
1093 1885 1237 1924 lusibus
1268 1873 1467 1938 eloquutus
1500 1889 1582 1934 est,
1614 1884 1761 1923 multum
1793 1898 1813 1923 a
1840 1889 1900 1923 te-

255 1968 345 1993 nero
369 1953 519 1994 Catullo
552 1954 741 1992 diversum
774 1954 894 1992 fuisse
927 1954 1147 2004 pnlawfrim.
1210 1951 1342 2006 Quid?
1374 1954 1469 2006 quod
1504 1953 1688 2004 exemplis
1715 1958 1899 1992 monstra-

256 2027 328 2062 tum
368 2029 447 2074 est,
486 2023 686 2062 Macrobio
721 2022 788 2061 Vl.
824 2039 848 2060 1.
880 2026 1108 2073 praeeunte,
1148 2036 1168 2060 a
1206 2022 1338 2060 Fulvio
1376 2022 1515 2061 Ursino
1556 2022 1600 2060 ad
1635 2023 1799 2061 Aeneid.
1832 2022 1900 2061 VI.

259 2097 326 2131 27.
359 2096 426 2131 30.
459 2095 496 2130 et
523 2091 636 2140 alibi,
670 2105 690 2130 a
717 2091 919 2140 Scaligero
945 2092 979 2129 in
1007 2089 1144 2130 Catulli
1174 2090 1324 2130 Comani
1348 2092 1393 2130 Β.
1422 2105 1460 2130 v.
1495 2096 1560 2130 47.
1593 2104 1614 2130 a
1645 2090 1900 2130 Valckenario

256 2162 301 2200 ad
335 2162 497 2200 eamdem
532 2175 568 2212 p.
606 2162 696 2199 127.
730 2173 788 2212 sq.
820 2173 841 2198 a
874 2160 1057 2199 Santenio
1091 2160 1124 2197 in
1158 2159 1271 2208 Eleg.
1303 2161 1347 2198 ad
1391 2160 1569 2198 Manlium
1603 2174 1640 2198 v.
1677 2164 1770 2198 119.
1804 2160 1899 2199 baud

256 2242 342 2269 raro
373 2229 562 2279 Virgilio,
598 2231 708 2268 etiam
733 2230 766 2267 in
800 2229 979 2279 operibus
1011 2228 1226 2274 maioribus,
1251 2228 1389 2268 Catulli
1412 2229 1641 2268 obversatos
1664 2229 1772 2268 locos
1798 2241 1900 2268 esse.

255 2299 449 2350 Denique,
496 2311 600 2350 quam
641 2311 753 2336 meam
793 2298 1100 2336 obs‹n·vationem
1134 2308 1205 2334 non
1239 2297 1403 2335 inutilem
1436 2300 1548 2347 pnt0,
1589 2300 1741 2336 metrum
1782 2299 1900 2348 ipsum

257 2368 447 2418 priapeum
480 2366 681 2416 Virgilium
723 2379 794 2405 non
826 2367 943 2404 minus
976 2378 1081 2418 quam
1114 2362 1300 2403 Catullum
1334 2365 1457 2404 decet.
1520 2365 1625 2418 Quae
1657 2367 1751 2404 enim
1783 2365 1901 2403 altera

257 2437 421 2485 insignis
445 2420 590 2486 ‘poetae
622 2436 859 2475 Veronensis
892 2435 973 2473 laus
1004 2436 1084 2482 est,
1124 2434 1219 2485 quod
1261 2433 1521 2473 nonnullorum
1553 2438 1748 2473 metrorum
1779 2433 1899 2472 artili-

259 2505 478 2554 ciosiorurn,
530 2504 738 2555 Sappliiei⁷
784 2504 971 2553 longioris
1012 2503 1149 2541 numeri
1197 2501 1437 2541 choriambici
1478 2503 1661 2555 Alpheae
1713 2504 1902 2541 immemor

259 2578 331 2613 etc.
365 2573 475 2612 iambi
508 2574 611 2624 puri,
646 2577 682 2612 et
714 2575 878 2611 sortasse
902 2572 1004 2611 metri
1037 2571 1148 2609 liuius
1180 2571 1324 2621 priapei
1353 2572 1527 2610 inventor
1551 2572 1730 2611 Romanis
1761 2572 1898 2617 tuisse,

258 2642 331 2680 alia
381 2654 498 2691 vero,
557 2641 935 2691 liendeeasyllabnm,
981 2639 1243 2682 choliamlmm,
1292 2640 1483 2678 iambicum
1530 2641 1709 2680 Cinaede
1757 2639 1902 2678 Thalle

260 2712 416 2751 mollior
447 2711 622 2750 cmza’enli
652 2710 826 2763 capillo,
869 2709 1132 2757 Galliambum,
1172 2709 1318 2747 felicius
1352 2722 1457 2762 quam
1494 2709 1556 2748 alii
1588 2707 1804 2747 excoluisse
1836 2708 1900 2745 vi-

261 2781 391 2828 detur,
424 2785 463 2820 ut
496 2781 540 2817 de
574 2779 710 2827 Elegia
742 2790 839 2816 nunc
870 2781 1033 2816 taceam:
1074 2776 1169 2816 bane
1208 2790 1353 2830 quoque
1385 2778 1528 2816 laudem
1559 2775 1776 2815 aemulatum
1809 2788 1899 2815 esse

262 2851 431 2888 iuvenem
472 2849 714 2888 Mantuanum
755 2846 946 2885 admodum
989 2846 1184 2896 probabile
1225 2851 1295 2886 cst„
1359 2846 1572 2898 Aliquando
1615 2845 1757 2884 auctori
1790 2844 1900 2884 buius

263 2919 456 2955 carminis:
492 2918 608 2956 Ilnne
638 2929 709 2968 eqo
741 2918 907 2955 iuvenes
941 2916 1089 2962 locum,
1130 2928 1236 2967 quem
1270 2917 1342 2953 tum
1375 2927 1448 2953 non
1478 2913 1651 2964 putabam
1685 2924 1773 2951 esse
1805 2913 1898 2952 Vir-

261 2986 411 3035 gilium,
454 2984 591 3026 Catulli
635 2997 779 3024 carmen
824 2985 941 3023 Heme
971 2984 1097 3022 [neum
1129 2984 1203 3022 liln‘
1244 2984 1383 3024 dedico
1423 2986 1498 3021 etc.
1537 2981 1779 3020 obversatum
1812 2995 1900 3020 esse
