2006 3365
269 174 369 221 104
831 167 1362 210 ANIMADVERSIONES

553 285 642 324 Nec
672 289 808 323 nostro
839 285 951 324 exire
980 285 1118 323 sinant
1147 284 1353 324 ert-onibus
1385 297 1497 336 (tyro.

271 357 389 404 Optat
418 365 545 392 amnes
577 364 643 402 per
673 355 790 392 totum
822 364 954 401 agrum
986 351 1160 402 diffundi,
1202 355 1242 392 ut
1278 366 1384 392 omne
1422 355 1583 393 exeundi
1626 356 1697 394 iter
1734 354 1911 393 obsessis

268 422 448 461 militibus
480 419 761 460 intercludatur.
806 421 952 475 Quibus
983 420 1212 472 displicebat
1242 420 1367 460 hiatus
1395 420 1477 471 ille,
1510 424 1599 462 Nec
1623 430 1759 462 nostro
1781 425 1910 472 exire,

268 492 500 529 immutarunt
532 488 740 529 lectionem.
787 494 972 529 SCALIG.
1028 490 1113 529 Hoc
1144 502 1291 542 quoque
1323 494 1450 528 contra
1484 491 1666 541 Aldinas,
1698 492 1784 530 sive
1814 503 1910 529 con-

269 563 326 597 tra
358 559 399 597 P.
435 558 633 605 ssvmbum,
667 559 727 611 qui
762 559 798 597 in
832 559 944 599 Libro
975 560 1022 597 de
1055 557 1187 598 Culiee
1214 560 1325 607 Virg.
1354 572 1390 609 p.
1415 560 1507 597 793.
1541 559 1599 598 ed.
1620 559 1786 609 Argent.
1816 559 1912 598 bunc

268 638 440 676 versum,
473 639 551 667 oum
585 628 703 666 tribus
735 628 796 680 qui
827 628 1080 679 praecedunt,
1113 628 1269 679 protulit
1301 628 1352 665 ita
1383 628 1584 678 scriptum:

553 697 642 736 lVee
672 704 833 736 nostros
866 699 1021 736 servire
1052 699 1189 736 sinant
1219 696 1422 736 erronibus
1454 709 1591 746 amos.

267 763 462 815 praeclara
494 766 758 814 restitutione,
789 766 875 804 sive
907 777 971 815 ea,
1005 778 1099 818 quae
1133 768 1192 804 est
1213 765 1362 803 Heinsii
1390 765 1579 803 sententia
1605 777 1624 802 e
1647 765 1779 804 codice
1800 766 1911 804 Bem-

264 832 379 882 bino‚
411 834 496 872 sive
527 845 576 872 ex
608 834 763 885 ingenio
795 835 907 874 facta.
968 833 1059 874 Cum
1091 834 1233 874 Bembo
1266 835 1406 872 faciunt
1432 832 1618 881 Aldinae,
1651 837 1690 871 et
1720 839 1807 884 post
1839 834 1912 872 Al-

266 902 373 940 dinas
405 902 494 942 Bas.
530 905 652 942 1543.
698 902 872 941 Venetae
910 904 1026 941 1544.
1072 905 1192 940 1555.
1229 904 1349 939 1558.
1397 901 1520 949 Lugd.
1563 904 1600 940 et
1632 901 1752 940 Antv.
1789 906 1909 941 1556.

265 970 385 1020 aliae,
418 971 490 1009 nisi
524 971 621 1023 quod
655 971 725 1010 1136
756 972 837 1010 fere
870 983 1019 1019 omnes,
1051 977 1204 1020 praeter
1235 969 1416 1013 Animas,
1465 973 1675 1019 corruptum
1708 972 1911 1011 erroribus

266 1041 442 1079 retinent.
473 1040 680 1080 err-onibus
711 1041 927 1089 agnoscunt
960 1040 1069 1077 etiam
1101 1038 1153 1076 Is.
1177 1038 1344 1077 Vossius
1368 1038 1403 1075 in
1431 1050 1550 1087 marg.
1578 1039 1636 1077 ed.
1659 1038 1764 1078 Scal.
1792 1043 1911 1079 1595.

268 1112 305 1147 et
337 1109 517 1146 Heinsius
548 1108 593 1146 ad
627 1107 742 1148 Ovid.
774 1108 897 1158 Epist.
930 1107 1021 1149 XV.
1054 1111 1120 1146 53.
1184 1107 1245 1146 Cs.
1278 1119 1373 1159 quae
1403 1119 1447 1145 ea
1478 1107 1524 1145 de
1559 1120 1654 1146 voce
1681 1109 1913 1147 Burmannus

266 1177 310 1215 ad
344 1176 380 1214 11.
413 1175 437 1214 l.
472 1177 760 1215 Observandum
792 1178 938 1224 tamen,
971 1175 1126 1214 liberius
1159 1176 1339 1215 Catonem
1372 1175 1441 1214 liae
1474 1189 1571 1215 voce
1604 1178 1668 1215 uti.
1712 1178 1790 1216 Sed
1824 1176 1913 1215 seli-

267 1247 372 1285 citer.
418 1245 588 1296 Opponit
619 1245 713 1284 enim
744 1244 904 1294 milites,
936 1246 997 1297 qui
1029 1244 1248 1283 domicilium
1272 1243 1588 1293 habent‘nullunh
1621 1245 1789 1294 colonis,
1823 1258 1913 1284 suas

264 1317 388 1353 terras
420 1314 647 1353 colentibus.

351 1385 460 1422 crire
492 1388 529 1421 et
560 1382 761 1422 erroribus
793 1383 827 1421 in
860 1383 956 1421 omni
989 1382 1132 1432 scripto
1165 1382 1261 1432 apud
1295 1396 1349 1420 me
1382 1385 1419 1422 et
1440 1383 1704 1431 Burmannum,
1737 1384 1846 1422 etiam
1875 1383 1912 1421 in

266 1452 460 1492 vossiano
493 1452 524 1490 1.
557 1456 595 1491 et
624 1453 660 1490 in
693 1452 789 1490 omni
821 1451 918 1491 libro
951 1451 1051 1489 edito
1083 1454 1170 1489 ante
1202 1450 1376 1490 Aldiuas.
1438 1452 1497 1490 Ex
1533 1464 1604 1489 uno
1636 1451 1725 1490 MS.
1760 1453 1820 1504 qui
1852 1452 1913 1490 di-

267 1522 362 1560 eitur
395 1521 531 1570 Pierii,
564 1524 719 1561 servire
749 1519 914 1559 affertur.
971 1519 1025 1558 At
1056 1522 1195 1567 sinas,
1228 1521 1324 1572 quod
1357 1521 1393 1558 in
1424 1520 1550 1559 multis
1581 1520 1724 1559 mediae
1754 1521 1913 1571 aetatis,

266 1588 302 1628 11.
337 1602 371 1629 e.
404 1590 509 1633 cius,
544 1602 639 1641 quae
672 1591 769 1628 inter
799 1590 939 1640 primas
972 1591 1009 1627 et
1040 1588 1303 1627 Ascensianas
1337 1588 1572 1641 Aldinasque
1602 1589 1723 1627 media
1754 1593 1836 1637 est,
1875 1592 1914 1628 et

267 1661 301 1699 111
337 1659 529 1697 vossiano
561 1658 610 1698 ll.
642 1658 803 1708 legitur,
843 1657 932 1696 1111111
974 1661 1033 1696 est
1066 1658 1135 1695 nisi
1168 1658 1396 1696 Venetarum
1428 1657 1530 1695 Ieus.
1568 1661 1606 1696 et
1636 1657 1737 1697 Rub.
1769 1659 1911 1696 vitium.

268 1729 517 1779 Antiquiores
551 1730 588 1766 et
619 1726 792 1766 meliores
824 1728 986 1766 Venetis
1019 1726 1111 1775 illis,
1144 1729 1217 1764 tum
1243 1726 1409 1764 Nol-inuh.
1435 1727 1603 1775 Argent.
1627 1727 1912 1774 Ascensianae,

267 1798 428 1848 itemque
459 1797 617 1847 scripti,
650 1800 787 1836 sinant
819 1795 970 1834 habent.
1002 1795 1112 1847 idque
1144 1796 1322 1843 agnoseit
1355 1794 1556 1833 Domitius.
1600 1798 1710 1834 sinat
1734 1795 1912 1834 V1·at.11.

355 1865 617 1914 Boxliornius,
661 1866 791 1904 neseio
823 1877 868 1903 an
902 1863 1096 1903 consulto:
1143 1864 1230 1903 Nec·
1261 1865 1414 1902 nostris
1447 1866 1601 1903 servire
1632 1866 1769 1903 sinant
1800 1877 1913 1903 erro-

267 1935 378 1974 ribus
405 1947 543 1986 (tyros.
584 1934 744 1973 Heinsio
775 1933 973 1986 aliquando
1006 1934 1039 1970 in
1072 1936 1227 1971 mentem
1262 1935 1420 1971 venerat
1448 1933 1734 1986 praedonibus.
1758 1932 1912 1982 Vulga-

267 2009 339 2043 tum
371 2006 482 2043 esire
513 2018 547 2043 s.
581 2002 783 2043 erroribus
816 2003 867 2041 ita
898 2002 1064 2052 explicat
1094 2001 1268 2041 Tollius:
1303 2014 1422 2053 neque
1453 2002 1578 2040 sinant
1609 2006 1763 2040 nostros
1794 2013 1913 2050 agros

267 2085 432 2124 umquam
456 2072 607 2111 liberari
633 2072 798 2111 flexibus
823 2071 903 2109 suis
928 2074 991 2109 aut
1012 2071 1137 2108 eximi.
1185 2070 1364 2109 Similiter
1385 2073 1472 2108 ante
1497 2070 1695 2108 Domitius.
1742 2070 1791 2109 Et
1817 2082 1913 2123 quae

268 2154 387 2191 nuper
411 2140 567 2190 Silligio
599 2142 694 2180 ratio
727 2140 941 2192 explicandi
967 2140 1126 2190 placuit,
1159 2152 1236 2177 eam
1262 2139 1399 2177 Badius
1421 2140 1555 2189 praeit.
1603 2138 1719 2191 Quam
1744 2139 1795 2177 sit
1821 2138 1912 2177 felix

270 2211 479 2248 emendatio
511 2210 663 2254 Bembi,
705 2209 844 2248 clarius
876 2209 1021 2260 patebit
1061 2210 1258 2260 sequentia
1301 2208 1523 2246 conferenti.
1584 2208 1788 2259 Excipiunt
1818 2207 1913 2246 bane

270 2279 599 2329 imprecationem,
640 2281 679 2317 ut
717 2280 777 2316 est
807 2291 829 2316 a
858 2290 915 2316 me
946 2278 990 2316 ad
1026 2291 1061 2315 v.
1098 2280 1162 2315 (33.
1204 2278 1401 2325 monitum,
1442 2277 1536 2315 111136
1567 2276 1687 2326 31136,
1728 2281 1794 2316 ῖ2.
1827 2290 1910 2328 sqq.

270 2350 308 2385 et
343 2349 405 2385 76.
440 2358 522 2397 sqq.
584 2345 744 2398 Quarum
776 2346 812 2385 in
845 2348 1002 2397 utraque
1033 2347 1168 2384 mentio
1200 2346 1240 2384 fit
1271 2345 1432 2383 militum.
1495 2345 1620 2397 Quare
1650 2346 1686 2384 in
1718 2345 1788 2385 hac
1818 2358 1910 2397 quo-

270 2427 342 2468 que
372 2415 594 2454 mentionem
625 2414 704 2455 fieri
736 2413 888 2454 militum
919 2427 986 2465 par
1019 2419 1118 2463 erat,
1150 2414 1392 2467 aequalitatis
1422 2426 1570 2454 caussa.

356 2553 406 2592 V.
440 2554 505 2592 Π.
566 2561 769 2596 DULCIUS
796 2562 906 2603 Hoc,
932 2561 1128 2599 MEMINI,
1164 2560 1427 2593 REVOCASTI
1454 2560 1671 2595 BATTARE
1700 2560 1909 2597 CARMEN.

271 2622 420 2662 Versus
451 2616 721 2669 παράλληλος
758 2623 944 2672 superiori
985 2624 1050 2659 54.
1113 2620 1191 2659 Sed
1224 2621 1435 2671 quaeritur,
1481 2634 1587 2673 quum
1624 2619 1702 2661 illic
1733 2620 1784 2658 sit
1819 2621 1910 2660 Tre·-

271 2694 400 2742 stius‚
433 2702 497 2730 cur
525 2689 589 2728 bic
619 2690 807 2729 Dulcius.
854 2689 1019 2740 Supplet
1051 2689 1214 2728 Badius:
1248 2688 1414 2737 dulcius,
1446 2702 1502 2728 se.
1527 2702 1631 2741 quam
1657 2700 1813 2740 aequum
1835 2692 1909 2730 est.

272 2762 359 2810 Ego
393 2772 509 2809 ver0,
542 2760 627 2798 sive
657 2758 925 2810 praecedentia
950 2758 1116 2809 spectari
1143 2760 1278 2808 putes,
1310 2758 1394 2795 sive
1425 2758 1644 2810 sequentia,
1676 2755 1764 2796 nihil
1789 2769 1910 2810 neque

273 2831 310 2867 in
341 2828 656 2880 praecedentibus
687 2839 808 2879 neque
839 2828 875 2865 in
913 2827 1161 2879 sequentihus
1193 2827 1326 2877 video,
1368 2827 1465 2880 quod
1504 2826 1620 2866 dulce
1656 2826 1718 2865 sit.
1779 2827 1909 2867 Exse-

275 2899 465 2936 crationes
495 2900 582 2937 sunt
619 2897 751 2936 omnia.
811 2894 991 2945 Scilicet,
1025 2895 1122 2948 quod
1163 2895 1321 2935 dulcius
1360 2895 1451 2934 dicit
1482 2894 1596 2943 Cato,
1641 2906 1713 2932 non
1754 2895 1910 2946 respicit

276 2978 344 3003 sua
375 2966 512 3009 verba,
554 2967 885 3016 argumentumque
917 2965 1113 3013 carminis,
1152 2964 1220 3003 sed
1251 2965 1380 3002 modos
1411 2962 1557 3002 fistulae
1588 2962 1745 3004 Battari.
1806 2963 1909 3003 Inci-

276 3034 382 3073 derat
413 3035 612 3084 Battarus,
644 3034 737 3087 dum!
755 3033 949 3084 proximos
980 3045 1116 3073 versus
1145 3045 1268 3072 avena
1298 3033 1486 3087 sequitur,
1517 3032 1554 3071 in
1580 3031 1709 3071 modos
1739 3032 1908 3086 inprimis
