2006 3365
508 169 563 209 IN
595 169 812 210 VALERH
846 169 1082 210 CATONIS
1114 168 1384 211 ECLOGAM.
1672 172 1771 217 195

127 283 347 333 scriptorum
385 295 462 322 cmn
503 283 710 323 Mutinensi
752 287 789 325 et
820 284 970 324 Aldinis
1011 297 1213 324 consensu.
1276 286 1330 325 At
1363 297 1483 338 neque
1514 283 1603 324 illud
1635 284 1681 323 de
1713 285 1770 323 ni-

127 350 228 400 hilo,
271 351 365 403 quod
401 353 506 404 furti
545 353 580 390 in
619 353 834 401 Brixiensi,
875 353 1034 392 Mediol.
1080 357 1198 392 1501.
1233 357 1271 393 et
1302 354 1468 403 Argent.
1499 354 1661 403 legitur,
1705 352 1767 405 qui

127 419 209 458 libri
251 419 339 458 alibi
380 421 570 472 vulgatam
601 433 623 459 a
654 422 833 461 Romanis
873 425 910 460 et
947 434 967 459 a
999 421 1148 459 Veneta
1187 421 1310 460 Ruhei
1350 423 1571 473 scripturam
1610 433 1769 473 reprae-

127 491 280 526 sentare
322 489 467 539 solent3
499 493 537 527 et
567 490 664 541 quod
705 491 799 528 idem
833 491 868 528 in
902 489 1068 539 Virgilio
1100 489 1191 527 Aldi
1224 490 1378 539 legitur.
1410 492 1513 542 furti
1544 491 1653 530 etiam
1685 489 1767 529 cod.

125 557 187 608 qui
219 557 354 595 dicitur
384 557 513 596 Pierii.
544 560 658 610 furta
684 561 720 597 et
744 560 863 610 faeta
895 559 1039 596 consus.
1072 559 1107 595 in
1134 556 1269 596 Catull.
1298 559 1410 607 Eleg.
1443 560 1489 597 ad
1522 559 1638 599 ll'lanl.
1675 562 1766 597 140.

125 625 187 663 ubi
228 625 324 677 quod
364 626 398 663 in
432 626 582 665 Vicent.
627 631 745 667 1481.
779 627 920 676 legitur
948 626 1111 678 secreta,
1156 628 1321 664 sortasse
1362 628 1545 675 originem
1586 629 1768 667 monstrat

124 695 371 733 confusionis,
432 695 516 733 Non
555 695 775 734 incredibile
814 698 874 733 est
911 696 999 745 post
1030 706 1094 743 ca,
1136 706 1230 746 quac
1261 695 1306 732 ad
1339 695 1420 733 Dir.
1458 699 1491 733 1.
1524 696 1765 746 scripsimus,

123 763 233 800 etiam
273 762 358 801 olim
397 763 573 802 librarios
620 764 677 802 sic
714 763 940 813 scripsisse,
987 763 1149 814 sarcia,
1196 763 1336 814 furori.
1386 763 1484 802 unde
1526 763 1605 802 fieri
1643 765 1767 814 potuit

120 832 242 882 faeta
282 833 356 869 etc.
425 832 492 871 Sic
531 831 732 882 expeditus
771 830 899 880 loeus,
940 830 1052 881 plana
1090 832 1307 870 sententia:
1349 832 1575 881 iungendum
1614 846 1768 884 semper

122 900 355 949 mendaeia3
396 903 434 939 et
472 903 538 939 sni
573 901 678 952 furti
715 899 848 938 dictum
890 912 957 950 pro
989 912 1148 939 suorum
1183 901 1392 953 s'mtorum.
1455 900 1571 953 quue
1602 900 1765 950 elegan-

123 971 201 1017 ter,
234 971 272 1006 ut
303 967 388 1006 mihi
420 968 591 1007 videtur:
625 970 680 1006 tot
711 969 806 1007 enim
838 980 988 1007 numero
1019 970 1117 1008 furta
1149 970 1297 1008 suerunt
1338 969 1465 1015 Iovis,
1506 972 1545 1008 ut
1583 971 1689 1022 quasi
1729 970 1766 1008 in

123 1049 193 1075 uno
233 1038 407 1075 continuo
447 1037 545 1075 furto
586 1037 846 1089 adulterioque
883 1038 1007 1077 fuerit.
1069 1037 1185 1090 Quasi
1227 1039 1359 1077 dicas:
1396 1052 1468 1078 ror
1508 1039 1584 1077 den
1614 1041 1768 1091 ewiqen

120 1106 398 1157 tdnsehnnqen
429 1108 561 1144 seiner
591 1113 768 1145 untreue.
841 1105 900 1144 De
933 1107 1122 1145 continuis
1155 1106 1259 1145 lovis
1292 1108 1401 1146 lurtis
1433 1108 1529 1146 inter
1559 1107 1654 1146 alios
1686 1107 1765 1147 Ca-

121 1174 236 1212 tullus
268 1175 357 1214 dicit
388 1176 423 1213 in
455 1174 593 1225 Elegia
624 1175 859 1214 nobilissima
887 1190 926 1213 v.
958 1179 1049 1215 138.
1077 1189 1134 1227 sq.
1169 1176 1229 1227 qui
1262 1175 1368 1215 locus
1401 1179 1531 1215 nostro
1563 1176 1766 1214 simillimus

122 1246 240 1293 soret,
283 1244 315 1281 si
348 1244 399 1282 ibi
431 1244 577 1282 defendi
609 1244 733 1296 aliquo
765 1244 871 1282 modo
904 1244 1091 1294 scriptura
1124 1244 1283 1293 vulgata
1313 1247 1470 1295 posset,
1503 1245 1695 1295 Coniuqis
1727 1249 1767 1284 in

120 1313 310 1365 vnlpa—
333 1312 583 1367 quotidiana.
644 1313 753 1351 Nunc
794 1313 942 1350 dubium
980 1324 1053 1351 non
1093 1315 1176 1362 est,
1216 1314 1303 1365 quin
1341 1314 1563 1352 sententiam
1604 1312 1766 1364 Catulli,

120 1394 215 1433 quae
246 1381 376 1420 debuit
408 1393 516 1427 esse,
550 1394 644 1420 unus
675 1380 907 1420 intellexerit
939 1380 1158 1421 Santenius.
1220 1382 1282 1421 Ae
1313 1383 1476 1421 sortasse
1507 1383 1617 1421 etiam
1644 1383 1766 1421 verba

121 1451 288 1490 restituit
320 1449 482 1490 Catulli:

375 1520 509 1572 Saepe
539 1522 656 1558 etiam
688 1518 813 1567 Iuno,
845 1521 1019 1557 maxima
1050 1519 1282 1559 caelicolum
1291 1547 1305 1568 ,

293 1589 487 1640 Coniuffl‘s
519 1592 557 1627 in
589 1589 711 1640 culpa
741 1588 979 1640 flaqrantem
1011 1589 1179 1626 continet
1210 1589 1319 1637 iram,

379 1658 570 1697 Noscens
601 1657 788 1696 omnivoli
816 1657 992 1710 plurima
1021 1657 1138 1708 furta
1170 1655 1299 1696 Iovis.

119 1724 376 1765 Lachmannus
408 1738 553 1776 nuper:
595 1728 806 1779 concoquit
837 1728 950 1764 iram.
993 1726 1050 1764 cui
1084 1726 1324 1765 coniecturae
1357 1727 1437 1765 scio
1469 1728 1636 1778 speciem
1668 1739 1761 1766 con-

119 1795 238 1833 ciliari
270 1808 318 1833 ex
352 1794 512 1832 [lomero
546 1808 675 1845 posse.
736 1795 871 1834 Possis
905 1796 1014 1833 etiam
1046 1798 1264 1848 comprimit
1301 1799 1413 1835 iram.
1474 1792 1548 1846 ὑφ’
1582 1794 1628 1832 ἓν
1659 1797 1761 1846 figu-

118 1875 159 1901 ra
190 1876 296 1915 quum
329 1863 412 1901 olim
447 1864 481 1901 in
510 1863 658 1902 deliciis
681 1864 955 1915 antiquioribus
983 1864 1169 1902 nonnullis
1195 1864 1407 1915 philologis
1438 1865 1595 1915 suisset,
1626 1869 1763 1917 postea

117 1933 153 1970 in
186 1932 413 1970 oblivionem
446 1935 769 1985 contemptumque
795 1934 913 1971 venit.
975 1932 1066 1972 Scio
1098 1945 1217 1983 posse
1249 1934 1284 1971 in
1316 1945 1361 1971 ea
1393 1945 1431 1971 re
1464 1933 1606 1972 modum
1638 1946 1759 1973 exce-

117 2001 175 2049 di,
222 2004 260 2039 ut
301 2004 549 2039 excesserunt
587 2000 781 2040 Arnoldus
823 2001 867 2039 ad
901 2000 938 2039 h.
970 2001 995 2039 l.
1056 2000 1228 2040 Gifanius
1261 1999 1422 2040 Collect.
1465 2002 1500 2040 in
1533 2003 1684 2043 Lucret.
1718 2019 1755 2041 v.

114 2070 276 2122 Semper
311 2069 482 2120 florens,
522 2069 574 2107 Α.
616 2069 801 2108 Scbottus
843 2070 1012 2109 observ.
1053 2069 1199 2108 lmman.
1242 2070 1292 2108 ΙΙ.
1326 2086 1424 2109 xmr.
1456 2085 1495 2122 p.
1526 2075 1594 2111 89.
1627 2085 1685 2124 sq.
1719 2075 1758 2112 et

115 2140 175 2190 qui
209 2139 362 2176 omnium
404 2140 569 2177 sortasse
610 2139 874 2189 cupidissimus
907 2138 1014 2177 huius
1047 2139 1191 2188 figurae
1223 2139 1312 2186 suit,
1356 2139 1410 2178 lo.
1445 2140 1687 2180 Passeratius
1718 2143 1756 2181 in

112 2206 255 2245 Tibull.
288 2220 325 2258 p.
360 2208 424 2246 78.
468 2221 505 2258 p.
544 2211 633 2246 128.
666 2208 702 2245 in
735 2208 908 2258 Propert.
951 2221 988 2258 p.
1022 2210 1116 2246 242.
1150 2208 1252 2247 alibi.
1315 2209 1391 2248 Sed
1426 2209 1603 2248 nonnulla
1634 2214 1756 2249 tamen

112 2277 207 2314 satis
238 2279 326 2326 puto
367 2278 470 2314 certa
513 2288 615 2315 esse.
695 2275 745 2315 Ut
784 2275 866 2325 illa,
917 2277 1054 2329 quibus
1093 2279 1256 2316 utentem
1294 2277 1535 2328 Scaligerum
1576 2279 1751 2318 vidimus.

111 2345 204 2383 Nam
241 2344 337 2395 apud
361 2345 574 2383 Terentium
605 2344 724 2383 Andr.
759 2345 789 2383 Ι.
818 2361 858 2383 11.
883 2348 921 2384 4.
948 2346 1142 2385 Mirabar
1174 2347 1248 2386 hoe
1271 2349 1310 2386 si
1342 2350 1404 2387 sic
1437 2347 1591 2397 abiret,
1625 2356 1663 2388 et
1693 2351 1753 2388 eri

111 2427 264 2465 semper
292 2414 440 2453 lenitas
464 2414 637 2453 Verebar
664 2429 848 2468 quorsum
879 2416 1094 2463 evaderet,
1128 2416 1361 2454 manifestum
1393 2419 1454 2455 est
1483 2416 1632 2455 facilius
1664 2418 1750 2457 iun-

109 2482 151 2531 gi
178 2496 330 2535 semper
355 2483 526 2530 lem'tas,
560 2496 665 2535 quam
698 2498 851 2537 seraper
879 2484 1072 2533 verebarg
1106 2488 1238 2536 estque
1269 2484 1357 2523 illud
1389 2486 1513 2535 magis
1545 2487 1747 2525 comicum:

108 2565 171 2590 wo
203 2565 246 2590 es
279 2555 345 2590 mit
377 2551 447 2590 cler
477 2554 629 2603 ezr-iyen
661 2558 755 2604 yzile
796 2554 867 2592 des
898 2554 1016 2592 herm
1046 2554 1347 2593 hitzauswollle.
1409 2553 1450 2592 ln
1482 2554 1645 2594 Lucretii
1677 2568 1746 2593 au-

108 2623 178 2659 tern
218 2621 301 2658 loco
335 2620 362 2659 Ι.
402 2622 491 2658 125.
525 2623 629 2673 quasi
662 2626 798 2673 sponte
829 2624 864 2661 in
898 2635 1004 2661 unum
1037 2623 1217 2671 verbum,
1259 2623 1339 2660 dum
1373 2623 1535 2673 legimus
1567 2636 1741 2671 versum,

108 2689 322 2728 coalescunt
356 2703 508 2742 semper
538 2694 575 2729 et
604 2691 809 2741 florentis,
846 2688 1069 2740 αἐιθηλής.
1122 2691 1260 2729 Verum
1293 2692 1393 2730 nullo
1425 2705 1521 2743 opus
1553 2694 1613 2731 est
1644 2693 1743 2730 scri-

107 2758 220 2796 bendi
253 2759 430 2800 artifieio,
465 2759 560 2809 quod
594 2759 677 2797 olim
711 2762 890 2799 eiusmodi
924 2761 1019 2799 loeis
1050 2759 1281 2798 adhibebant
1313 2762 1383 2799 viri
1416 2761 1541 2811 docti,
1579 2764 1616 2799 ut
1648 2760 1683 2798 h.
1716 2760 1741 2798 l.

106 2827 287 2866 Pithoeus
328 2827 463 2865 lineola
507 2828 648 2866 inserta
686 2830 799 2869 edidit
838 2831 1265 2882 semper-mendacia.
1338 2830 1443 2882 Quae
1475 2829 1740 2877 coniungenda

106 2896 223 2934 verba
250 2900 401 2945 essent,
435 2910 530 2949 quae
562 2909 631 2933 non
665 2899 946 2947 coniungenda,
980 2903 1018 2938 et
1049 2911 1120 2951 quo
1153 2899 1259 2936 modo
1292 2899 1554 2944 coniungenda
1586 2901 1737 2945 esseut,

105 2964 139 3001 id
173 2966 401 3004 sentiendum
441 2978 529 3004 esse
569 2966 837 3004 existimabant
869 2972 1037 3006 veteres.
1101 2967 1242 3006 Dubito
1282 2970 1423 3011 autem,
1466 2978 1510 3003 an
1544 2969 1646 3004 recte
1678 2968 1737 3004 in-

103 3032 292 3073 tellectum
333 3048 354 3073 a
390 3047 572 3087 quoquam
608 3035 683 3081 sit,
726 3036 822 3086 quod
863 3036 955 3075 dicit
996 3034 1116 3084 Cato,
1157 3036 1366 3075 mendacia
1396 3036 1511 3084 furti.
1573 3034 1625 3073 Ea
1665 3047 1737 3074 non

1372 3095 1466 3139 13*
