<?xml version="1.0" encoding="UTF-8"?>
<!DOCTYPE html PUBLIC "-//W3C//DTD XHTML 1.0 Transitional//EN"
    "http://www.w3.org/TR/xhtml1/DTD/xhtml1-transitional.dtd">
<html xmlns="http://www.w3.org/1999/xhtml" xml:lang="en" lang="en">
 <head>
  <title>
</title>
<meta http-equiv="Content-Type" content="text/html;charset=utf-8" />
  <meta name='ocr-system' content='tesseract 3.04.00' />
  <meta name='ocr-capabilities' content='ocr_page ocr_carea ocr_par ocr_line ocrx_word'/>
</head>
<body>
  <div class='ocr_page' id='page_1' title='image "./carmina00catouoft_0258.png"; bbox 0 0 2006 3365; ppageno 0'>
   <div class='ocr_carea' id='block_1_1' title="bbox 192 116 1221 171">
    <p class='ocr_par' dir='ltr' id='par_1_1' title="bbox 192 116 1221 171">
     <span class='ocr_line' id='line_1_1' title="bbox 192 116 1221 171; baseline -0.015 -3"><span class='ocrx_word' id='word_1_1' title='bbox 192 125 293 171; x_wconf 79' lang='lat'>236</span> <span class='ocrx_word' id='word_1_2' title='bbox 800 116 1163 157; x_wconf 83' lang='lat' dir='ltr'>DISSERTATIO</span> <span class='ocrx_word' id='word_1_3' title='bbox 1190 116 1221 155; x_wconf 92' lang='lat' dir='ltr'>I.</span> 
     </span>
    </p>
   </div>
   <div class='ocr_carea' id='block_1_2' title="bbox 193 232 1853 3034">
    <p class='ocr_par' dir='ltr' id='par_1_2' title="bbox 193 232 1852 2765">
     <span class='ocr_line' id='line_1_2' title="bbox 448 232 1549 288; baseline -0.005 -15"><span class='ocrx_word' id='word_1_4' title='bbox 448 237 634 288; x_wconf 75' lang='lat' dir='ltr'>Iuppiter</span> <span class='ocrx_word' id='word_1_5' title='bbox 664 236 702 272; x_wconf 81' lang='lat' dir='ltr'>in</span> <span class='ocrx_word' id='word_1_6' title='bbox 734 234 888 277; x_wconf 79' lang='lat' dir='ltr'>caelis,</span> <span class='ocrx_word' id='word_1_7' title='bbox 931 232 1095 271; x_wconf 76' lang='lat' dir='ltr'>Caesar</span> <span class='ocrx_word' id='word_1_8' title='bbox 1124 233 1226 281; x_wconf 69' lang='lat' dir='ltr'>reyit</span> <span class='ocrx_word' id='word_1_9' title='bbox 1256 232 1385 269; x_wconf 74' lang='lat' dir='ltr'>omnia</span> <span class='ocrx_word' id='word_1_10' title='bbox 1415 233 1549 268; x_wconf 75' lang='lat' dir='ltr'>terris.</span> 
     </span>
     <span class='ocr_line' id='line_1_3' title="bbox 193 297 1832 359; baseline -0.005 -15"><span class='ocrx_word' id='word_1_11' title='bbox 193 305 291 359; x_wconf 89' lang='lat' dir='ltr'>quod</span> <span class='ocrx_word' id='word_1_12' title='bbox 324 307 384 343; x_wconf 88' lang='lat' dir='ltr'>est</span> <span class='ocrx_word' id='word_1_13' title='bbox 415 305 449 341; x_wconf 89' lang='lat' dir='ltr'>in</span> <span class='ocrx_word' id='word_1_14' title='bbox 476 302 767 341; x_wconf 80' lang='lat' dir='ltr'>Vratislaviensi</span> <span class='ocrx_word' id='word_1_15' title='bbox 794 301 861 340; x_wconf 94' lang='lat' dir='ltr'>III.</span> <span class='ocrx_word' id='word_1_16' title='bbox 895 313 973 339; x_wconf 86' lang='lat' dir='ltr'>cum</span> <span class='ocrx_word' id='word_1_17' title='bbox 1006 301 1279 350; x_wconf 76' lang='lat' dir='ltr'>inscriptione:</span> <span class='ocrx_word' id='word_1_18' title='bbox 1328 298 1530 348; x_wconf 68' lang='lat' dir='ltr'>Versjile&#39;us</span> <span class='ocrx_word' id='word_1_19' title='bbox 1564 298 1613 337; x_wconf 76' lang='lat' dir='ltr'>cle</span> <span class='ocrx_word' id='word_1_20' title='bbox 1637 297 1832 337; x_wconf 78' lang='lat' dir='ltr'><strong><em>Caesare.</em></strong></span> 
     </span>
     <span class='ocr_line' id='line_1_4' title="bbox 194 366 1835 418; baseline -0.006 -5"><span class='ocrx_word' id='word_1_21' title='bbox 194 377 253 414; x_wconf 88' lang='lat' dir='ltr'>est</span> <span class='ocrx_word' id='word_1_22' title='bbox 284 374 392 412; x_wconf 86' lang='lat' dir='ltr'>etiam</span> <span class='ocrx_word' id='word_1_23' title='bbox 424 372 459 409; x_wconf 93' lang='lat' dir='ltr'>in</span> <span class='ocrx_word' id='word_1_24' title='bbox 492 370 642 409; x_wconf 85' lang='lat' dir='ltr'>Veneta</span> <span class='ocrx_word' id='word_1_25' title='bbox 673 370 823 418; x_wconf 67' lang='lat' dir='ltr'>stubei,</span> <span class='ocrx_word' id='word_1_26' title='bbox 862 369 934 408; x_wconf 81' lang='lat' dir='ltr'>etsi</span> <span class='ocrx_word' id='word_1_27' title='bbox 976 369 1025 407; x_wconf 92' lang='lat' dir='ltr'>ihi</span> <span class='ocrx_word' id='word_1_28' title='bbox 1058 381 1129 407; x_wconf 88' lang='lat' dir='ltr'>nou</span> <span class='ocrx_word' id='word_1_29' title='bbox 1162 369 1303 407; x_wconf 78' lang='lat' dir='ltr'>diserte</span> <span class='ocrx_word' id='word_1_30' title='bbox 1336 367 1509 405; x_wconf 74' lang='lat' dir='ltr'>tribuitur</span> <span class='ocrx_word' id='word_1_31' title='bbox 1540 366 1729 415; x_wconf 82' lang='lat' dir='ltr'>Virgilio:</span> <span class='ocrx_word' id='word_1_32' title='bbox 1763 368 1835 404; x_wconf 87' lang='lat' dir='ltr'>tam</span> 
     </span>
     <span class='ocr_line' id='line_1_5' title="bbox 193 434 1833 490; baseline -0.004 -10"><span class='ocrx_word' id='word_1_33' title='bbox 193 440 312 480; x_wconf 87' lang='lat' dir='ltr'>simile</span> <span class='ocrx_word' id='word_1_34' title='bbox 345 439 499 478; x_wconf 88' lang='lat' dir='ltr'>versui:</span> <span class='ocrx_word' id='word_1_35' title='bbox 532 439 726 478; x_wconf 67' lang='lat' dir='ltr'>Die-isam</span> <span class='ocrx_word' id='word_1_36' title='bbox 758 440 957 490; x_wconf 79' lang='lat' dir='ltr'>imperinm</span> <span class='ocrx_word' id='word_1_37' title='bbox 989 451 1072 476; x_wconf 77' lang='lat' dir='ltr'>eum</span> <span class='ocrx_word' id='word_1_38' title='bbox 1104 438 1200 477; x_wconf 81' lang='lat' dir='ltr'>Iove</span> <span class='ocrx_word' id='word_1_39' title='bbox 1223 438 1384 477; x_wconf 71' lang='lat' dir='ltr'>Caesar</span> <span class='ocrx_word' id='word_1_40' title='bbox 1414 436 1557 484; x_wconf 75' lang='lat' dir='ltr'>haber,</span> <span class='ocrx_word' id='word_1_41' title='bbox 1593 435 1651 474; x_wconf 86' lang='lat' dir='ltr'>vel</span> <span class='ocrx_word' id='word_1_42' title='bbox 1682 434 1833 482; x_wconf 76' lang='lat' dir='ltr'>habes,</span> 
     </span>
     <span class='ocr_line' id='line_1_6' title="bbox 194 504 1836 558; baseline -0.005 -10"><span class='ocrx_word' id='word_1_43' title='bbox 194 513 232 548; x_wconf 91' lang='lat' dir='ltr'>ut</span> <span class='ocrx_word' id='word_1_44' title='bbox 263 522 310 547; x_wconf 85' lang='lat' dir='ltr'>ex</span> <span class='ocrx_word' id='word_1_45' title='bbox 352 507 425 546; x_wconf 90' lang='lat' dir='ltr'>boc</span> <span class='ocrx_word' id='word_1_46' title='bbox 462 520 686 558; x_wconf 86' lang='lat' dir='ltr'>expressum</span> <span class='ocrx_word' id='word_1_47' title='bbox 729 506 897 544; x_wconf 84' lang='lat' dir='ltr'>variandi</span> <span class='ocrx_word' id='word_1_48' title='bbox 941 506 1144 557; x_wconf 85' lang='lat' dir='ltr'>cupiditate</span> <span class='ocrx_word' id='word_1_49' title='bbox 1190 506 1307 543; x_wconf 80' lang='lat' dir='ltr'>dieas.</span> <span class='ocrx_word' id='word_1_50' title='bbox 1376 504 1418 543; x_wconf 90' lang='lat' dir='ltr'>In</span> <span class='ocrx_word' id='word_1_51' title='bbox 1453 505 1636 551; x_wconf 61' lang='lat' dir='ltr'>{Mediceo</span> <span class='ocrx_word' id='word_1_52' title='bbox 1679 504 1836 541; x_wconf 86' lang='lat' dir='ltr'>Bandin.</span> 
     </span>
     <span class='ocr_line' id='line_1_7' title="bbox 194 571 1836 627; baseline -0.004 -11"><span class='ocrx_word' id='word_1_53' title='bbox 194 577 371 626; x_wconf 82' lang='lat' dir='ltr'>Catalog.</span> <span class='ocrx_word' id='word_1_54' title='bbox 405 577 454 615; x_wconf 92' lang='lat' dir='ltr'>T.</span> <span class='ocrx_word' id='word_1_55' title='bbox 486 575 554 614; x_wconf 94' lang='lat' dir='ltr'>III.</span> <span class='ocrx_word' id='word_1_56' title='bbox 596 575 668 613; x_wconf 87' lang='lat' dir='ltr'>eol.</span> <span class='ocrx_word' id='word_1_57' title='bbox 704 578 796 614; x_wconf 71' lang='lat'>752.</span> <span class='ocrx_word' id='word_1_58' title='bbox 832 588 967 613; x_wconf 78' lang='lat' dir='ltr'>versus</span> <span class='ocrx_word' id='word_1_59' title='bbox 1012 575 1196 627; x_wconf 74' lang='lat' dir='ltr'>Iuppiter</span> <span class='ocrx_word' id='word_1_60' title='bbox 1228 577 1266 613; x_wconf 80' lang='lat' dir='ltr'>in</span> <span class='ocrx_word' id='word_1_61' title='bbox 1299 588 1332 612; x_wconf 76' lang='lat' dir='ltr'>e.</span> <span class='ocrx_word' id='word_1_62' title='bbox 1366 574 1564 612; x_wconf 87' lang='lat' dir='ltr'>subiicitur</span> <span class='ocrx_word' id='word_1_63' title='bbox 1594 573 1699 611; x_wconf 82' lang='lat' dir='ltr'>istis:</span> <span class='ocrx_word' id='word_1_64' title='bbox 1746 571 1836 611; x_wconf 84' lang='lat' dir='ltr'>Hos</span> 
     </span>
     <span class='ocr_line' id='line_1_8' title="bbox 193 641 1836 697; baseline -0.004 -12"><span class='ocrx_word' id='word_1_65' title='bbox 193 659 265 697; x_wconf 65' lang='lat' dir='ltr'>esso</span> <span class='ocrx_word' id='word_1_66' title='bbox 297 645 525 684; x_wconf 76' lang='lat' dir='ltr'>versiculos</span> <span class='ocrx_word' id='word_1_67' title='bbox 560 647 634 683; x_wconf 87' lang='lat' dir='ltr'>etc.</span> <span class='ocrx_word' id='word_1_68' title='bbox 697 644 774 683; x_wconf 79' lang='lat' dir='ltr'>Sed</span> <span class='ocrx_word' id='word_1_69' title='bbox 808 644 916 682; x_wconf 88' lang='lat' dir='ltr'>etiam</span> <span class='ocrx_word' id='word_1_70' title='bbox 947 643 1045 689; x_wconf 81' lang='lat' dir='ltr'>alia,</span> <span class='ocrx_word' id='word_1_71' title='bbox 1089 656 1340 696; x_wconf 77' lang='lat' dir='ltr'>quaecumque</span> <span class='ocrx_word' id='word_1_72' title='bbox 1387 643 1483 692; x_wconf 86' lang='lat' dir='ltr'>ipsis</span> <span class='ocrx_word' id='word_1_73' title='bbox 1515 644 1578 680; x_wconf 91' lang='lat' dir='ltr'>aut</span> <span class='ocrx_word' id='word_1_74' title='bbox 1608 643 1718 680; x_wconf 83' lang='lat' dir='ltr'>acuta</span> <span class='ocrx_word' id='word_1_75' title='bbox 1748 641 1836 679; x_wconf 87' lang='lat' dir='ltr'>bre-</span> 
     </span>
     <span class='ocr_line' id='line_1_9' title="bbox 194 710 1838 764; baseline -0.003 -12"><span class='ocrx_word' id='word_1_76' title='bbox 194 716 344 764; x_wconf 75' lang='lat' dir='ltr'>vitate,</span> <span class='ocrx_word' id='word_1_77' title='bbox 377 715 440 752; x_wconf 87' lang='lat' dir='ltr'>aut</span> <span class='ocrx_word' id='word_1_78' title='bbox 470 713 542 751; x_wconf 90' lang='lat' dir='ltr'>alio</span> <span class='ocrx_word' id='word_1_79' title='bbox 566 712 727 751; x_wconf 76' lang='lat' dir='ltr'>artificio</span> <span class='ocrx_word' id='word_1_80' title='bbox 750 712 1078 761; x_wconf 77' lang='lat' dir='ltr'>counueudabilia,</span> <span class='ocrx_word' id='word_1_81' title='bbox 1113 712 1239 761; x_wconf 86' lang='lat' dir='ltr'>utilia,</span> <span class='ocrx_word' id='word_1_82' title='bbox 1272 716 1433 750; x_wconf 80' lang='lat' dir='ltr'>venusta</span> <span class='ocrx_word' id='word_1_83' title='bbox 1462 711 1703 758; x_wconf 75' lang='lat' dir='ltr'>viderentur,</span> <span class='ocrx_word' id='word_1_84' title='bbox 1730 710 1838 747; x_wconf 90' lang='lat' dir='ltr'>modo</span> 
     </span>
     <span class='ocr_line' id='line_1_10' title="bbox 194 778 1839 831; baseline -0.004 -10"><span class='ocrx_word' id='word_1_85' title='bbox 194 796 268 822; x_wconf 87' lang='lat' dir='ltr'>non</span> <span class='ocrx_word' id='word_1_86' title='bbox 302 786 432 820; x_wconf 80' lang='lat' dir='ltr'>essent</span> <span class='ocrx_word' id='word_1_87' title='bbox 470 783 572 821; x_wconf 89' lang='lat' dir='ltr'>notis</span> <span class='ocrx_word' id='word_1_88' title='bbox 612 782 830 820; x_wconf 85' lang='lat' dir='ltr'>auctoribus</span> <span class='ocrx_word' id='word_1_89' title='bbox 876 783 1093 830; x_wconf 79' lang='lat' dir='ltr'>assignata,</span> <span class='ocrx_word' id='word_1_90' title='bbox 1140 781 1307 829; x_wconf 83' lang='lat' dir='ltr'>Virgilio</span> <span class='ocrx_word' id='word_1_91' title='bbox 1340 781 1506 818; x_wconf 82' lang='lat' dir='ltr'>tribuere.</span> <span class='ocrx_word' id='word_1_92' title='bbox 1539 792 1644 831; x_wconf 82' lang='lat' dir='ltr'>quam</span> <span class='ocrx_word' id='word_1_93' title='bbox 1675 778 1736 816; x_wconf 90' lang='lat' dir='ltr'>alii</span> <span class='ocrx_word' id='word_1_94' title='bbox 1768 791 1839 816; x_wconf 87' lang='lat' dir='ltr'>au-</span> 
     </span>
     <span class='ocr_line' id='line_1_11' title="bbox 197 850 1838 901; baseline -0.004 -11"><span class='ocrx_word' id='word_1_95' title='bbox 197 852 290 891; x_wconf 88' lang='lat' dir='ltr'>ctori</span> <span class='ocrx_word' id='word_1_96' title='bbox 323 851 484 889; x_wconf 82' lang='lat' dir='ltr'>maluere</span> <span class='ocrx_word' id='word_1_97' title='bbox 516 850 710 889; x_wconf 76' lang='lat' dir='ltr'>semidocti</span> <span class='ocrx_word' id='word_1_98' title='bbox 750 851 922 898; x_wconf 75' lang='lat' dir='ltr'>magistri</span> <span class='ocrx_word' id='word_1_99' title='bbox 964 855 1001 888; x_wconf 87' lang='lat' dir='ltr'>et</span> <span class='ocrx_word' id='word_1_100' title='bbox 1041 850 1262 889; x_wconf 79' lang='lat' dir='ltr'>scholastici</span> <span class='ocrx_word' id='word_1_101' title='bbox 1305 851 1377 894; x_wconf 81' lang='lat' dir='ltr'>illi,</span> <span class='ocrx_word' id='word_1_102' title='bbox 1418 850 1462 888; x_wconf 86' lang='lat' dir='ltr'>ad</span> <span class='ocrx_word' id='word_1_103' title='bbox 1496 861 1647 901; x_wconf 90' lang='lat' dir='ltr'>quorum</span> <span class='ocrx_word' id='word_1_104' title='bbox 1678 850 1838 886; x_wconf 83' lang='lat' dir='ltr'>aetatem</span> 
     </span>
     <span class='ocr_line' id='line_1_12' title="bbox 195 914 1841 972; baseline -0.003 -13"><span class='ocrx_word' id='word_1_105' title='bbox 195 922 359 972; x_wconf 81' lang='lat' dir='ltr'>pertinet</span> <span class='ocrx_word' id='word_1_106' title='bbox 399 920 568 958; x_wconf 86' lang='lat' dir='ltr'>codicum</span> <span class='ocrx_word' id='word_1_107' title='bbox 608 918 925 968; x_wconf 73' lang='lat' dir='ltr'>Virgilianorum‚</span> <span class='ocrx_word' id='word_1_108' title='bbox 977 932 1071 971; x_wconf 89' lang='lat' dir='ltr'>quos</span> <span class='ocrx_word' id='word_1_109' title='bbox 1112 932 1207 958; x_wconf 85' lang='lat' dir='ltr'>nune</span> <span class='ocrx_word' id='word_1_110' title='bbox 1247 918 1445 964; x_wconf 80' lang='lat' dir='ltr'>habemus,</span> <span class='ocrx_word' id='word_1_111' title='bbox 1492 918 1648 955; x_wconf 84' lang='lat' dir='ltr'>fabrica.</span> <span class='ocrx_word' id='word_1_112' title='bbox 1711 914 1841 954; x_wconf 86' lang='lat' dir='ltr'>Veluti</span> 
     </span>
     <span class='ocr_line' id='line_1_13' title="bbox 197 985 1841 1041; baseline -0.003 -14"><span class='ocrx_word' id='word_1_113' title='bbox 197 990 292 1041; x_wconf 90' lang='lat' dir='ltr'>quod</span> <span class='ocrx_word' id='word_1_114' title='bbox 328 990 562 1027; x_wconf 81' lang='lat' dir='ltr'>Burmannus</span> <span class='ocrx_word' id='word_1_115' title='bbox 593 987 712 1026; x_wconf 88' lang='lat' dir='ltr'>Anth.</span> <span class='ocrx_word' id='word_1_116' title='bbox 746 987 828 1026; x_wconf 87' lang='lat' dir='ltr'>Lat.</span> <span class='ocrx_word' id='word_1_117' title='bbox 861 987 911 1025; x_wconf 89' lang='lat' dir='ltr'>II.</span> <span class='ocrx_word' id='word_1_118' title='bbox 945 1003 1090 1026; x_wconf 77' lang='lat' dir='ltr'>echv.</span> <span class='ocrx_word' id='word_1_119' title='bbox 1130 989 1182 1027; x_wconf 87' lang='lat' dir='ltr'>ita</span> <span class='ocrx_word' id='word_1_120' title='bbox 1213 989 1344 1036; x_wconf 62' lang='lat' dir='ltr'>alli-rt,</span> <span class='ocrx_word' id='word_1_121' title='bbox 1378 989 1457 1026; x_wconf 80' lang='lat' dir='ltr'>acsi</span> <span class='ocrx_word' id='word_1_122' title='bbox 1489 986 1585 1037; x_wconf 89' lang='lat' dir='ltr'>apud</span> <span class='ocrx_word' id='word_1_123' title='bbox 1619 985 1737 1024; x_wconf 85' lang='lat' dir='ltr'>solum</span> <span class='ocrx_word' id='word_1_124' title='bbox 1770 985 1841 1023; x_wconf 82' lang='lat' dir='ltr'>Pi.-</span> 
     </span>
     <span class='ocr_line' id='line_1_14' title="bbox 196 1052 1840 1108; baseline -0.005 -11"><span class='ocrx_word' id='word_1_125' title='bbox 196 1058 344 1098; x_wconf 80' lang='lat' dir='ltr'>thoeum</span> <span class='ocrx_word' id='word_1_126' title='bbox 385 1060 563 1107; x_wconf 74' lang='lat' dir='ltr'>prestet,</span> <span class='ocrx_word' id='word_1_127' title='bbox 599 1069 706 1108; x_wconf 90' lang='lat' dir='ltr'>quum</span> <span class='ocrx_word' id='word_1_128' title='bbox 748 1063 868 1094; x_wconf 86' lang='lat' dir='ltr'>tamen</span> <span class='ocrx_word' id='word_1_129' title='bbox 910 1057 1042 1095; x_wconf 89' lang='lat' dir='ltr'>dudum</span> <span class='ocrx_word' id='word_1_130' title='bbox 1089 1056 1284 1105; x_wconf 81' lang='lat' dir='ltr'>vulgatum</span> <span class='ocrx_word' id='word_1_131' title='bbox 1330 1058 1363 1094; x_wconf 89' lang='grc'>111</span> <span class='ocrx_word' id='word_1_132' title='bbox 1398 1055 1626 1094; x_wconf 82' lang='lat' dir='ltr'>editionibus</span> <span class='ocrx_word' id='word_1_133' title='bbox 1659 1052 1840 1101; x_wconf 77' lang='lat' dir='ltr'>Virgilii,</span> 
     </span>
     <span class='ocr_line' id='line_1_15' title="bbox 196 1123 1843 1174; baseline -0.002 -10"><span class='ocrx_word' id='word_1_134' title='bbox 196 1127 345 1164; x_wconf 76' lang='lat' dir='ltr'>Veneta</span> <span class='ocrx_word' id='word_1_135' title='bbox 378 1126 529 1172; x_wconf 75' lang='lat' dir='ltr'>Ruhci,</span> <span class='ocrx_word' id='word_1_136' title='bbox 563 1125 838 1174; x_wconf 58' lang='lat' dir='ltr'>Aseensfflnis,</span> <span class='ocrx_word' id='word_1_137' title='bbox 883 1125 1167 1163; x_wconf 81' lang='lat' dir='ltr'>Basileeusibus</span> <span class='ocrx_word' id='word_1_138' title='bbox 1207 1126 1254 1163; x_wconf 92' lang='lat' dir='ltr'>II.</span> <span class='ocrx_word' id='word_1_139' title='bbox 1288 1126 1414 1171; x_wconf 81' lang='lat' dir='ltr'>Petri,</span> <span class='ocrx_word' id='word_1_140' title='bbox 1453 1124 1564 1171; x_wconf 78' lang='lat' dir='ltr'>aliis,</span> <span class='ocrx_word' id='word_1_141' title='bbox 1604 1123 1761 1169; x_wconf 78' lang='lat' dir='ltr'>suisset,</span> <span class='ocrx_word' id='word_1_142' title='bbox 1804 1128 1843 1160; x_wconf 85' lang='lat' dir='ltr'>et</span> 
     </span>
     <span class='ocr_line' id='line_1_16' title="bbox 197 1189 1842 1246; baseline -0.003 -13"><span class='ocrx_word' id='word_1_143' title='bbox 197 1195 293 1246; x_wconf 86' lang='lat' dir='ltr'>apud</span> <span class='ocrx_word' id='word_1_144' title='bbox 329 1194 568 1243; x_wconf 82' lang='lat' dir='ltr'>Scaligerum</span> <span class='ocrx_word' id='word_1_145' title='bbox 600 1207 638 1244; x_wconf 88' lang='lat' dir='ltr'>p.</span> <span class='ocrx_word' id='word_1_146' title='bbox 676 1197 765 1232; x_wconf 68' lang='lat'>173.</span> <span class='ocrx_word' id='word_1_147' title='bbox 810 1196 959 1231; x_wconf 83' lang='lat' dir='ltr'>exstet:</span> <span class='ocrx_word' id='word_1_148' title='bbox 1004 1193 1166 1232; x_wconf 75' lang='lat' dir='ltr'>Littera</span> <span class='ocrx_word' id='word_1_149' title='bbox 1206 1208 1284 1232; x_wconf 82' lang='lat' dir='ltr'>rem</span> <span class='ocrx_word' id='word_1_150' title='bbox 1323 1201 1476 1244; x_wconf 68' lang='lat' dir='ltr'>qestam</span> <span class='ocrx_word' id='word_1_151' title='bbox 1516 1195 1589 1231; x_wconf 78' lang='lat' dir='ltr'>etc.</span> <span class='ocrx_word' id='word_1_152' title='bbox 1650 1189 1842 1230; x_wconf 75' lang='lat' dir='ltr'>Vratisla-</span> 
     </span>
     <span class='ocr_line' id='line_1_17' title="bbox 197 1260 1842 1312; baseline -0.003 -11"><span class='ocrx_word' id='word_1_153' title='bbox 197 1264 343 1302; x_wconf 74' lang='lat' dir='ltr'>viensis</span> <span class='ocrx_word' id='word_1_154' title='bbox 374 1262 443 1301; x_wconf 89' lang='lat'>111.</span> <span class='ocrx_word' id='word_1_155' title='bbox 477 1263 618 1300; x_wconf 83' lang='lat' dir='ltr'>diserte</span> <span class='ocrx_word' id='word_1_156' title='bbox 651 1261 819 1310; x_wconf 79' lang='lat' dir='ltr'>Virgilio</span> <span class='ocrx_word' id='word_1_157' title='bbox 862 1262 994 1300; x_wconf 84' lang='lat' dir='ltr'>tribuit</span> <span class='ocrx_word' id='word_1_158' title='bbox 1027 1262 1096 1300; x_wconf 87' lang='lat' dir='ltr'>hac</span> <span class='ocrx_word' id='word_1_159' title='bbox 1134 1263 1402 1312; x_wconf 68' lang='lat' dir='ltr'>inscriptione:</span> <span class='ocrx_word' id='word_1_160' title='bbox 1451 1260 1616 1311; x_wconf 72' lang='lat' dir='ltr'>Veryae&#39;llz’</span> <span class='ocrx_word' id='word_1_161' title='bbox 1654 1261 1842 1298; x_wconf 74' lang='lat' dir='ltr'>disticon.</span> 
     </span>
     <span class='ocr_line' id='line_1_18' title="bbox 198 1327 1844 1383; baseline -0.003 -13"><span class='ocrx_word' id='word_1_162' title='bbox 198 1333 439 1383; x_wconf 80' lang='lat' dir='ltr'>Epigramma</span> <span class='ocrx_word' id='word_1_163' title='bbox 471 1332 529 1371; x_wconf 84' lang='lat' dir='ltr'>eui</span> <span class='ocrx_word' id='word_1_164' title='bbox 562 1331 658 1382; x_wconf 89' lang='lat' dir='ltr'>apud</span> <span class='ocrx_word' id='word_1_165' title='bbox 692 1331 931 1380; x_wconf 82' lang='lat' dir='ltr'>Scaligerum</span> <span class='ocrx_word' id='word_1_166' title='bbox 963 1331 1121 1369; x_wconf 85' lang='lat' dir='ltr'>titulus:</span> <span class='ocrx_word' id='word_1_167' title='bbox 1164 1331 1273 1369; x_wconf 83' lang='lat' dir='ltr'>Mors</span> <span class='ocrx_word' id='word_1_168' title='bbox 1305 1330 1456 1379; x_wconf 80' lang='lat' dir='ltr'>Trium,</span> <span class='ocrx_word' id='word_1_169' title='bbox 1502 1328 1564 1368; x_wconf 84' lang='lat' dir='ltr'>vel</span> <span class='ocrx_word' id='word_1_170' title='bbox 1595 1329 1724 1379; x_wconf 88' lang='lat' dir='ltr'>potius</span> <span class='ocrx_word' id='word_1_171' title='bbox 1755 1327 1844 1378; x_wconf 82' lang='lat' dir='ltr'>epi-</span> 
     </span>
     <span class='ocr_line' id='line_1_19' title="bbox 198 1398 1844 1450; baseline -0.002 -12"><span class='ocrx_word' id='word_1_172' title='bbox 198 1404 426 1450; x_wconf 84' lang='lat' dir='ltr'>grammata,</span> <span class='ocrx_word' id='word_1_173' title='bbox 459 1413 538 1438; x_wconf 88' lang='lat' dir='ltr'>nam</span> <span class='ocrx_word' id='word_1_174' title='bbox 571 1401 641 1439; x_wconf 86' lang='lat' dir='ltr'>tria</span> <span class='ocrx_word' id='word_1_175' title='bbox 686 1402 794 1443; x_wconf 89' lang='lat' dir='ltr'>sunt,</span> <span class='ocrx_word' id='word_1_176' title='bbox 843 1399 906 1438; x_wconf 87' lang='lat' dir='ltr'>vel</span> <span class='ocrx_word' id='word_1_177' title='bbox 945 1401 980 1438; x_wconf 91' lang='grc'>111</span> <span class='ocrx_word' id='word_1_178' title='bbox 1021 1413 1094 1438; x_wconf 85' lang='grc'>11110</span> <span class='ocrx_word' id='word_1_179' title='bbox 1135 1400 1307 1438; x_wconf 81' lang='lat' dir='ltr'>alterove</span> <span class='ocrx_word' id='word_1_180' title='bbox 1339 1399 1470 1437; x_wconf 89' lang='lat' dir='ltr'>codice</span> <span class='ocrx_word' id='word_1_181' title='bbox 1501 1398 1572 1436; x_wconf 92' lang='lat' dir='ltr'>duo</span> <span class='ocrx_word' id='word_1_182' title='bbox 1604 1400 1743 1436; x_wconf 88' lang='lat' dir='ltr'>tantum</span> <span class='ocrx_word' id='word_1_183' title='bbox 1774 1408 1844 1434; x_wconf 82' lang='lat' dir='ltr'>eo-</span> 
     </span>
     <span class='ocr_line' id='line_1_20' title="bbox 200 1465 1842 1520; baseline -0.004 -12"><span class='ocrx_word' id='word_1_184' title='bbox 200 1470 283 1508; x_wconf 77' lang='lat' dir='ltr'>dem</span> <span class='ocrx_word' id='word_1_185' title='bbox 313 1472 556 1518; x_wconf 85' lang='lat' dir='ltr'>argumento:</span> <span class='ocrx_word' id='word_1_186' title='bbox 595 1482 656 1520; x_wconf 88' lang='lat' dir='ltr'>ap.</span> <span class='ocrx_word' id='word_1_187' title='bbox 694 1468 842 1518; x_wconf 84' lang='lat' dir='ltr'>Scalig.</span> <span class='ocrx_word' id='word_1_188' title='bbox 885 1481 923 1519; x_wconf 87' lang='lat' dir='ltr'>p.</span> <span class='ocrx_word' id='word_1_189' title='bbox 962 1472 1051 1507; x_wconf 76' lang='lat'>178.</span> <span class='ocrx_word' id='word_1_190' title='bbox 1093 1469 1190 1519; x_wconf 88' lang='lat' dir='ltr'>apud</span> <span class='ocrx_word' id='word_1_191' title='bbox 1231 1467 1426 1507; x_wconf 85' lang='lat' dir='ltr'>Pithoeum</span> <span class='ocrx_word' id='word_1_192' title='bbox 1469 1467 1528 1505; x_wconf 91' lang='lat' dir='ltr'>ed.</span> <span class='ocrx_word' id='word_1_193' title='bbox 1561 1465 1685 1515; x_wconf 85' lang='lat' dir='ltr'>Lugd.</span> <span class='ocrx_word' id='word_1_194' title='bbox 1722 1467 1842 1504; x_wconf 80' lang='lat'>1596.</span> 
     </span>
     <span class='ocr_line' id='line_1_21' title="bbox 198 1533 1843 1590; baseline -0.003 -14"><span class='ocrx_word' id='word_1_195' title='bbox 198 1551 235 1589; x_wconf 88' lang='lat' dir='ltr'>p.</span> <span class='ocrx_word' id='word_1_196' title='bbox 272 1541 365 1577; x_wconf 87' lang='grc'>132.</span> <span class='ocrx_word' id='word_1_197' title='bbox 425 1538 532 1586; x_wconf 75' lang='lat' dir='ltr'>Sus,</span> <span class='ocrx_word' id='word_1_198' title='bbox 566 1541 746 1582; x_wconf 73' lang='lat' dir='ltr'>iuvenis,</span> <span class='ocrx_word' id='word_1_199' title='bbox 780 1551 948 1590; x_wconf 76' lang='lat' dir='ltr'>serpens</span> <span class='ocrx_word' id='word_1_200' title='bbox 984 1540 1059 1576; x_wconf 83' lang='lat' dir='ltr'>etc.</span> <span class='ocrx_word' id='word_1_201' title='bbox 1093 1539 1128 1576; x_wconf 89' lang='grc'>111</span> <span class='ocrx_word' id='word_1_202' title='bbox 1160 1537 1385 1576; x_wconf 85' lang='lat' dir='ltr'>Monacensi</span> <span class='ocrx_word' id='word_1_203' title='bbox 1417 1535 1447 1574; x_wconf 89' lang='lat' dir='ltr'>I.</span> <span class='ocrx_word' id='word_1_204' title='bbox 1483 1534 1689 1574; x_wconf 85' lang='lat' dir='ltr'>Vratisl.I.</span> <span class='ocrx_word' id='word_1_205' title='bbox 1716 1539 1753 1574; x_wconf 86' lang='lat' dir='ltr'>et</span> <span class='ocrx_word' id='word_1_206' title='bbox 1775 1533 1843 1572; x_wconf 90' lang='lat'>111.</span> 
     </span>
     <span class='ocr_line' id='line_1_22' title="bbox 200 1602 1844 1657; baseline -0.002 -12"><span class='ocrx_word' id='word_1_207' title='bbox 200 1610 239 1646; x_wconf 91' lang='lat' dir='ltr'>ut</span> <span class='ocrx_word' id='word_1_208' title='bbox 270 1608 306 1645; x_wconf 90' lang='grc'>111</span> <span class='ocrx_word' id='word_1_209' title='bbox 338 1606 489 1645; x_wconf 84' lang='lat' dir='ltr'>Veneta</span> <span class='ocrx_word' id='word_1_210' title='bbox 519 1608 645 1647; x_wconf 81' lang='lat' dir='ltr'>Rubei</span> <span class='ocrx_word' id='word_1_211' title='bbox 689 1607 855 1646; x_wconf 84' lang='lat' dir='ltr'>admixta</span> <span class='ocrx_word' id='word_1_212' title='bbox 895 1606 1144 1655; x_wconf 78' lang='lat' dir='ltr'>virgilianis,</span> <span class='ocrx_word' id='word_1_213' title='bbox 1189 1606 1223 1643; x_wconf 87' lang='lat' dir='ltr'>id</span> <span class='ocrx_word' id='word_1_214' title='bbox 1258 1608 1318 1643; x_wconf 84' lang='lat' dir='ltr'>est</span> <span class='ocrx_word' id='word_1_215' title='bbox 1350 1618 1443 1657; x_wconf 78' lang='lat' dir='ltr'>quae</span> <span class='ocrx_word' id='word_1_216' title='bbox 1476 1604 1719 1655; x_wconf 81' lang='lat' dir='ltr'>perhibentur</span> <span class='ocrx_word' id='word_1_217' title='bbox 1749 1602 1844 1642; x_wconf 91' lang='lat' dir='ltr'>Vir-</span> 
     </span>
     <span class='ocr_line' id='line_1_23' title="bbox 199 1671 1846 1725; baseline -0.002 -12"><span class='ocrx_word' id='word_1_218' title='bbox 199 1675 343 1725; x_wconf 85' lang='lat' dir='ltr'>giliaua</span> <span class='ocrx_word' id='word_1_219' title='bbox 375 1687 484 1721; x_wconf 82' lang='lat' dir='ltr'>esse,</span> <span class='ocrx_word' id='word_1_220' title='bbox 518 1674 722 1725; x_wconf 80' lang='lat' dir='ltr'>leguntur3</span> <span class='ocrx_word' id='word_1_221' title='bbox 769 1676 804 1713; x_wconf 91' lang='lat' dir='ltr'>in</span> <span class='ocrx_word' id='word_1_222' title='bbox 835 1674 1023 1714; x_wconf 86' lang='lat' dir='ltr'>Thuaneo</span> <span class='ocrx_word' id='word_1_223' title='bbox 1065 1675 1210 1713; x_wconf 82' lang='lat' dir='ltr'>diserte</span> <span class='ocrx_word' id='word_1_224' title='bbox 1255 1673 1421 1722; x_wconf 79' lang='lat' dir='ltr'>Virgilio</span> <span class='ocrx_word' id='word_1_225' title='bbox 1454 1674 1698 1721; x_wconf 82' lang='lat' dir='ltr'>assignantur</span> <span class='ocrx_word' id='word_1_226' title='bbox 1728 1671 1846 1720; x_wconf 83' lang='lat' dir='ltr'>longa</span> 
     </span>
     <span class='ocr_line' id='line_1_24' title="bbox 201 1740 1844 1794; baseline -0.002 -12"><span class='ocrx_word' id='word_1_227' title='bbox 201 1744 463 1794; x_wconf 83' lang='lat' dir='ltr'>inscriptione.</span> <span class='ocrx_word' id='word_1_228' title='bbox 526 1742 586 1784; x_wconf 84' lang='lat' dir='ltr'>Cf.</span> <span class='ocrx_word' id='word_1_229' title='bbox 628 1744 660 1781; x_wconf 89' lang='lat' dir='ltr'>si</span> <span class='ocrx_word' id='word_1_230' title='bbox 692 1742 845 1794; x_wconf 81' lang='lat' dir='ltr'>placet,</span> <span class='ocrx_word' id='word_1_231' title='bbox 891 1744 1047 1782; x_wconf 79' lang='lat' dir='ltr'>codices</span> <span class='ocrx_word' id='word_1_232' title='bbox 1078 1743 1243 1782; x_wconf 77' lang='lat' dir='ltr'>Medicei</span> <span class='ocrx_word' id='word_1_233' title='bbox 1279 1742 1475 1789; x_wconf 83' lang='lat' dir='ltr'>Bandiuii,</span> <span class='ocrx_word' id='word_1_234' title='bbox 1518 1741 1618 1780; x_wconf 89' lang='lat' dir='ltr'>Plut.</span> <span class='ocrx_word' id='word_1_235' title='bbox 1656 1740 1844 1780; x_wconf 81' lang='lat' dir='ltr'>XXXIII.</span> 
     </span>
     <span class='ocr_line' id='line_1_25' title="bbox 202 1809 1847 1864; baseline -0.002 -13"><span class='ocrx_word' id='word_1_236' title='bbox 202 1811 298 1852; x_wconf 90' lang='lat' dir='ltr'>Cod.</span> <span class='ocrx_word' id='word_1_237' title='bbox 342 1828 464 1851; x_wconf 68' lang='lat' dir='ltr'>xxm.</span> <span class='ocrx_word' id='word_1_238' title='bbox 508 1815 542 1859; x_wconf 55' lang='grc' dir='ltr'>ὃ.</span> <span class='ocrx_word' id='word_1_239' title='bbox 577 1828 665 1851; x_wconf 79' lang='lat' dir='ltr'>x111.</span> <span class='ocrx_word' id='word_1_240' title='bbox 699 1812 798 1851; x_wconf 88' lang='lat' dir='ltr'>Plut.</span> <span class='ocrx_word' id='word_1_241' title='bbox 839 1812 1057 1864; x_wconf 81' lang='lat' dir='ltr'>LXXXXI.</span> <span class='ocrx_word' id='word_1_242' title='bbox 1097 1810 1191 1852; x_wconf 86' lang='lat' dir='ltr'>Cod.</span> <span class='ocrx_word' id='word_1_243' title='bbox 1233 1826 1320 1849; x_wconf 72' lang='lat' dir='ltr'>xix.</span> <span class='ocrx_word' id='word_1_244' title='bbox 1359 1813 1394 1857; x_wconf 81' lang='lat'>§.</span> <span class='ocrx_word' id='word_1_245' title='bbox 1428 1825 1485 1848; x_wconf 82' lang='lat' dir='ltr'>x1.</span> <span class='ocrx_word' id='word_1_246' title='bbox 1531 1811 1598 1848; x_wconf 86' lang='lat' dir='ltr'>sed</span> <span class='ocrx_word' id='word_1_247' title='bbox 1638 1809 1737 1848; x_wconf 94' lang='lat' dir='ltr'>nolui</span> <span class='ocrx_word' id='word_1_248' title='bbox 1777 1809 1847 1847; x_wconf 87' lang='lat' dir='ltr'>has</span> 
     </span>
     <span class='ocr_line' id='line_1_26' title="bbox 204 1878 1848 1933; baseline -0.003 -13"><span class='ocrx_word' id='word_1_249' title='bbox 204 1881 427 1933; x_wconf 79' lang='lat' dir='ltr'>quisquilias</span> <span class='ocrx_word' id='word_1_250' title='bbox 460 1894 526 1932; x_wconf 86' lang='lat' dir='ltr'>per</span> <span class='ocrx_word' id='word_1_251' title='bbox 557 1894 707 1925; x_wconf 81' lang='lat' dir='ltr'>omnes,</span> <span class='ocrx_word' id='word_1_252' title='bbox 750 1894 902 1933; x_wconf 90' lang='lat' dir='ltr'>quorum</span> <span class='ocrx_word' id='word_1_253' title='bbox 944 1881 1083 1919; x_wconf 86' lang='lat' dir='ltr'>alicubi</span> <span class='ocrx_word' id='word_1_254' title='bbox 1124 1881 1256 1918; x_wconf 85' lang='lat' dir='ltr'>notitia</span> <span class='ocrx_word' id='word_1_255' title='bbox 1295 1883 1446 1927; x_wconf 79' lang='lat' dir='ltr'>exstat,</span> <span class='ocrx_word' id='word_1_256' title='bbox 1489 1879 1639 1917; x_wconf 86' lang='lat' dir='ltr'>codices</span> <span class='ocrx_word' id='word_1_257' title='bbox 1678 1878 1848 1916; x_wconf 84' lang='lat' dir='ltr'>investi-</span> 
     </span>
     <span class='ocr_line' id='line_1_27' title="bbox 201 1947 1847 2001; baseline -0.002 -14"><span class='ocrx_word' id='word_1_258' title='bbox 201 1962 310 1998; x_wconf 88' lang='lat' dir='ltr'>gare.</span> <span class='ocrx_word' id='word_1_259' title='bbox 370 1950 495 1988; x_wconf 83' lang='lat' dir='ltr'>Finem</span> <span class='ocrx_word' id='word_1_260' title='bbox 531 1950 665 1989; x_wconf 85' lang='lat' dir='ltr'>faciam</span> <span class='ocrx_word' id='word_1_261' title='bbox 697 1951 733 1988; x_wconf 90' lang='lat' dir='ltr'>in</span> <span class='ocrx_word' id='word_1_262' title='bbox 765 1950 931 1997; x_wconf 71' lang='lat' dir='ltr'>duobus,</span> <span class='ocrx_word' id='word_1_263' title='bbox 976 1961 1070 2001; x_wconf 88' lang='lat' dir='ltr'>quae</span> <span class='ocrx_word' id='word_1_264' title='bbox 1102 1961 1177 1997; x_wconf 81' lang='lat' dir='ltr'>ego</span> <span class='ocrx_word' id='word_1_265' title='bbox 1211 1961 1331 2000; x_wconf 88' lang='lat' dir='ltr'>neque</span> <span class='ocrx_word' id='word_1_266' title='bbox 1363 1949 1397 1986; x_wconf 94' lang='lat' dir='ltr'>in</span> <span class='ocrx_word' id='word_1_267' title='bbox 1430 1947 1537 1986; x_wconf 87' lang='lat' dir='ltr'>libris</span> <span class='ocrx_word' id='word_1_268' title='bbox 1569 1948 1716 1997; x_wconf 78' lang='lat' dir='ltr'>repperi</span> <span class='ocrx_word' id='word_1_269' title='bbox 1749 1947 1847 1984; x_wconf 88' lang='lat' dir='ltr'>scri-</span> 
     </span>
     <span class='ocr_line' id='line_1_28' title="bbox 201 2015 1848 2070; baseline -0.001 -15"><span class='ocrx_word' id='word_1_270' title='bbox 201 2019 303 2068; x_wconf 84' lang='lat' dir='ltr'>ptis,</span> <span class='ocrx_word' id='word_1_271' title='bbox 335 2030 456 2070; x_wconf 89' lang='lat' dir='ltr'>neque</span> <span class='ocrx_word' id='word_1_272' title='bbox 488 2019 525 2057; x_wconf 90' lang='lat' dir='ltr'>in</span> <span class='ocrx_word' id='word_1_273' title='bbox 556 2018 631 2057; x_wconf 85' lang='lat' dir='ltr'>ulla</span> <span class='ocrx_word' id='word_1_274' title='bbox 663 2019 821 2068; x_wconf 86' lang='lat' dir='ltr'>reperiri</span> <span class='ocrx_word' id='word_1_275' title='bbox 854 2018 1021 2057; x_wconf 86' lang='lat' dir='ltr'>editione</span> <span class='ocrx_word' id='word_1_276' title='bbox 1053 2017 1211 2066; x_wconf 88' lang='lat' dir='ltr'>Virgilii</span> <span class='ocrx_word' id='word_1_277' title='bbox 1245 2018 1399 2069; x_wconf 87' lang='lat' dir='ltr'>antiqua</span> <span class='ocrx_word' id='word_1_278' title='bbox 1431 2016 1565 2061; x_wconf 81' lang='lat' dir='ltr'>credo,</span> <span class='ocrx_word' id='word_1_279' title='bbox 1610 2016 1674 2054; x_wconf 80' lang='lat' dir='ltr'>sed</span> <span class='ocrx_word' id='word_1_280' title='bbox 1709 2015 1848 2064; x_wconf 85' lang='lat' dir='ltr'>legun-</span> 
     </span>
     <span class='ocr_line' id='line_1_29' title="bbox 204 2084 1850 2138; baseline 0 -15"><span class='ocrx_word' id='word_1_281' title='bbox 204 2089 262 2124; x_wconf 88' lang='lat' dir='ltr'>tur</span> <span class='ocrx_word' id='word_1_282' title='bbox 292 2088 361 2126; x_wconf 84' lang='lat' dir='ltr'>sub</span> <span class='ocrx_word' id='word_1_283' title='bbox 395 2088 543 2126; x_wconf 88' lang='lat' dir='ltr'>nomine</span> <span class='ocrx_word' id='word_1_284' title='bbox 576 2088 733 2137; x_wconf 87' lang='lat' dir='ltr'>Virgilii</span> <span class='ocrx_word' id='word_1_285' title='bbox 765 2087 867 2138; x_wconf 83' lang='lat' dir='ltr'>apud</span> <span class='ocrx_word' id='word_1_286' title='bbox 900 2086 1162 2136; x_wconf 77' lang='lat' dir='ltr'>Scaligerum,</span> <span class='ocrx_word' id='word_1_287' title='bbox 1195 2089 1309 2138; x_wconf 85' lang='lat' dir='ltr'>atque</span> <span class='ocrx_word' id='word_1_288' title='bbox 1340 2086 1425 2124; x_wconf 90' lang='lat' dir='ltr'>iude</span> <span class='ocrx_word' id='word_1_289' title='bbox 1455 2085 1552 2136; x_wconf 87' lang='lat' dir='ltr'>apud</span> <span class='ocrx_word' id='word_1_290' title='bbox 1586 2084 1782 2124; x_wconf 89' lang='lat' dir='ltr'>Pithoeum</span> <span class='ocrx_word' id='word_1_291' title='bbox 1812 2086 1850 2123; x_wconf 87' lang='lat' dir='ltr'>et</span> 
     </span>
     <span class='ocr_line' id='line_1_30' title="bbox 205 2155 1007 2195; baseline -0.001 -1"><span class='ocrx_word' id='word_1_292' title='bbox 205 2156 479 2195; x_wconf 84' lang='lat' dir='ltr'>Burmannum:</span> <span class='ocrx_word' id='word_1_293' title='bbox 513 2155 633 2195; x_wconf 89' lang='lat' dir='ltr'>Anth.</span> <span class='ocrx_word' id='word_1_294' title='bbox 667 2156 748 2195; x_wconf 85' lang='lat' dir='ltr'>Lat.</span> <span class='ocrx_word' id='word_1_295' title='bbox 781 2156 849 2194; x_wconf 91' lang='lat' dir='ltr'>III.</span> <span class='ocrx_word' id='word_1_296' title='bbox 884 2171 1007 2194; x_wconf 77' lang='lat' dir='ltr'>chu.</span> 
     </span>
     <span class='ocr_line' id='line_1_31' title="bbox 463 2225 1427 2275; baseline -0.003 -12"><span class='ocrx_word' id='word_1_297' title='bbox 463 2225 653 2264; x_wconf 78' lang='lat' dir='ltr'>Arretine</span> <span class='ocrx_word' id='word_1_298' title='bbox 683 2226 794 2264; x_wconf 60' lang='lat' dir='ltr'>calla·</span> <span class='ocrx_word' id='word_1_299' title='bbox 823 2228 970 2264; x_wconf 63' lang='lat' dir='ltr'>mensis</span> <span class='ocrx_word' id='word_1_300' title='bbox 1003 2225 1190 2264; x_wconf 80' lang='lat' dir='ltr'>decorate</span> <span class='ocrx_word' id='word_1_301' title='bbox 1218 2225 1427 2275; x_wconf 75' lang='lat' dir='ltr'>paternis,</span> 
     </span>
     <span class='ocr_line' id='line_1_32' title="bbox 549 2291 1549 2347; baseline -0.002 -16"><span class='ocrx_word' id='word_1_302' title='bbox 549 2295 655 2332; x_wconf 82' lang='lat' dir='ltr'>Aule</span> <span class='ocrx_word' id='word_1_303' title='bbox 684 2291 805 2332; x_wconf 67' lang='grc'>1111111*</span> <span class='ocrx_word' id='word_1_304' title='bbox 835 2295 976 2332; x_wconf 46' lang='lat' dir='ltr'>mederi</span> <span class='ocrx_word' id='word_1_305' title='bbox 1008 2306 1123 2347; x_wconf 73' lang='lat' dir='ltr'>(sumn</span> <span class='ocrx_word' id='word_1_306' title='bbox 1155 2292 1249 2331; x_wconf 81' lang='lat' dir='ltr'>bene</span> <span class='ocrx_word' id='word_1_307' title='bbox 1279 2305 1408 2331; x_wconf 69' lang='lat' dir='ltr'>saltus</span> <span class='ocrx_word' id='word_1_308' title='bbox 1440 2305 1549 2330; x_wconf 79' lang='lat' dir='ltr'>eras.</span> 
     </span>
     <span class='ocr_line' id='line_1_33' title="bbox 209 2360 1849 2414; baseline -0.001 -14"><span class='ocrx_word' id='word_1_309' title='bbox 209 2362 306 2414; x_wconf 88' lang='lat' dir='ltr'>quod</span> <span class='ocrx_word' id='word_1_310' title='bbox 340 2361 520 2409; x_wconf 77' lang='lat' dir='ltr'>Scaliger</span> <span class='ocrx_word' id='word_1_311' title='bbox 550 2362 642 2400; x_wconf 85' lang='lat' dir='ltr'>Not.</span> <span class='ocrx_word' id='word_1_312' title='bbox 674 2374 695 2399; x_wconf 86' lang='lat' dir='ltr'>a</span> <span class='ocrx_word' id='word_1_313' title='bbox 727 2362 1030 2400; x_wconf 82' lang='lat' dir='ltr'>Lindenbruchio</span> <span class='ocrx_word' id='word_1_314' title='bbox 1062 2361 1171 2399; x_wconf 86' lang='lat' dir='ltr'>editis</span> <span class='ocrx_word' id='word_1_315' title='bbox 1213 2374 1248 2411; x_wconf 89' lang='lat' dir='ltr'>p.</span> <span class='ocrx_word' id='word_1_316' title='bbox 1284 2364 1376 2399; x_wconf 71' lang='lat'>284.</span> <span class='ocrx_word' id='word_1_317' title='bbox 1411 2373 1459 2398; x_wconf 86' lang='lat' dir='ltr'>ex</span> <span class='ocrx_word' id='word_1_318' title='bbox 1493 2361 1573 2399; x_wconf 80' lang='lat' dir='ltr'>vita</span> <span class='ocrx_word' id='word_1_319' title='bbox 1605 2360 1758 2409; x_wconf 87' lang='lat' dir='ltr'>Virgilii</span> <span class='ocrx_word' id='word_1_320' title='bbox 1790 2361 1849 2398; x_wconf 85' lang='lat' dir='ltr'>fa-</span> 
     </span>
     <span class='ocr_line' id='line_1_34' title="bbox 210 2429 1849 2483; baseline -0.002 -13"><span class='ocrx_word' id='word_1_321' title='bbox 210 2431 345 2470; x_wconf 83' lang='lat' dir='ltr'>bulosa</span> <span class='ocrx_word' id='word_1_322' title='bbox 377 2431 600 2470; x_wconf 84' lang='lat' dir='ltr'>emendabat</span> <span class='ocrx_word' id='word_1_323' title='bbox 630 2434 743 2483; x_wconf 87' lang='lat' dir='ltr'>atque</span> <span class='ocrx_word' id='word_1_324' title='bbox 790 2430 1123 2481; x_wconf 80' lang='lat' dir='ltr'>interpretabatur.</span> <span class='ocrx_word' id='word_1_325' title='bbox 1190 2429 1315 2467; x_wconf 81' lang='lat' dir='ltr'>Versu</span> <span class='ocrx_word' id='word_1_326' title='bbox 1351 2432 1387 2467; x_wconf 92' lang='lat'>1.</span> <span class='ocrx_word' id='word_1_327' title='bbox 1430 2430 1549 2469; x_wconf 80' lang='lat' dir='ltr'>decor</span> <span class='ocrx_word' id='word_1_328' title='bbox 1588 2437 1682 2469; x_wconf 78' lang='lat' dir='ltr'>ante</span> <span class='ocrx_word' id='word_1_329' title='bbox 1721 2441 1849 2468; x_wconf 87' lang='lat' dir='ltr'>verum</span> 
     </span>
     <span class='ocr_line' id='line_1_35' title="bbox 212 2497 1852 2549; baseline -0.001 -11"><span class='ocrx_word' id='word_1_330' title='bbox 212 2501 380 2549; x_wconf 76' lang='lat' dir='ltr'>videtur,</span> <span class='ocrx_word' id='word_1_331' title='bbox 414 2502 451 2537; x_wconf 84' lang='lat' dir='ltr'>et</span> <span class='ocrx_word' id='word_1_332' title='bbox 490 2513 528 2538; x_wconf 87' lang='lat' dir='ltr'>v.</span> <span class='ocrx_word' id='word_1_333' title='bbox 564 2504 601 2537; x_wconf 80' lang='lat'>2.</span> <span class='ocrx_word' id='word_1_334' title='bbox 640 2501 745 2539; x_wconf 76' lang='lat' dir='ltr'>Ante</span> <span class='ocrx_word' id='word_1_335' title='bbox 782 2513 923 2539; x_wconf 73' lang='lat' dir='ltr'>manus</span> <span class='ocrx_word' id='word_1_336' title='bbox 961 2498 1122 2546; x_wconf 78' lang='lat' dir='ltr'>medici,</span> <span class='ocrx_word' id='word_1_337' title='bbox 1164 2497 1227 2536; x_wconf 83' lang='lat' dir='ltr'>vel</span> <span class='ocrx_word' id='word_1_338' title='bbox 1268 2499 1375 2537; x_wconf 76' lang='lat' dir='ltr'>Ante</span> <span class='ocrx_word' id='word_1_339' title='bbox 1413 2512 1566 2538; x_wconf 79' lang='lat' dir='ltr'>manum</span> <span class='ocrx_word' id='word_1_340' title='bbox 1603 2498 1765 2546; x_wconf 75' lang='lat' dir='ltr'>medici,</span> <span class='ocrx_word' id='word_1_341' title='bbox 1812 2497 1852 2536; x_wconf 85' lang='lat' dir='ltr'>ut</span> 
     </span>
     <span class='ocr_line' id='line_1_36' title="bbox 214 2567 1279 2615; baseline -0.003 -8"><span class='ocrx_word' id='word_1_342' title='bbox 214 2568 395 2608; x_wconf 83' lang='lat' dir='ltr'>Pithoeus</span> <span class='ocrx_word' id='word_1_343' title='bbox 428 2570 465 2607; x_wconf 87' lang='lat' dir='ltr'>et</span> <span class='ocrx_word' id='word_1_344' title='bbox 497 2568 728 2607; x_wconf 86' lang='lat' dir='ltr'>Gronovius.</span> <span class='ocrx_word' id='word_1_345' title='bbox 790 2569 983 2615; x_wconf 81' lang='lat' dir='ltr'>Alterum,</span> <span class='ocrx_word' id='word_1_346' title='bbox 1015 2567 1104 2605; x_wconf 90' lang='lat' dir='ltr'>ibid.</span> <span class='ocrx_word' id='word_1_347' title='bbox 1140 2582 1279 2604; x_wconf 60' lang='lat' dir='ltr'>exem.</span> 
     </span>
     <span class='ocr_line' id='line_1_37' title="bbox 327 2637 1409 2689; baseline -0.002 -13"><span class='ocrx_word' id='word_1_348' title='bbox 327 2638 478 2677; x_wconf 75' lang='lat' dir='ltr'>Humor</span> <span class='ocrx_word' id='word_1_349' title='bbox 509 2638 586 2677; x_wconf 76' lang='lat' dir='ltr'>alit</span> <span class='ocrx_word' id='word_1_350' title='bbox 617 2644 811 2689; x_wconf 69' lang='lat' dir='ltr'>segletem:</span> <span class='ocrx_word' id='word_1_351' title='bbox 846 2639 973 2688; x_wconf 72' lang='lat' dir='ltr'>seqetz&#39;</span> <span class='ocrx_word' id='word_1_352' title='bbox 1002 2640 1233 2676; x_wconf 72' lang='lat' dir='ltr'>contrarius</span> <span class='ocrx_word' id='word_1_353' title='bbox 1264 2637 1409 2675; x_wconf 79' lang='lat' dir='ltr'>hmnor.</span> 
     </span>
     <span class='ocr_line' id='line_1_38' title="bbox 331 2705 1736 2765; baseline -0.004 -19"><span class='ocrx_word' id='word_1_354' title='bbox 331 2707 447 2765; x_wconf 73' lang='lat' dir='ltr'>Quod</span> <span class='ocrx_word' id='word_1_355' title='bbox 478 2710 612 2756; x_wconf 72' lang='lat' dir='ltr'>iuvat,</span> <span class='ocrx_word' id='word_1_356' title='bbox 650 2708 723 2746; x_wconf 75' lang='lat' dir='ltr'>hoc</span> <span class='ocrx_word' id='word_1_357' title='bbox 755 2707 871 2746; x_wconf 75' lang='lat' dir='ltr'>dulce</span> <span class='ocrx_word' id='word_1_358' title='bbox 900 2712 986 2745; x_wconf 75' lang='lat' dir='ltr'>est:</span> <span class='ocrx_word' id='word_1_359' title='bbox 1021 2705 1125 2759; x_wconf 80' lang='lat' dir='ltr'>quod</span> <span class='ocrx_word' id='word_1_360' title='bbox 1156 2709 1331 2756; x_wconf 56' lang='grc' dir='ltr'>σοφίαν,</span> <span class='ocrx_word' id='word_1_361' title='bbox 1366 2705 1500 2744; x_wconf 77' lang='lat' dir='ltr'>altera</span> <span class='ocrx_word' id='word_1_362' title='bbox 1530 2717 1631 2743; x_wconf 81' lang='lat' dir='ltr'>mors</span> <span class='ocrx_word' id='word_1_363' title='bbox 1662 2709 1736 2742; x_wconf 76' lang='lat' dir='ltr'>est.</span> 
     </span>
    </p>

    <p class='ocr_par' dir='ltr' id='par_1_3' title="bbox 217 2771 1853 3034">
     <span class='ocr_line' id='line_1_39' title="bbox 300 2771 1851 2826; baseline -0.004 -12"><span class='ocrx_word' id='word_1_364' title='bbox 300 2775 362 2814; x_wconf 85' lang='lat' dir='ltr'>Do</span> <span class='ocrx_word' id='word_1_365' title='bbox 394 2778 481 2816; x_wconf 73' lang='lat' dir='ltr'><em>Cin·</em></span> <span class='ocrx_word' id='word_1_366' title='bbox 511 2778 696 2826; x_wconf 85' lang='lat' dir='ltr'>exspecto</span> <span class='ocrx_word' id='word_1_367' title='bbox 728 2776 891 2814; x_wconf 85' lang='lat' dir='ltr'>virorum</span> <span class='ocrx_word' id='word_1_368' title='bbox 923 2775 1113 2813; x_wconf 86' lang='lat' dir='ltr'>doctorum</span> <span class='ocrx_word' id='word_1_369' title='bbox 1151 2775 1301 2813; x_wconf 83' lang='lat' dir='ltr'>iudicia.</span> <span class='ocrx_word' id='word_1_370' title='bbox 1363 2773 1435 2826; x_wconf 83' lang='lat' dir='ltr'>Qui</span> <span class='ocrx_word' id='word_1_371' title='bbox 1466 2774 1499 2812; x_wconf 91' lang='lat' dir='ltr'>si</span> <span class='ocrx_word' id='word_1_372' title='bbox 1531 2773 1680 2821; x_wconf 84' lang='lat' dir='ltr'>dignum</span> <span class='ocrx_word' id='word_1_373' title='bbox 1714 2771 1851 2820; x_wconf 86' lang='lat' dir='ltr'>Virgi-</span> 
     </span>
     <span class='ocr_line' id='line_1_40' title="bbox 217 2840 1852 2894; baseline -0.002 -13"><span class='ocrx_word' id='word_1_374' title='bbox 217 2844 267 2882; x_wconf 88' lang='lat' dir='ltr'>lio</span> <span class='ocrx_word' id='word_1_375' title='bbox 299 2856 444 2883; x_wconf 78' lang='lat' dir='ltr'>carmen</span> <span class='ocrx_word' id='word_1_376' title='bbox 476 2856 565 2883; x_wconf 88' lang='lat' dir='ltr'>esse</span> <span class='ocrx_word' id='word_1_377' title='bbox 603 2845 885 2893; x_wconf 78' lang='lat' dir='ltr'>concesserint,</span> <span class='ocrx_word' id='word_1_378' title='bbox 924 2844 1218 2894; x_wconf 86' lang='lat' dir='ltr'>scriptoremque</span> <span class='ocrx_word' id='word_1_379' title='bbox 1258 2843 1429 2881; x_wconf 86' lang='lat' dir='ltr'>carminis</span> <span class='ocrx_word' id='word_1_380' title='bbox 1459 2840 1749 2879; x_wconf 83' lang='lat' dir='ltr'>monstraverint</span> <span class='ocrx_word' id='word_1_381' title='bbox 1780 2841 1852 2878; x_wconf 92' lang='lat' dir='ltr'>bo-</span> 
     </span>
     <span class='ocr_line' id='line_1_41' title="bbox 218 2908 1853 2965; baseline -0.002 -16"><span class='ocrx_word' id='word_1_382' title='bbox 218 2924 329 2961; x_wconf 86' lang='grc'>1111111,</span> <span class='ocrx_word' id='word_1_383' title='bbox 363 2914 572 2965; x_wconf 80' lang='lat' dir='ltr'>antiquum,</span> <span class='ocrx_word' id='word_1_384' title='bbox 603 2913 851 2965; x_wconf 85' lang='lat' dir='ltr'>acquiescam.</span> <span class='ocrx_word' id='word_1_385' title='bbox 912 2912 1053 2950; x_wconf 87' lang='lat' dir='ltr'>Verum</span> <span class='ocrx_word' id='word_1_386' title='bbox 1085 2923 1164 2949; x_wconf 90' lang='lat' dir='ltr'>eum</span> <span class='ocrx_word' id='word_1_387' title='bbox 1187 2915 1350 2962; x_wconf 80' lang='lat' dir='ltr'>expeto,</span> <span class='ocrx_word' id='word_1_388' title='bbox 1383 2911 1444 2962; x_wconf 90' lang='lat' dir='ltr'>qui</span> <span class='ocrx_word' id='word_1_389' title='bbox 1475 2909 1568 2947; x_wconf 86' lang='lat' dir='ltr'>satis</span> <span class='ocrx_word' id='word_1_390' title='bbox 1599 2908 1770 2959; x_wconf 87' lang='lat' dir='ltr'>antiquus</span> <span class='ocrx_word' id='word_1_391' title='bbox 1789 2909 1853 2947; x_wconf 87' lang='lat' dir='ltr'>sit.</span> 
     </span>
     <span class='ocr_line' id='line_1_42' title="bbox 223 2975 1853 3034; baseline -0.002 -15"><span class='ocrx_word' id='word_1_392' title='bbox 223 2981 319 3020; x_wconf 80' lang='lat' dir='ltr'>Mihi</span> <span class='ocrx_word' id='word_1_393' title='bbox 350 2994 497 3033; x_wconf 86' lang='lat' dir='ltr'>semper</span> <span class='ocrx_word' id='word_1_394' title='bbox 527 2982 783 3034; x_wconf 86' lang='lat' dir='ltr'>perantiquum</span> <span class='ocrx_word' id='word_1_395' title='bbox 824 2992 968 3020; x_wconf 84' lang='lat' dir='ltr'>carmen</span> <span class='ocrx_word' id='word_1_396' title='bbox 1000 2977 1125 3031; x_wconf 87' lang='lat' dir='ltr'>Ciris,</span> <span class='ocrx_word' id='word_1_397' title='bbox 1164 2983 1202 3020; x_wconf 89' lang='lat' dir='ltr'>et</span> <span class='ocrx_word' id='word_1_398' title='bbox 1241 2979 1316 3020; x_wconf 85' lang='lat' dir='ltr'>tale</span> <span class='ocrx_word' id='word_1_399' title='bbox 1348 2979 1432 3018; x_wconf 84' lang='lat' dir='ltr'>visa</span> <span class='ocrx_word' id='word_1_400' title='bbox 1462 2980 1548 3027; x_wconf 83' lang='lat' dir='ltr'>est,</span> <span class='ocrx_word' id='word_1_401' title='bbox 1590 2975 1697 3029; x_wconf 84' lang='lat' dir='ltr'>quale</span> <span class='ocrx_word' id='word_1_402' title='bbox 1735 2977 1853 3016; x_wconf 83' lang='lat' dir='ltr'>scribi</span> 
     </span>
    </p>
   </div>
  </div>
 </body>
</html>
