2006 3365
230 130 336 175 ‘258
845 113 1209 159 DISSERTATIO
1241 115 1291 156 11.

239 244 289 283 Et
319 251 412 280 sane
442 246 696 290 quaecumque
727 234 773 273 de
811 245 907 283 agro
939 232 1102 284 loquitur
1138 231 1174 270 in
1213 230 1382 279 moga,
1427 229 1589 283 loquitur
1619 231 1800 282 tamquam
1831 228 1878 268 de

240 309 436 350 notissimo
468 305 556 344 sibi.
616 303 748 343 Veluti
779 303 883 342 initio
916 301 1063 340 statim:
1109 300 1279 339 Invideo
1309 298 1422 338 vobis
1461 301 1575 350 ayri,
1619 300 1880 353 formosaque

236 384 382 433 prata,
421 375 459 413 in
504 385 576 425 quo
616 372 714 410 illam
758 372 843 421 agri
883 371 1073 410 caritatem
1114 368 1378 418 agnoscimus,
1420 369 1524 406 cuius
1564 370 1620 407 tot
1661 368 1880 406 documenta

242 448 355 486 Dirae
394 443 590 495 praebent.
660 440 792 493 Itaque
831 452 852 478 a
898 437 1038 478 Tibulli
1083 438 1264 481 carmine,
1314 436 1430 475 Rura
1475 450 1620 485 meam,
1669 436 1878 483 Cerintho,

240 519 371 555 tenent
410 511 615 565 villaeque
643 510 838 564 puellam,
871 507 944 546 hoc
975 507 1098 545 diil'ert
1128 505 1275 555 Ecloga
1307 507 1458 554 nostra,
1492 505 1587 558 quod
1621 504 1795 543 Nemesis
1817 516 1882 542 rus

244 587 359 633 ierat,
391 581 525 621 relicto
557 583 742 629 amatore3
785 577 846 616 hic
876 589 970 616 vero
1002 574 1098 615 Cato
1131 586 1216 613 rure
1256 573 1429 622 abierat,
1474 575 1702 612 remanserat
1744 572 1881 623 Lydia.

243 653 406 693 Abierat
436 652 558 689 autem
602 647 697 688 Cato
730 649 764 685 in
797 646 934 690 Urbem
974 646 1161 692 sortasse,
1208 646 1365 694 propter
1404 643 1558 692 negotia
1594 642 1725 680 neseio
1766 652 1883 693 quae,

243 721 308 761 sed
340 720 559 760 necessaria
602 717 751 769 ipsique
791 713 1075 762 molestissima,
1117 713 1287 765 quoniam
1329 723 1397 762 per
1437 711 1472 749 id
1511 713 1656 762 tempus
1688 709 1884 749 carendum

243 793 350 830 esset
381 788 625 829 contubernio
656 785 827 837 Lydiae:
868 795 982 835 quare
1015 781 1254 833 conqueritur
1284 780 1331 818 de
1362 779 1596 830 temporibus
1627 780 1728 827 suis,
1769 780 1808 817 et
1837 778 1886 817 de

243 862 382 898 mutata
423 859 527 897 vitae
567 855 805 903 conditione,
847 852 972 891 laudat
1013 850 1273 902 antiquissima
1315 851 1481 899 tempora
1520 850 1557 887 et
1598 847 1886 886 convenientem

244 932 399 968 naturae
429 927 565 975 vitam,
596 936 665 975 per
696 935 801 974 quam
833 921 987 960 amatori
1019 931 1169 970 semper
1192 918 1335 957 licuerit
1362 917 1532 956 babitare
1553 929 1632 954 cum
1651 929 1730 954 sua.
1783 916 1886 955 Ver-

247 1001 351 1037 satur
381 999 498 1035 totum
531 1004 676 1032 carmen
708 992 745 1029 in
778 990 968 1028 desiderio
1000 988 1168 1038 Lydiae,
1209 988 1351 1025 inserta
1380 985 1442 1024 hic
1473 985 1577 1034 illie,
1619 988 1658 1024 ut
1690 997 1750 1023 res
1781 985 1887 1022 fere·

246 1068 331 1116 bat,
362 1065 549 1103 mentione
582 1060 721 1108 villae,
755 1059 822 1097 sed
856 1059 930 1099 ita,
971 1061 1010 1096 ut
1041 1068 1188 1106 semper
1217 1055 1369 1106 primum
1402 1054 1521 1093 locum
1553 1054 1723 1093 obtineat,
1754 1052 1887 1104 Lydia.

247 1134 412 1175 Caetera
443 1132 603 1171 earmina
635 1130 680 1168 ad
713 1128 869 1178 Lydiam
902 1126 1126 1177 pertinentia
1157 1125 1347 1162 maximam
1379 1128 1521 1174 partem
1554 1125 1699 1161 faustos
1729 1121 1890 1161 Catonis

247 1215 415 1251 amores,
451 1204 488 1240 ct
520 1197 754 1238 contubernii
788 1208 869 1234 cum
901 1194 1027 1244 Lydia
1058 1193 1337 1243 descriptiones
1370 1192 1624 1240 continuisse,
1657 1204 1735 1229 cum
1767 1190 1888 1228 laudi-

249 1274 320 1311 bus
353 1270 466 1309 villae
498 1269 744 1315 coniunctas,
776 1263 976 1316 probabile
1009 1266 1080 1302 est.
1143 1262 1204 1302 Cf.
1245 1274 1352 1314 quem
1390 1261 1516 1312 paullo
1554 1263 1641 1300 ante
1673 1271 1891 1299 commemo-

248 1342 437 1389 ravimus,
469 1349 608 1376 versus
640 1334 777 1383 Eclog.
812 1338 848 1372 6.

533 1406 589 1445 Et
619 1417 705 1443 mea
736 1402 940 1442 submissa
970 1401 1186 1440 meditatur
1216 1401 1396 1439 carmina
1427 1412 1536 1439 voce.

250 1483 289 1520 et
318 1478 490 1517 Dirarum
522 1488 560 1514 v.
595 1477 662 1512 26.

761 1539 919 1579 mullum
950 1543 1101 1578 nostris
1134 1545 1302 1578 cantata
1333 1537 1483 1577 libellis

538 1610 698 1665 Optima
729 1610 941 1649 silvarum.

340 1683 505 1724 Restant
535 1680 629 1729 alia,
661 1679 708 1717 de
739 1678 874 1730 quibus
905 1676 1043 1729 aliquid
1077 1677 1169 1715 certi
1201 1676 1449 1727 pronunciare
1471 1676 1505 1713 in
1526 1677 1628 1714 tanta
1654 1675 1894 1714 testimonio-

257 1767 332 1794 rum
364 1752 554 1803 paucitate
585 1747 835 1800 periculosum
867 1748 939 1784 est.
1001 1745 1068 1784 Sic
1100 1757 1176 1794 ego
1209 1745 1370 1783 carmina
1411 1745 1457 1783 ad
1499 1744 1675 1795 Lydiam,
1724 1744 1809 1781 sive
1850 1742 1898 1780 de

257 1823 401 1873 Lydia,
434 1819 577 1869 scripta
607 1816 752 1869 quidem
784 1828 805 1853 a
838 1814 982 1854 Catone
1015 1826 1059 1852 eo
1082 1816 1274 1864 tempore,
1307 1826 1378 1865 quo
1407 1813 1528 1851 floruit
1550 1811 1706 1852 Catonis
1730 1811 1898 1862 Lydiae-

259 1904 329 1944 que
360 1901 484 1938 amor,
525 1886 591 1925 sed
634 1886 669 1923 in
716 1897 822 1923 unum
859 1883 1015 1931 librum,
1059 1881 1258 1934 Lydiam,
1300 1881 1483 1929 collecta,
1523 1883 1688 1919 fortasse
1727 1879 1787 1918 hio
1823 1879 1900 1918 illio

259 1960 478 2007 emendata,
510 1960 622 2008 atque
654 1954 753 1993 edita
785 1957 857 1992 tum
890 1953 1051 1996 demum,
1101 1964 1207 2003 quum
1239 1955 1376 1989 exutus
1407 1951 1652 2000 patrimonio,
1694 1952 1733 1988 et
1762 1949 1902 1987 amissa

260 2030 381 2080 Lydia
411 2026 559 2079 puella,
600 2025 636 2063 in
677 2022 779 2061 Urbe
817 2024 978 2073 penates
1020 2020 1245 2067 collocavit,
1292 2018 1512 2070 litterasque
1552 2017 1720 2068 profiteri
1751 2016 1902 2068 publice

262 2099 410 2149 coepit,
443 2095 616 2135 coniicio.
677 2093 810 2141 Magis
850 2092 1027 2129 incertum
1061 2092 1140 2136 est,
1181 2101 1253 2141 quo
1285 2088 1377 2126 duce
1410 2089 1448 2126 et
1479 2099 1550 2139 qua
1581 2087 1816 2125 institutione
1846 2086 1902 2124 iu-

264 2170 375 2208 venis
408 2165 504 2206 Cato
536 2166 650 2215 poeta
680 2163 803 2200 factus
835 2161 897 2199 sit.
973 2159 1021 2198 Et
1060 2170 1210 2209 puerum
1256 2157 1401 2209 quidem
1433 2156 1637 2195 domestica
1669 2155 1904 2193 institutione

265 2250 369 2277 usum
401 2246 490 2273 esse
521 2233 696 2272 accurata
727 2242 770 2268 ac
802 2229 975 2278 diligenti
998 2240 1069 2266 non
1090 2227 1231 2265 dubit0.
1294 2227 1435 2265 Postea
1465 2224 1689 2264 adolescens
1720 2225 1904 2275 poetieam

267 2310 331 2347 aut
360 2305 504 2344 Romae
536 2301 689 2340 didicit:
723 2310 936 2351 quamquam
968 2310 1011 2335 ea
1042 2299 1167 2334 aetate
1199 2296 1234 2333 in
1265 2295 1420 2346 praedio
1451 2293 1668 2345 plerumque
1700 2304 1904 2332 commora-

268 2380 342 2417 tum
375 2384 488 2421 esse,
523 2372 561 2409 et
591 2368 730 2407 Urbem
762 2368 880 2405 rarius
913 2366 1100 2404 visitasse
1132 2364 1372 2413 crediderimg
1403 2366 1466 2402 aut
1495 2362 1762 2412 grammaticos
1793 2360 1906 2400 audi-

271 2447 328 2484 vit
358 2444 394 2482 in
424 2452 492 2479 sua
522 2437 746 2489 provincia:
788 2447 884 2487 quae
916 2434 1112 2484 provincia
1143 2433 1174 2470 si
1207 2431 1331 2471 Gallia
1372 2432 1461 2479 fuit,
1502 2433 1540 2470 ut
1584 2443 1699 2481 supra
1740 2429 1904 2477 conieci,

270 2516 383 2565 aptus
422 2510 494 2549 erit
532 2506 577 2545 ad
619 2506 720 2543 hanc
756 2504 1045 2554 disputationem
1084 2501 1257 2541 Suetonii
1298 2500 1404 2539 locus
1442 2500 1583 2539 Illustr.
1626 2498 1691 2538 Gr.
1732 2511 1814 2549 cap.
1848 2513 1906 2537 111.

272 2584 379 2624 Nam
410 2582 449 2618 in
477 2576 713 2631 provincias
747 2586 900 2627 qnoque
929 2573 1191 2623 yralmnalica
1226 2576 1533 2623 penetraverat,
1572 2583 1623 2608 ac
1653 2568 1830 2607 nonnulli
1860 2568 1909 2608 de

273 2650 495 2690 notissimis
537 2642 766 2684 «lectoribus
807 2654 976 2695 pereyre
1015 2640 1252 2689 docuerunt,
1299 2640 1458 2678 maxime
1509 2639 1545 2677 in
1584 2637 1706 2678 Gallia
1748 2638 1907 2685 togata:

275 2724 378 2760 inter
404 2729 503 2772 quos
528 2713 727 2753 Octavius
753 2710 927 2758 Teucer,
961 2716 997 2749 et
1017 2708 1256 2748 Siseennins
1276 2708 1473 2757 Iacchus,
1502 2714 1541 2747 et
1560 2705 1717 2760 Oppius
1739 2705 1908 2746 Chares.

276 2790 357 2830 Aut
387 2787 471 2837 ipse
502 2794 570 2822 sua
601 2779 802 2825 industria,
836 2780 873 2817 et
904 2777 986 2816 dum
1016 2776 1213 2816 lectitabat
1243 2777 1403 2828 optimos
1426 2778 1580 2828 poetas,
1611 2773 1799 2814 tamhona
1824 2786 1910 2813 car-

276 2859 372 2898 mina
403 2856 530 2893 facere
561 2849 703 2888 didicit.
764 2846 920 2897 Lydiam
951 2844 1110 2897 puellam
1152 2845 1248 2897 quod
1294 2845 1447 2891 attinet,
1485 2844 1578 2882 satis
1623 2844 1725 2880 certo
1762 2843 1911 2882 videtur

277 2926 351 2966 diei
382 2933 529 2975 posse,
561 2930 632 2971 qua
663 2916 877 2957 conditione
907 2915 1032 2954 suerit.
1094 2913 1237 2967 Quodsi
1267 2913 1391 2965 Lydia
1420 2910 1608 2951 habitavit
1637 2911 1673 2949 in
1703 2923 1799 2960 agro
1832 2909 1911 2951 Ca-

278 2995 402 3043 tonis,
433 2993 472 3031 et
502 2988 534 3027 si
569 2988 665 3028 Cato
697 2997 775 3026 eam
806 2996 878 3023 una
909 2995 988 3023 eum
1019 2994 1114 3032 agro
1152 2983 1297 3035 amisit,
1336 2981 1372 3021 id
1411 2979 1508 3034 quod
1537 2980 1591 3020 ita
1619 2979 1739 3019 ruisse
1768 2980 1911 3032 proba-
