1970 3350
776 136 1046 178 CARMINA.

91 240 304 302 Accipite
340 240 424 285 has
461 255 617 286 voces,
691 241 867 302 Migret
906 241 1155 302 Neptunus
1194 243 1240 285 in
1277 257 1392 287 arva

90 343 353 398 Fluctibus,
392 349 437 388 et
473 344 624 404 spissa
661 359 846 406 campos
882 344 1132 407 perfundat
1169 359 1323 389 arena.

90 446 194 501 Qua
230 445 470 491 Volcanus
509 462 646 506 agros
683 453 843 508 pastus
882 447 1010 492 Iovis
1047 446 1234 507 ignibus
1272 453 1420 502 arcet,

88 546 295 592 Barbara
332 546 510 592 dicatur
547 548 754 609 Libycae
791 564 922 593 soror
961 547 1109 593 altera
1145 546 1319 608 Syrtis.

88 650 289 695 Tristius
327 650 440 704 hoc,
477 652 685 701 memini,
724 651 955 695 revocasti
995 648 1184 695 Battare
1221 666 1420 696 carmen.

86 751 235 814 Nigro
273 753 418 798 multa
453 755 568 798 inari
606 753 764 798 dicunt
800 758 1015 814 portenta
1050 759 1236 808 natare,

82 855 297 901 Monstra
334 858 589 917 repentinis
626 857 849 901 terrentia
885 871 1025 917 saepe
1061 856 1251 916 figuris,

87 958 237 1013 Quom
274 959 425 1005 subito
464 974 694 1005 emersere
732 958 906 1003 furenti
942 973 1136 1019 corpora
1170 964 1334 1019 ponto:

86 1059 214 1106 Haec
251 1067 360 1122 agat
397 1062 565 1106 infesto
604 1059 853 1122 Neptunus
890 1076 1028 1106 caeca
1063 1060 1274 1115 tridenti,

80 1162 250 1209 Atrum
288 1170 569 1210 convertens
608 1169 787 1209 aestum
824 1165 964 1209 maris
1001 1163 1206 1225 undique
1243 1165 1422 1219 ventis,

80 1266 143 1312 Et
179 1267 362 1313 fuscum
400 1269 602 1313 cinerem
638 1268 766 1312 canis
804 1266 1051 1312 exhauriat
1087 1266 1238 1312 undis.

79 1369 307 1415 Dicantur
344 1386 446 1416 mea
483 1386 592 1415 rura
628 1370 779 1415 ferum
816 1386 957 1415 mare.
1024 1369 1182 1415 Nauta
1218 1377 1382 1416 caveto

83 1473 234 1527 Rura,
274 1473 441 1535 quibus
479 1473 601 1518 diras
639 1473 912 1527 indiximus,
950 1474 1090 1534 impia
1123 1479 1247 1518 vota.

83 1574 138 1621 Si
174 1577 324 1620 minus
362 1575 498 1631 haec,
538 1574 783 1636 Neptune,
818 1581 923 1620 tuas
960 1574 1246 1620 infundimus
1283 1577 1432 1630 auris,

82 1676 296 1733 Battare,
333 1678 600 1723 fluminibus
636 1684 686 1723 tu
724 1684 905 1723 nostros
941 1677 1072 1723 trade
1109 1678 1315 1724 dolores:

82 1780 204 1826 Nam
241 1780 324 1826 tibi
362 1787 469 1826 sunt
507 1781 683 1837 fontes,
720 1781 803 1827 tibi
840 1797 1023 1843 semper
1058 1781 1252 1827 flumina
1288 1784 1448 1828 amica.

79 1882 161 1929 Nil
198 1890 268 1929 est
306 1884 429 1946 quod
464 1884 655 1945 perdam
692 1884 911 1930 ulterius:
949 1887 1112 1930 merita
1149 1887 1322 1931 omnia:
1359 1885 1507 1932 dictis.

81 1985 278 2032 Flectite
316 1989 544 2033 currentis
582 1987 822 2050 lymphas,
863 2003 988 2049 vaga
1023 1988 1236 2043 flumina,
1273 1994 1420 2044 retro,

80 2088 297 2145 Flectite,
343 2097 388 2136 et
425 2090 637 2136 adversis
674 2106 857 2136 rursum
895 2089 1142 2137 diffundite
1180 2094 1368 2154 campis.

80 2192 324 2239 Incurrant
360 2209 518 2239 amnes
555 2196 728 2255 passim
764 2194 1039 2240 rimantibus
1082 2194 1244 2250 undis,

81 2294 183 2341 Nec
219 2302 400 2342 nostros
437 2299 616 2343 servire
653 2299 807 2344 sinant
844 2299 1085 2344 erronibus
1122 2314 1274 2360 agros.

80 2397 276 2443 Dulcius
312 2398 420 2455 hoc,
457 2402 664 2456 memini,
703 2404 937 2447 revocasti
973 2401 1164 2448 Battare
1202 2417 1402 2448 carmen.

81 2501 313 2547 Emanent
349 2503 498 2549 subito
536 2506 660 2549 sicca
696 2505 863 2551 tellure
899 2505 1116 2567 paludes,

81 2604 144 2650 Et
179 2611 322 2650 metat
359 2604 432 2650 hic
469 2608 643 2663 iuncos,
681 2610 833 2669 spicas
871 2609 949 2654 ubi
985 2608 1186 2669 legimus
1223 2609 1346 2654 olim.

83 2707 291 2754 Occubet
327 2710 480 2769 arguti
516 2711 663 2771 grylli
698 2727 817 2758 cava
851 2712 1043 2772 garrula
1079 2727 1205 2757 rana.

84 2810 286 2856 Tristius
323 2810 409 2856 hoc
446 2826 628 2857 rursum
665 2813 787 2860 dicat
823 2830 928 2861 mea
962 2816 1121 2861 fistula
1157 2831 1357 2861 carmen.

82 2913 398 2975 Praecipitent
434 2914 540 2959 altis
576 2915 807 2963 fumantes
844 2919 1077 2964 montibus
1119 2919 1313 2974 imbres,

84 3016 147 3062 Et
183 3017 276 3062 late
312 3023 515 3064 teneant·
540 3017 707 3064 diffuso
743 3022 930 3081 gurgite
968 3037 1176 3084 campos:

1665 245 1733 287 50

1663 757 1729 800 55

1661 1271 1728 1314 60

1656 1787 1723 1831 65

1656 2303 1722 2348 ’70

1657 2819 1721 2862 75
