2006 3365
256 149 358 193 418
849 141 1217 182 DISSERTATIO
1249 142 1320 182 IV.

255 262 292 299 in
324 260 430 299 Diris
462 259 678 309 plerumque
709 256 882 308 sequitur
912 256 1105 295 eamdem:
1138 256 1262 307 (liqna
1296 269 1334 295 V.
1366 259 1458 296 130.
1511 258 1621 298 Nam
1652 272 1689 298 v.
1719 262 1810 297 161.
1842 272 1912 299 ru-

256 329 423 368 buerunt
452 340 492 365 ν.
529 328 620 363 164.
683 325 833 364 Rursus
865 327 1116 364 accesserunt
1146 325 1322 375 Priapeia
1353 327 1392 364 et
1424 323 1636 365 Cataleeta.
1697 328 1805 366 Haec
1829 327 1911 377 pri-

254 409 311 435 ma
342 397 402 434 est
434 406 484 432 ex
514 393 606 432 meis
647 393 903 442 editionibus,
945 405 1041 445 quae
1090 393 1217 431 editas
1265 394 1300 431 in
1342 395 1513 440 margine
1555 395 1683 433 varias
1726 395 1913 434 lectiones

254 464 392 511 babet3
425 461 521 500 unde.
552 461 704 500 eaedem
737 462 772 499 in
805 461 967 500 Venetis
999 462 1229 500 editionibus
1262 461 1357 500 lunt.
1402 464 1523 500 1544.
1568 462 1616 500 11.
1651 462 1760 502 Seot.
1792 466 1911 500 1555.

256 532 283 569 1.
316 531 370 569 Μ.
403 528 552 569 Bonell.
591 532 712 568 1558.
760 533 799 569 et
841 529 937 568 baud
984 529 1100 568 dubie
1139 529 1225 568 aliis
1268 531 1469 581 appositae
1512 535 1627 569 sunt:
1682 543 1758 579 ego
1790 530 1836 568 de
1866 531 1913 568 iis

252 598 486 637 editionibus
525 596 680 648 loquor,
722 611 816 650 quas
856 599 940 649 ipse
981 598 1060 637 vidi
1102 601 1216 650 atque
1257 598 1412 637 contuli.
1483 599 1560 637 Eas
1591 599 1781 637 lectiones
1813 599 1910 650 quod

252 679 336 705 raro
369 678 643 714 commemoro,
688 679 734 705 ne
775 667 860 719 quis
892 671 1032 706 temere
1064 666 1267 715 neglectas
1300 680 1321 705 a
1352 679 1409 705 me
1441 680 1530 705 esse
1561 668 1778 716 existimet,
1811 667 1911 705 scito

250 735 446 773 maximam
478 736 622 784 partem
653 735 874 786 desumptas
906 748 994 774 esse
1025 748 1075 773 ex
1108 735 1279 774 editione
1313 735 1402 774 Aldi
1435 739 1499 774 aut
1524 736 1753 774 'l'aurinensi
1791 739 1910 774 1518.

250 803 377 842 aliave
408 803 574 841 eiusdem
606 803 754 854 stirpis.
815 804 940 856 Quare
971 817 1079 855 quum
1118 804 1209 843 Aldi
1244 805 1499 857 editionisque
1530 805 1780 843 Taurinensis
1812 805 1910 842 scri-

251 875 395 922 pturam
428 871 637 920 diligenter
668 875 887 922 excerptam
920 872 1143 917 exhibeam,
1191 872 1279 911 nihil
1324 874 1531 923 attinebat,
1576 873 1738 911 eamdem
1779 873 1911 911 iterum

249 940 470 978 adscribere
502 953 552 977 ex
582 941 754 989 margine
786 941 988 979 editionum
1021 941 1187 980 istarum.
1250 941 1356 993 Quod
1391 942 1435 979 ad
1484 955 1522 979 v.
1562 943 1653 979 144.
1695 943 1911 979 annotatum

251 1008 412 1056 legitur,
445 1008 522 1046 alii
550 1014 622 1046 tua
653 1015 779 1047 tecum
809 1015 894 1058 est,
929 1012 989 1047 est
1022 1021 1071 1046 ex
1104 1009 1381 1057 Ascensianis,
1414 1009 1480 1047 sed
1513 1012 1717 1059 corrupte:
1761 1021 1840 1046 nam
1874 1009 1911 1046 in

250 1077 525 1125 Ascensianis‚
567 1079 605 1115 ut
636 1079 790 1115 metrum
822 1076 1068 1127 postulabat,
1101 1083 1174 1115 tem
1205 1084 1268 1117 est
1299 1085 1438 1117 teemn.
1500 1076 1702 1117 Caeterum
1734 1077 1912 1127 suspicor

250 1143 346 1182 banc
376 1145 564 1183 variarum
598 1144 798 1183 lectionum
839 1145 1067 1193 farraginem
1108 1145 1239 1184 deberi
1286 1146 1327 1184 L.
1365 1147 1414 1184 A.
1447 1146 1603 1194 Iuntae,
1645 1148 1683 1185 et
1720 1159 1770 1185 ex
1803 1145 1911 1183 buius

250 1213 419 1252 editione
450 1225 518 1262 ea,
552 1226 648 1265 quae
681 1213 842 1263 prodiit,
882 1215 981 1252 teste
1015 1212 1190 1263 {leynio‚
1232 1214 1409 1255 Venetiis
1441 1227 1476 1253 a.
1516 1217 1634 1254 1519.
1683 1215 1910 1254 transfusam

251 1293 341 1319 esse
374 1282 410 1320 in
443 1281 540 1320 alias
581 1282 783 1321 editiones.

335 1418 536 1457 Aldina
568 1418 628 1457 II.
663 1422 703 1457 8.
764 1416 918 1456 Titulus
950 1417 1044 1455 idem
1077 1418 1140 1469 qui
1173 1418 1208 1455 in
1244 1417 1387 1456 Aldina
1418 1417 1449 1457 1.
1481 1418 1550 1457 sed
1591 1418 1776 1457 adiectum
1817 1420 1908 1457 est:

250 1486 365 1542 Quae
397 1485 538 1525 Omnia
570 1487 715 1540 ZVuper
747 1487 1000 1537 Diligsentins
1033 1487 1137 1525 szt
1169 1487 1411 1526 Emendate.
1483 1487 1523 1525 In
1558 1487 1655 1525 line:
1704 1486 1908 1535 Veneliis‚

252 1554 297 1593 In
334 1555 518 1594 Aedibus
560 1556 791 1594 Ilaereclum
830 1555 954 1603 Aldi,
994 1556 1051 1593 Et
1090 1555 1284 1594 Andreae
1323 1557 1493 1603 Soceri,
1536 1555 1688 1595 Mense
1718 1555 1908 1603 Martio,

250 1626 630 1660 M.D.XXX1111.
693 1622 947 1662 Consentiunt
990 1622 1131 1661 Aldina
1172 1623 1202 1661 Ι.
1237 1626 1275 1662 et
1306 1623 1356 1661 ΙΙ.
1404 1623 1577 1662 soliorum
1619 1636 1791 1673 numero,
1839 1625 1909 1662 nisi

249 1689 347 1740 quod
380 1689 520 1728 absunt
550 1690 598 1727 ab
632 1689 774 1728 Aldina
807 1689 855 1728 ΙΙ.
889 1703 984 1742 (piae
1017 1692 1052 1729 in
1085 1692 1157 1730 line
1192 1691 1355 1729 Aldinae
1387 1691 1417 1729 I.
1461 1691 1664 1739 leguntur,
1710 1692 1911 1730 admonitio

249 1758 295 1795 de
326 1758 455 1808 Priap.
490 1773 649 1796 Lxxvu.
685 1757 773 1805 (ed.
809 1760 960 1808 Burni.)
1011 1772 1125 1798 versu
1162 1763 1226 1796 15.
1261 1762 1299 1797 et
1332 1759 1547 1798 Erratornm
1580 1759 1708 1797 index.
1771 1759 1911 1798 Verum

247 1830 370 1864 autem
401 1838 513 1873 esse,
548 1826 645 1877 quod
681 1826 812 1867 titulus
846 1826 1013 1865 Aldinae
1044 1827 1094 1864 ΙΙ.
1137 1827 1355 1876 praedicat,
1388 1827 1656 1877 comprobatur
1687 1827 1813 1875 Diris,
1848 1828 1911 1866 ubi

249 1907 286 1932 v.
322 1897 388 1932 67.
421 1895 594 1946 limphas
629 1894 766 1932 Ald.l.
800 1895 987 1947 lymphas
1023 1895 1111 1934 Ald.
1146 1894 1195 1932 ΙΙ.
1257 1898 1406 1933 ν.105.
1443 1899 1479 1933 6.
1509 1895 1674 1947 puella,
1707 1895 1763 1934 Et
1796 1896 1910 1936 uobis

246 1964 373 2001 tacite
405 1962 496 2000 Ald.
518 1961 549 2000 Ι.
577 1963 721 2014 puella
753 1963 835 2001 Est
868 1963 1005 2002 uobis:
1038 1966 1163 2003 tacite
1180 1963 1272 2002 Ald.
1296 1962 1347 2001 ll.
1409 1977 1448 2002 v.
1484 1966 1577 2002 145.
1610 1966 1756 2003 misere
1772 1964 1909 2003 Aldl.

245 2033 436 2069 miserere
456 2030 546 2069 Ald.
567 2030 615 2069 ΙΙ.
649 2033 688 2069 ut
719 2033 862 2070 taceam
896 2031 955 2070 bic
988 2031 1065 2070 illic
1099 2035 1272 2070 mutatam
1294 2043 1383 2070 esse
1407 2031 1760 2082 interpunctionem.
1809 2032 1910 2071 Gra-

249 2100 332 2137 vior
364 2099 623 2149 discrepantia
655 2100 821 2138 cernitur
854 2099 911 2137 bis
944 2099 1071 2138 loeis:
1105 2113 1144 2138 v.
1185 2103 1246 2138 13.
1281 2103 1349 2138 31.
1378 2105 1445 2139 82.
1466 2103 1532 2138 94.
1594 2098 1756 2137 Videtur
1786 2103 1910 2138 autem

246 2167 479 2215 editoribus,
511 2167 572 2218 qui
604 2168 777 2217 proxime
809 2170 899 2218 post
918 2168 1084 2206 Aldinas
1116 2170 1412 2216 successerunt,
1434 2167 1576 2206 Aldina
1597 2166 1628 2205 Ι.
1661 2168 1783 2215 inagis
1804 2180 1911 2219 quam

247 2234 343 2272 haec
381 2234 524 2272 Aldina
557 2234 605 2272 11.
647 2236 882 2274 innotuisse:
927 2237 985 2274 sie
1025 2235 1258 2286 praeclarum
1303 2236 1391 2274 illud
1432 2235 1596 2274 Aldinae
1628 2235 1677 2273 ll.
1719 2236 1910 2274 inventum

248 2302 330 2340 Dir.
363 2305 433 2341 82.
461 2309 714 2356 praetorum,
748 2303 809 2340 diu
843 2302 966 2342 latuit.
1027 2303 1204 2342 Noverat
1236 2303 1400 2342 Aldinas
1440 2303 1490 2342 N.
1523 2303 1729 2352 HeinsiuS,
1774 2303 1910 2343 saltem

248 2370 470 2421 secundam,
511 2374 550 2410 et
582 2383 673 2409 usus
706 2373 766 2409 est
798 2373 955 2422 utraque
986 2371 1237 2410 Burmannus.

335 2507 501 2546 Basil.
539 2508 661 2545 1543.
695 2511 732 2545 8.
797 2506 936 2545 Publii
974 2506 1146 2558 Vergyilii
1180 2507 1373 2548 Maronis
1421 2507 1583 2561 Opera,
1616 2507 1788 2548 Duobus
1826 2508 1908 2547 Το-

247 2578 322 2613 mis
354 2575 597 2622 Distinela,
631 2575 687 2613 Et
715 2575 1042 2614 Aeeta-citissime
1077 2576 1175 2615 Cum
1207 2578 1448 2616 accessione
1476 2577 1588 2616 haud
1615 2589 1751 2629 parua
1783 2589 1908 2615 exea-

248 2656 322 2690 sa,
356 2643 579 2690 Basileae,
625 2643 750 2694 Apud
780 2643 1001 2682 lVieolaam
1032 2644 1221 2696 Bryliny.
1254 2645 1371 2684 Anno
1403 2650 1462 2682 M.
1489 2649 1536 2681 D.
1566 2649 1717 2681 XLIII.
1779 2643 1908 2694 Opera

248 2712 387 2748 maiora
419 2723 499 2749 cum
545 2710 703 2749 scholiis
740 2713 854 2762 atque
894 2713 1222 2758 annotationssms,
1267 2714 1400 2763 partim
1450 2713 1484 2750 in
1525 2713 1694 2760 margine
1742 2711 1905 2762 positis.

248 2779 382 2828 partim
416 2782 587 2817 extremo
618 2778 714 2816 libro
747 2777 928 2827 adiectis,
970 2778 1072 2818 Phil.
1104 2780 1438 2829 M‹›1ancl1t110=ns‚
1484 2779 1709 2829 Cbristopb.
1742 2780 1904 2827 Hegea-

249 2846 445 2897 dorpbini,
480 2846 616 2897 Stepb.
649 2845 797 2892 Doleti,
830 2846 880 2884 al.
943 2847 1094 2896 Culex,
1143 2852 1181 2887 ut
1221 2848 1365 2887 diserte
1405 2851 1596 2897 monetur,
1634 2861 1686 2886 ex
1715 2849 1905 2897 σιω-εἰρα-

249 2917 354 2953 tione
383 2915 500 2955 Petri·
532 2915 670 2954 Bembi
700 2917 780 2954 uiri
809 2916 970 2955 eruditi.
1038 2916 1185 2967 Nempe
1217 2918 1410 2967 prodierat
1449 2928 1484 2954 a.
1529 2918 1651 2955 1530.
1693 2915 1738 2953 Ρ.
1772 2915 1906 2953 Bembi

249 2981 364 3020 Liber
394 2984 442 3022 de
473 2981 619 3023 Culiee.
679 2983 798 3023 Dirae
828 2984 945 3024 mixta
975 2985 1185 3036 scriptura,
1217 2986 1351 3035 partim
1382 2997 1432 3024 ex
1463 2984 1651 3034 vulgata,
1684 2984 1819 3034 partim
1853 2996 1905 3023 ex
