<?xml version="1.0" encoding="UTF-8"?>
<!DOCTYPE html PUBLIC "-//W3C//DTD XHTML 1.0 Transitional//EN"
    "http://www.w3.org/TR/xhtml1/DTD/xhtml1-transitional.dtd">
<html xmlns="http://www.w3.org/1999/xhtml" xml:lang="en" lang="en">
 <head>
  <title>
</title>
<meta http-equiv="Content-Type" content="text/html;charset=utf-8" />
  <meta name='ocr-system' content='tesseract 3.04.00' />
  <meta name='ocr-capabilities' content='ocr_page ocr_carea ocr_par ocr_line ocrx_word'/>
</head>
<body>
  <div class='ocr_page' id='page_1' title='image "./carmina00catouoft_0229.png"; bbox 0 0 2006 3365; ppageno 0'>
   <div class='ocr_carea' id='block_1_1' title="bbox 480 160 1747 213">
    <p class='ocr_par' dir='ltr' id='par_1_1' title="bbox 480 160 1747 213">
     <span class='ocr_line' id='line_1_1' title="bbox 480 160 1747 213; baseline 0.01 -13"><span class='ocrx_word' id='word_1_1' title='bbox 480 160 536 200; x_wconf 88' lang='lat' dir='ltr'><strong>IN</strong></span> <span class='ocrx_word' id='word_1_2' title='bbox 566 161 785 203; x_wconf 81' lang='lat' dir='ltr'><strong>VALERII</strong></span> <span class='ocrx_word' id='word_1_3' title='bbox 821 160 1058 203; x_wconf 87' lang='lat' dir='ltr'>CATONIS</span> <span class='ocrx_word' id='word_1_4' title='bbox 1089 161 1362 203; x_wconf 84' lang='lat' dir='ltr'><strong>ECLOGAM.</strong></span> <span class='ocrx_word' id='word_1_5' title='bbox 1646 168 1747 213; x_wconf 74' lang='lat'><strong>207</strong></span> 
     </span>
    </p>
   </div>
   <div class='ocr_carea' id='block_1_2' title="bbox 97 274 1746 1700">
    <p class='ocr_par' dir='ltr' id='par_1_2' title="bbox 97 274 1746 1700">
     <span class='ocr_line' id='line_1_2' title="bbox 109 274 1746 327; baseline 0.003 -14"><span class='ocrx_word' id='word_1_6' title='bbox 109 274 229 314; x_wconf 87' lang='lat' dir='ltr'><strong>haheo</strong></span> <span class='ocrx_word' id='word_1_7' title='bbox 261 274 453 314; x_wconf 91' lang='lat' dir='ltr'><strong>neminem.</strong></span> <span class='ocrx_word' id='word_1_8' title='bbox 545 277 688 316; x_wconf 78' lang='lat' dir='ltr'><strong>Deinde</strong></span> <span class='ocrx_word' id='word_1_9' title='bbox 726 276 930 318; x_wconf 75' lang='lat' dir='ltr'><em>Vulcanus</em></span> <span class='ocrx_word' id='word_1_10' title='bbox 962 278 1096 327; x_wconf 84' lang='lat' dir='ltr'><strong>vulgo.</strong></span> <span class='ocrx_word' id='word_1_11' title='bbox 1173 278 1375 318; x_wconf 80' lang='lat' dir='ltr'><em>Volcanus</em></span> <span class='ocrx_word' id='word_1_12' title='bbox 1409 290 1542 324; x_wconf 84' lang='grc'>00100,</span> <span class='ocrx_word' id='word_1_13' title='bbox 1574 289 1625 317; x_wconf 81' lang='lat' dir='ltr'><strong>ex</strong></span> <span class='ocrx_word' id='word_1_14' title='bbox 1654 279 1746 318; x_wconf 88' lang='lat' dir='ltr'><strong>meis</strong></span> 
     </span>
     <span class='ocr_line' id='line_1_3' title="bbox 108 343 1744 397; baseline 0.003 -16"><span class='ocrx_word' id='word_1_15' title='bbox 108 343 271 397; x_wconf 85' lang='lat' dir='ltr'><strong>quidem,</strong></span> <span class='ocrx_word' id='word_1_16' title='bbox 313 347 399 383; x_wconf 84' lang='lat' dir='ltr'><strong>ante</strong></span> <span class='ocrx_word' id='word_1_17' title='bbox 438 343 732 395; x_wconf 82' lang='lat' dir='ltr'><strong>ScaligeranaS,</strong></span> <span class='ocrx_word' id='word_1_18' title='bbox 775 349 813 385; x_wconf 93' lang='lat' dir='ltr'><strong>et</strong></span> <span class='ocrx_word' id='word_1_19' title='bbox 843 347 1086 385; x_wconf 74' lang='lat' dir='ltr'><strong>recentiores.</strong></span> <span class='ocrx_word' id='word_1_20' title='bbox 1161 346 1210 384; x_wconf 88' lang='lat' dir='ltr'><strong>V.</strong></span> <span class='ocrx_word' id='word_1_21' title='bbox 1246 350 1310 385; x_wconf 70' lang='lat'><strong>71.</strong></span> <span class='ocrx_word' id='word_1_22' title='bbox 1343 344 1533 395; x_wconf 71' lang='lat' dir='ltr'><strong>Scaliger-i</strong></span> <span class='ocrx_word' id='word_1_23' title='bbox 1565 347 1744 386; x_wconf 87' lang='lat' dir='ltr'><strong>emenda-</strong></span> 
     </span>
     <span class='ocr_line' id='line_1_4' title="bbox 108 413 1742 463; baseline 0.001 -12"><span class='ocrx_word' id='word_1_24' title='bbox 108 415 242 452; x_wconf 80' lang='lat' dir='ltr'><strong>tionem</strong></span> <span class='ocrx_word' id='word_1_25' title='bbox 273 415 498 463; x_wconf 87' lang='lat' dir='ltr'><strong>receperunt</strong></span> <span class='ocrx_word' id='word_1_26' title='bbox 530 413 746 461; x_wconf 87' lang='lat' dir='ltr'><strong>Arnoldus,</strong></span> <span class='ocrx_word' id='word_1_27' title='bbox 789 414 1094 461; x_wconf 82' lang='lat' dir='ltr'><strong>Wernsdorlius,</strong></span> <span class='ocrx_word' id='word_1_28' title='bbox 1126 414 1345 452; x_wconf 88' lang='lat' dir='ltr'><strong>Putschius.</strong></span> <span class='ocrx_word' id='word_1_29' title='bbox 1408 415 1560 453; x_wconf 84' lang='lat' dir='ltr'><strong>Caeteri</strong></span> <span class='ocrx_word' id='word_1_30' title='bbox 1593 427 1742 454; x_wconf 87' lang='lat' dir='ltr'><strong>omncs:</strong></span> 
     </span>
     <span class='ocr_line' id='line_1_5' title="bbox 111 481 1743 535; baseline 0.001 -14"><span class='ocrx_word' id='word_1_31' title='bbox 111 482 239 521; x_wconf 80' lang='lat' dir='ltr'><strong>Tristi</strong></span> <span class='ocrx_word' id='word_1_32' title='bbox 269 482 538 535; x_wconf 80' lang='lat' dir='ltr'><strong>turpabatquc</strong></span> <span class='ocrx_word' id='word_1_33' title='bbox 578 482 870 535; x_wconf 79' lang='lat' dir='ltr'><strong>(turbabatque</strong></span> <span class='ocrx_word' id='word_1_34' title='bbox 907 483 1030 520; x_wconf 85' lang='lat' dir='ltr'><strong>Paris.</strong></span> <span class='ocrx_word' id='word_1_35' title='bbox 1068 481 1137 521; x_wconf 94' lang='lat' dir='ltr'><strong>IV.</strong></span> <span class='ocrx_word' id='word_1_36' title='bbox 1181 481 1334 520; x_wconf 83' lang='lat' dir='ltr'><strong>Monac.</strong></span> <span class='ocrx_word' id='word_1_37' title='bbox 1376 481 1406 520; x_wconf 90' lang='grc' dir='ltr'><strong>Ι.</strong></span> <span class='ocrx_word' id='word_1_38' title='bbox 1439 481 1488 521; x_wconf 92' lang='grc' dir='ltr'><strong>ΙΙ.</strong></span> <span class='ocrx_word' id='word_1_39' title='bbox 1522 481 1679 522; x_wconf 86' lang='lat' dir='ltr'><strong>Vratisl.</strong></span> <span class='ocrx_word' id='word_1_40' title='bbox 1711 482 1743 522; x_wconf 92' lang='lat' dir='ltr'><strong>I.</strong></span> 
     </span>
     <span class='ocr_line' id='line_1_6' title="bbox 105 549 1742 601; baseline 0.001 -13"><span class='ocrx_word' id='word_1_41' title='bbox 105 549 204 589; x_wconf 86' lang='lat' dir='ltr'><strong>Ven.</strong></span> <span class='ocrx_word' id='word_1_42' title='bbox 236 549 376 589; x_wconf 86' lang='lat' dir='ltr'><strong>Achat.</strong></span> <span class='ocrx_word' id='word_1_43' title='bbox 410 549 506 589; x_wconf 86' lang='lat' dir='ltr'><strong>Ven.</strong></span> <span class='ocrx_word' id='word_1_44' title='bbox 542 552 689 600; x_wconf 75' lang='lat'><strong>1⁴88.)</strong></span> <span class='ocrx_word' id='word_1_45' title='bbox 730 552 839 589; x_wconf 82' lang='lat' dir='ltr'><strong>mala</strong></span> <span class='ocrx_word' id='word_1_46' title='bbox 882 550 1056 601; x_wconf 73' lang='lat' dir='ltr'><strong>fuliye&#39;ne</strong></span> <span class='ocrx_word' id='word_1_47' title='bbox 1097 549 1271 588; x_wconf 78' lang='lat' dir='ltr'><strong><em>barbam.</em></strong></span> <span class='ocrx_word' id='word_1_48' title='bbox 1347 550 1552 589; x_wconf 83' lang='lat' dir='ltr'><strong>Thuaneus</strong></span> <span class='ocrx_word' id='word_1_49' title='bbox 1584 554 1742 601; x_wconf 89' lang='lat' dir='ltr'><strong>tantum,</strong></span> 
     </span>
     <span class='ocr_line' id='line_1_7' title="bbox 107 617 1743 669; baseline 0.002 -13"><span class='ocrx_word' id='word_1_50' title='bbox 107 621 144 657; x_wconf 87' lang='lat' dir='ltr'><strong>et</strong></span> <span class='ocrx_word' id='word_1_51' title='bbox 176 617 519 667; x_wconf 83' lang='lat' dir='ltr'><strong>Helmstadiensis,</strong></span> <span class='ocrx_word' id='word_1_52' title='bbox 552 619 597 657; x_wconf 84' lang='lat' dir='ltr'><strong>de</strong></span> <span class='ocrx_word' id='word_1_53' title='bbox 629 632 720 657; x_wconf 84' lang='lat' dir='ltr'><strong>vera</strong></span> <span class='ocrx_word' id='word_1_54' title='bbox 750 619 938 668; x_wconf 84' lang='lat' dir='ltr'><strong>scriptura</strong></span> <span class='ocrx_word' id='word_1_55' title='bbox 969 618 1234 669; x_wconf 76' lang='lat' dir='ltr'><strong>aliquantillum</strong></span> <span class='ocrx_word' id='word_1_56' title='bbox 1267 623 1620 658; x_wconf 84' lang='lat' dir='ltr'><strong>conservaverunt:</strong></span> <span class='ocrx_word' id='word_1_57' title='bbox 1662 633 1743 659; x_wconf 89' lang='lat' dir='ltr'><strong>nam</strong></span> 
     </span>
     <span class='ocr_line' id='line_1_8' title="bbox 103 685 1744 740; baseline 0.002 -15"><span class='ocrx_word' id='word_1_58' title='bbox 103 688 139 725; x_wconf 89' lang='lat' dir='ltr'><strong>in</strong></span> <span class='ocrx_word' id='word_1_59' title='bbox 171 686 331 725; x_wconf 87' lang='lat' dir='ltr'><strong>Helmst.</strong></span> <span class='ocrx_word' id='word_1_60' title='bbox 362 688 554 740; x_wconf 76' lang='lat' dir='ltr'><strong>turpabat</strong></span> <span class='ocrx_word' id='word_1_61' title='bbox 584 688 704 726; x_wconf 82' lang='lat' dir='ltr'><strong>mala.</strong></span> <span class='ocrx_word' id='word_1_62' title='bbox 748 690 786 725; x_wconf 85' lang='lat' dir='ltr'><strong>et</strong></span> <span class='ocrx_word' id='word_1_63' title='bbox 828 686 972 725; x_wconf 83' lang='lat' dir='ltr'><strong>malum</strong></span> <span class='ocrx_word' id='word_1_64' title='bbox 1003 687 1038 723; x_wconf 91' lang='lat' dir='ltr'><strong>in</strong></span> <span class='ocrx_word' id='word_1_65' title='bbox 1070 685 1279 734; x_wconf 86' lang='lat' dir='ltr'><strong>Thuaneo,</strong></span> <span class='ocrx_word' id='word_1_66' title='bbox 1320 686 1416 724; x_wconf 81' lang='lat' dir='ltr'><strong>uude</strong></span> <span class='ocrx_word' id='word_1_67' title='bbox 1448 689 1571 736; x_wconf 77' lang='lat' dir='ltr'>possit</span> <span class='ocrx_word' id='word_1_68' title='bbox 1600 689 1744 728; x_wconf 83' lang='lat' dir='ltr'><strong>malam</strong></span> 
     </span>
     <span class='ocr_line' id='line_1_9' title="bbox 103 754 1745 808; baseline 0.002 -15"><span class='ocrx_word' id='word_1_69' title='bbox 103 757 219 794; x_wconf 82' lang='lat' dir='ltr'><strong>scribi</strong></span> <span class='ocrx_word' id='word_1_70' title='bbox 250 769 318 806; x_wconf 86' lang='lat' dir='ltr'><strong>pro</strong></span> <span class='ocrx_word' id='word_1_71' title='bbox 351 769 418 805; x_wconf 83' lang='lat' dir='ltr'><strong>cO,</strong></span> <span class='ocrx_word' id='word_1_72' title='bbox 452 757 548 808; x_wconf 89' lang='lat' dir='ltr'><strong>quod</strong></span> <span class='ocrx_word' id='word_1_73' title='bbox 582 756 782 804; x_wconf 79' lang='lat' dir='ltr'><strong>Scaligero</strong></span> <span class='ocrx_word' id='word_1_74' title='bbox 813 754 974 805; x_wconf 76' lang='lat' dir='ltr'><strong>placuit,</strong></span> <span class='ocrx_word' id='word_1_75' title='bbox 1006 755 1152 794; x_wconf 81' lang='lat' dir='ltr'><strong>malas.</strong></span> <span class='ocrx_word' id='word_1_76' title='bbox 1237 756 1443 806; x_wconf 70' lang='lat' dir='ltr'><strong>ferruyine</strong></span> <span class='ocrx_word' id='word_1_77' title='bbox 1473 767 1541 805; x_wconf 86' lang='lat' dir='ltr'><strong>pro</strong></span> <span class='ocrx_word' id='word_1_78' title='bbox 1570 757 1745 808; x_wconf 71' lang='lat' dir='ltr'><strong>fuliyine</strong></span> 
     </span>
     <span class='ocr_line' id='line_1_10' title="bbox 102 822 1743 877; baseline 0.002 -16"><span class='ocrx_word' id='word_1_79' title='bbox 102 824 248 864; x_wconf 84' lang='lat' dir='ltr'><strong>Medic.</strong></span> <span class='ocrx_word' id='word_1_80' title='bbox 279 837 341 875; x_wconf 87' lang='lat' dir='ltr'><strong>ap.</strong></span> <span class='ocrx_word' id='word_1_81' title='bbox 374 826 498 864; x_wconf 78' lang='lat' dir='ltr'><strong>Burin.</strong></span> <span class='ocrx_word' id='word_1_82' title='bbox 559 828 596 864; x_wconf 90' lang='lat' dir='ltr'><strong>et</strong></span> <span class='ocrx_word' id='word_1_83' title='bbox 624 825 756 877; x_wconf 68' lang='lat' dir='ltr'><strong>fuyae&#39;te</strong></span> <span class='ocrx_word' id='word_1_84' title='bbox 788 824 908 862; x_wconf 88' lang='lat' dir='ltr'><strong>Paris.</strong></span> <span class='ocrx_word' id='word_1_85' title='bbox 941 822 1012 862; x_wconf 92' lang='grc' dir='ltr'><strong>ΙΙΙ.</strong></span> <span class='ocrx_word' id='word_1_86' title='bbox 1091 822 1252 861; x_wconf 81' lang='lat' dir='ltr'><strong>Fuerunt</strong></span> <span class='ocrx_word' id='word_1_87' title='bbox 1283 824 1344 875; x_wconf 89' lang='lat' dir='ltr'><strong>qui</strong></span> <span class='ocrx_word' id='word_1_88' title='bbox 1367 827 1542 874; x_wconf 88' lang='lat' dir='ltr'><strong>corrupto</strong></span> <span class='ocrx_word' id='word_1_89' title='bbox 1571 824 1654 863; x_wconf 91' lang='lat' dir='ltr'><strong>loco</strong></span> <span class='ocrx_word' id='word_1_90' title='bbox 1672 837 1743 864; x_wconf 86' lang='lat' dir='ltr'><strong>ne-</strong></span> 
     </span>
     <span class='ocr_line' id='line_1_11' title="bbox 102 891 1742 946; baseline 0 -15"><span class='ocrx_word' id='word_1_91' title='bbox 102 893 184 932; x_wconf 90' lang='lat' dir='ltr'><strong>scio</strong></span> <span class='ocrx_word' id='word_1_92' title='bbox 217 894 399 946; x_wconf 87' lang='lat' dir='ltr'><strong>quomodo</strong></span> <span class='ocrx_word' id='word_1_93' title='bbox 431 905 651 932; x_wconf 75' lang='lat' dir='ltr'><strong>succurrere</strong></span> <span class='ocrx_word' id='word_1_94' title='bbox 683 891 986 942; x_wconf 80' lang='lat' dir='ltr'><strong>interpungendo</strong></span> <span class='ocrx_word' id='word_1_95' title='bbox 1018 891 1183 940; x_wconf 87' lang='lat' dir='ltr'><strong>vellent,</strong></span> <span class='ocrx_word' id='word_1_96' title='bbox 1217 891 1324 940; x_wconf 93' lang='grc'>0010,</span> <span class='ocrx_word' id='word_1_97' title='bbox 1356 891 1418 930; x_wconf 80' lang='lat' dir='ltr'><strong>vel</strong></span> <span class='ocrx_word' id='word_1_98' title='bbox 1452 896 1649 942; x_wconf 85' lang='lat' dir='ltr'><strong>commate,</strong></span> <span class='ocrx_word' id='word_1_99' title='bbox 1683 893 1742 931; x_wconf 93' lang='lat' dir='ltr'><strong>in-</strong></span> 
     </span>
     <span class='ocr_line' id='line_1_12' title="bbox 101 960 1743 1014; baseline 0.001 -15"><span class='ocrx_word' id='word_1_100' title='bbox 101 964 226 1011; x_wconf 91' lang='lat' dir='ltr'><strong>serto,</strong></span> <span class='ocrx_word' id='word_1_101' title='bbox 267 963 343 1000; x_wconf 86' lang='lat' dir='ltr'><strong>sic:</strong></span> <span class='ocrx_word' id='word_1_102' title='bbox 385 970 421 1001; x_wconf 80' lang='lat' dir='ltr'><strong>et</strong></span> <span class='ocrx_word' id='word_1_103' title='bbox 453 962 516 1001; x_wconf 80' lang='lat' dir='ltr'><strong>itti</strong></span> <span class='ocrx_word' id='word_1_104' title='bbox 552 963 700 1009; x_wconf 78' lang='lat' dir='ltr'><strong>Tristi,</strong></span> <span class='ocrx_word' id='word_1_105' title='bbox 741 960 1014 1014; x_wconf 80' lang='lat' dir='ltr'><strong>turpabatque</strong></span> <span class='ocrx_word' id='word_1_106' title='bbox 1044 964 1118 998; x_wconf 86' lang='grc'>010.</span> <span class='ocrx_word' id='word_1_107' title='bbox 1160 964 1198 998; x_wconf 88' lang='grc'><strong>01</strong></span> <span class='ocrx_word' id='word_1_108' title='bbox 1229 961 1264 998; x_wconf 88' lang='grc'><strong>111</strong></span> <span class='ocrx_word' id='word_1_109' title='bbox 1297 961 1462 1009; x_wconf 80' lang='lat' dir='ltr'><strong>Argent.</strong></span> <span class='ocrx_word' id='word_1_110' title='bbox 1501 963 1619 1000; x_wconf 87' lang='lat'>1502.</span> <span class='ocrx_word' id='word_1_111' title='bbox 1667 960 1743 1000; x_wconf 89' lang='lat' dir='ltr'><strong>Al-</strong></span> 
     </span>
     <span class='ocr_line' id='line_1_13' title="bbox 101 1029 1742 1080; baseline -0.001 -12"><span class='ocrx_word' id='word_1_112' title='bbox 101 1031 221 1079; x_wconf 87' lang='lat' dir='ltr'><strong>dinis,</strong></span> <span class='ocrx_word' id='word_1_113' title='bbox 262 1033 299 1068; x_wconf 84' lang='lat' dir='ltr'><strong>et</strong></span> <span class='ocrx_word' id='word_1_114' title='bbox 336 1034 425 1080; x_wconf 90' lang='lat' dir='ltr'><strong>post</strong></span> <span class='ocrx_word' id='word_1_115' title='bbox 456 1030 617 1069; x_wconf 84' lang='lat' dir='ltr'><strong>Aldinas</strong></span> <span class='ocrx_word' id='word_1_116' title='bbox 648 1029 747 1068; x_wconf 89' lang='lat' dir='ltr'><strong>aliis.</strong></span> <span class='ocrx_word' id='word_1_117' title='bbox 817 1029 916 1067; x_wconf 80' lang='lat' dir='ltr'><strong>Mira</strong></span> <span class='ocrx_word' id='word_1_118' title='bbox 956 1031 1042 1067; x_wconf 89' lang='lat' dir='ltr'><strong>suut</strong></span> <span class='ocrx_word' id='word_1_119' title='bbox 1082 1029 1287 1078; x_wconf 85' lang='lat' dir='ltr'><strong>Pomponio</strong></span> <span class='ocrx_word' id='word_1_120' title='bbox 1327 1032 1528 1078; x_wconf 76' lang='lat' dir='ltr'><strong>annotata,</strong></span> <span class='ocrx_word' id='word_1_121' title='bbox 1571 1032 1609 1068; x_wconf 88' lang='lat' dir='ltr'><strong>ct</strong></span> <span class='ocrx_word' id='word_1_122' title='bbox 1647 1029 1742 1067; x_wconf 84' lang='lat' dir='ltr'><strong>male</strong></span> 
     </span>
     <span class='ocr_line' id='line_1_14' title="bbox 100 1097 1742 1149; baseline -0.001 -12"><span class='ocrx_word' id='word_1_123' title='bbox 100 1102 258 1149; x_wconf 77' lang='lat' dir='ltr'><strong>accepta</strong></span> <span class='ocrx_word' id='word_1_124' title='bbox 289 1098 383 1137; x_wconf 86' lang='lat' dir='ltr'><strong>haud</strong></span> <span class='ocrx_word' id='word_1_125' title='bbox 417 1099 530 1137; x_wconf 88' lang='lat' dir='ltr'><strong>dubie</strong></span> <span class='ocrx_word' id='word_1_126' title='bbox 560 1100 607 1138; x_wconf 86' lang='lat' dir='ltr'><strong>ab</strong></span> <span class='ocrx_word' id='word_1_127' title='bbox 647 1098 838 1137; x_wconf 89' lang='lat' dir='ltr'><strong>auditore:</strong></span> <span class='ocrx_word' id='word_1_128' title='bbox 893 1097 1139 1146; x_wconf 76' lang='lat' dir='ltr'><strong>Vulcanus.)</strong></span> <span class='ocrx_word' id='word_1_129' title='bbox 1182 1098 1246 1136; x_wconf 81' lang='grc' dir='ltr'><strong>11ἱο</strong></span> <span class='ocrx_word' id='word_1_130' title='bbox 1284 1098 1459 1137; x_wconf 79' lang='lat' dir='ltr'><strong>omnibus</strong></span> <span class='ocrx_word' id='word_1_131' title='bbox 1499 1097 1582 1137; x_wconf 73' lang='lat' dir='ltr'><strong>diis</strong></span> <span class='ocrx_word' id='word_1_132' title='bbox 1628 1111 1742 1137; x_wconf 86' lang='lat' dir='ltr'><strong>arma</strong></span> 
     </span>
     <span class='ocr_line' id='line_1_15' title="bbox 97 1167 1740 1220; baseline 0 -14"><span class='ocrx_word' id='word_1_133' title='bbox 97 1167 348 1220; x_wconf 79' lang='lat' dir='ltr'><strong>fabricabat.</strong></span> <span class='ocrx_word' id='word_1_134' title='bbox 408 1169 633 1219; x_wconf 69' lang='lat' dir='ltr'><strong>Futiqsne.)</strong></span> <span class='ocrx_word' id='word_1_135' title='bbox 667 1168 709 1206; x_wconf 75' lang='lat' dir='ltr'><strong>id</strong></span> <span class='ocrx_word' id='word_1_136' title='bbox 739 1174 801 1206; x_wconf 81' lang='lat' dir='ltr'><strong>cst</strong></span> <span class='ocrx_word' id='word_1_137' title='bbox 831 1167 954 1218; x_wconf 74' lang='lat' dir='ltr'><strong>yalea</strong></span> <span class='ocrx_word' id='word_1_138' title='bbox 973 1180 1091 1205; x_wconf 82' lang='lat' dir='ltr'><strong>noua.</strong></span> <span class='ocrx_word' id='word_1_139' title='bbox 1152 1167 1330 1205; x_wconf 81' lang='lat' dir='ltr'><strong>Fortasse</strong></span> <span class='ocrx_word' id='word_1_140' title='bbox 1354 1167 1580 1217; x_wconf 85' lang='lat' dir='ltr'><strong>Pomponius</strong></span> <span class='ocrx_word' id='word_1_141' title='bbox 1602 1168 1654 1206; x_wconf 91' lang='lat' dir='ltr'><strong>ita</strong></span> <span class='ocrx_word' id='word_1_142' title='bbox 1685 1167 1740 1206; x_wconf 87' lang='lat' dir='ltr'><strong>lc-</strong></span> 
     </span>
     <span class='ocr_line' id='line_1_16' title="bbox 99 1235 1739 1288; baseline 0.001 -14"><span class='ocrx_word' id='word_1_143' title='bbox 99 1236 241 1285; x_wconf 82' lang='lat' dir='ltr'><strong>gebat:</strong></span> <span class='ocrx_word' id='word_1_144' title='bbox 274 1244 312 1276; x_wconf 83' lang='lat' dir='ltr'><strong>et</strong></span> <span class='ocrx_word' id='word_1_145' title='bbox 342 1237 403 1277; x_wconf 66' lang='lat' dir='ltr'><strong>itte·</strong></span> <span class='ocrx_word' id='word_1_146' title='bbox 438 1238 566 1276; x_wconf 79' lang='lat' dir='ltr'><strong>Tristi</strong></span> <span class='ocrx_word' id='word_1_147' title='bbox 596 1237 787 1288; x_wconf 76' lang='lat' dir='ltr'><strong>turpabat</strong></span> <span class='ocrx_word' id='word_1_148' title='bbox 816 1236 938 1288; x_wconf 71' lang='lat' dir='ltr'><strong>yabea</strong></span> <span class='ocrx_word' id='word_1_149' title='bbox 968 1236 1141 1287; x_wconf 68' lang='lat' dir='ltr'><strong>fuliyine</strong></span> <span class='ocrx_word' id='word_1_150' title='bbox 1172 1235 1348 1274; x_wconf 80' lang='lat' dir='ltr'><strong>barbam.</strong></span> <span class='ocrx_word' id='word_1_151' title='bbox 1389 1236 1451 1274; x_wconf 80' lang='lat' dir='ltr'><strong>illi</strong></span> <span class='ocrx_word' id='word_1_152' title='bbox 1482 1235 1565 1275; x_wconf 84' lang='lat' dir='ltr'><strong>scil.</strong></span> <span class='ocrx_word' id='word_1_153' title='bbox 1612 1237 1739 1276; x_wconf 85' lang='lat' dir='ltr'><strong>Marti.</strong></span> 
     </span>
     <span class='ocr_line' id='line_1_17' title="bbox 100 1304 1739 1358; baseline 0.001 -15"><span class='ocrx_word' id='word_1_154' title='bbox 100 1304 285 1344; x_wconf 75' lang='lat' dir='ltr'><strong>Domitius</strong></span> <span class='ocrx_word' id='word_1_155' title='bbox 316 1319 417 1358; x_wconf 82' lang='lat' dir='ltr'><strong>opus</strong></span> <span class='ocrx_word' id='word_1_156' title='bbox 449 1307 573 1356; x_wconf 82' lang='lat' dir='ltr'><strong>inepte</strong></span> <span class='ocrx_word' id='word_1_157' title='bbox 606 1307 872 1356; x_wconf 81' lang='lat' dir='ltr'><strong>interpretatur</strong></span> <span class='ocrx_word' id='word_1_158' title='bbox 902 1305 1052 1352; x_wconf 77' lang='lat' dir='ltr'><strong>rhetia,</strong></span> <span class='ocrx_word' id='word_1_159' title='bbox 1101 1305 1236 1343; x_wconf 86' lang='lat' dir='ltr'><strong>deinde</strong></span> <span class='ocrx_word' id='word_1_160' title='bbox 1269 1305 1389 1355; x_wconf 82' lang='lat' dir='ltr'><strong>iungit</strong></span> <span class='ocrx_word' id='word_1_161' title='bbox 1420 1305 1482 1343; x_wconf 82' lang='lat' dir='ltr'><strong>itti</strong></span> <span class='ocrx_word' id='word_1_162' title='bbox 1511 1307 1624 1344; x_wconf 77' lang='lat' dir='ltr'><strong>tristi</strong></span> <span class='ocrx_word' id='word_1_163' title='bbox 1653 1305 1739 1345; x_wconf 85' lang='lat' dir='ltr'><strong>scil.</strong></span> 
     </span>
     <span class='ocr_line' id='line_1_18' title="bbox 99 1373 1739 1428; baseline 0.001 -16"><span class='ocrx_word' id='word_1_164' title='bbox 99 1373 285 1413; x_wconf 83' lang='lat' dir='ltr'><strong>Vulcano.</strong></span> <span class='ocrx_word' id='word_1_165' title='bbox 345 1374 562 1413; x_wconf 88' lang='lat' dir='ltr'><strong>Gronovius</strong></span> <span class='ocrx_word' id='word_1_166' title='bbox 594 1387 654 1425; x_wconf 88' lang='lat' dir='ltr'><strong>ap.</strong></span> <span class='ocrx_word' id='word_1_167' title='bbox 696 1374 926 1412; x_wconf 85' lang='lat' dir='ltr'><strong>Arnoldum:</strong></span> <span class='ocrx_word' id='word_1_168' title='bbox 968 1380 1006 1412; x_wconf 85' lang='lat' dir='ltr'><strong>et</strong></span> <span class='ocrx_word' id='word_1_169' title='bbox 1044 1373 1127 1413; x_wconf 69' lang='lat' dir='ltr'><strong>iltis</strong></span> <span class='ocrx_word' id='word_1_170' title='bbox 1172 1374 1352 1421; x_wconf 75' lang='lat' dir='ltr'><strong>Tristis,</strong></span> <span class='ocrx_word' id='word_1_171' title='bbox 1395 1374 1669 1428; x_wconf 82' lang='lat' dir='ltr'><strong>turpabatque</strong></span> <span class='ocrx_word' id='word_1_172' title='bbox 1699 1377 1739 1414; x_wconf 86' lang='lat' dir='ltr'><strong>ut</strong></span> 
     </span>
     <span class='ocr_line' id='line_1_19' title="bbox 99 1442 1738 1493; baseline 0.001 -13"><span class='ocrx_word' id='word_1_173' title='bbox 99 1442 333 1491; x_wconf 83' lang='lat' dir='ltr'><strong>intelligatur</strong></span> <span class='ocrx_word' id='word_1_174' title='bbox 356 1442 571 1493; x_wconf 85' lang='lat' dir='ltr'><strong>Vulcanus,</strong></span> <span class='ocrx_word' id='word_1_175' title='bbox 604 1443 719 1482; x_wconf 80' lang='lat' dir='ltr'><strong>Marti</strong></span> <span class='ocrx_word' id='word_1_176' title='bbox 752 1455 795 1481; x_wconf 86' lang='lat' dir='ltr'><strong>ac</strong></span> <span class='ocrx_word' id='word_1_177' title='bbox 827 1443 969 1482; x_wconf 81' lang='lat' dir='ltr'><strong>Veneri</strong></span> <span class='ocrx_word' id='word_1_178' title='bbox 1002 1442 1134 1481; x_wconf 81' lang='lat' dir='ltr'><strong>iratus,</strong></span> <span class='ocrx_word' id='word_1_179' title='bbox 1194 1443 1260 1481; x_wconf 90' lang='lat' dir='ltr'><strong>sed</strong></span> <span class='ocrx_word' id='word_1_180' title='bbox 1295 1443 1388 1480; x_wconf 88' lang='lat' dir='ltr'><strong>idem</strong></span> <span class='ocrx_word' id='word_1_181' title='bbox 1419 1455 1491 1480; x_wconf 90' lang='lat' dir='ltr'><strong>non</strong></span> <span class='ocrx_word' id='word_1_182' title='bbox 1524 1455 1738 1493; x_wconf 80' lang='lat' dir='ltr'><strong>repugnare</strong></span> 
     </span>
     <span class='ocr_line' id='line_1_20' title="bbox 99 1510 1738 1563; baseline 0.001 -14"><span class='ocrx_word' id='word_1_183' title='bbox 99 1523 143 1549; x_wconf 88' lang='lat' dir='ltr'><strong>sc</strong></span> <span class='ocrx_word' id='word_1_184' title='bbox 175 1510 376 1560; x_wconf 77' lang='lat' dir='ltr'><strong>Scaligero</strong></span> <span class='ocrx_word' id='word_1_185' title='bbox 408 1512 509 1550; x_wconf 84' lang='lat' dir='ltr'><strong>dic-it.</strong></span> <span class='ocrx_word' id='word_1_186' title='bbox 626 1518 664 1551; x_wconf 85' lang='lat' dir='ltr'><strong>et</strong></span> <span class='ocrx_word' id='word_1_187' title='bbox 701 1512 764 1550; x_wconf 75' lang='lat' dir='ltr'><strong>itti</strong></span> <span class='ocrx_word' id='word_1_188' title='bbox 813 1512 942 1550; x_wconf 77' lang='lat' dir='ltr'><strong>Tristi</strong></span> <span class='ocrx_word' id='word_1_189' title='bbox 985 1511 1191 1563; x_wconf 61' lang='lat' dir='ltr'><strong>puraabat</strong></span> <span class='ocrx_word' id='word_1_190' title='bbox 1230 1511 1363 1550; x_wconf 78' lang='lat' dir='ltr'><strong>malas</strong></span> <span class='ocrx_word' id='word_1_191' title='bbox 1402 1512 1573 1563; x_wconf 72' lang='lat' dir='ltr'><strong>fuliyine</strong></span> <span class='ocrx_word' id='word_1_192' title='bbox 1611 1512 1738 1551; x_wconf 86' lang='lat' dir='ltr'><strong>barba</strong></span> 
     </span>
     <span class='ocr_line' id='line_1_21' title="bbox 99 1579 1736 1633; baseline 0.002 -16"><span class='ocrx_word' id='word_1_193' title='bbox 99 1580 196 1618; x_wconf 89' lang='lat' dir='ltr'><strong>coni.</strong></span> <span class='ocrx_word' id='word_1_194' title='bbox 228 1581 440 1619; x_wconf 87' lang='lat' dir='ltr'><strong>Burmanni.</strong></span> <span class='ocrx_word' id='word_1_195' title='bbox 528 1579 622 1618; x_wconf 83' lang='lat' dir='ltr'><strong>idem</strong></span> <span class='ocrx_word' id='word_1_196' title='bbox 653 1583 776 1619; x_wconf 85' lang='lat' dir='ltr'><strong>monet</strong></span> <span class='ocrx_word' id='word_1_197' title='bbox 807 1593 945 1620; x_wconf 84' lang='lat' dir='ltr'><strong>versus</strong></span> <span class='ocrx_word' id='word_1_198' title='bbox 976 1579 1046 1618; x_wconf 91' lang='lat' dir='ltr'><strong>hos</strong></span> <span class='ocrx_word' id='word_1_199' title='bbox 1078 1584 1259 1633; x_wconf 84' lang='lat' dir='ltr'><strong>tamquam</strong></span> <span class='ocrx_word' id='word_1_200' title='bbox 1292 1593 1341 1619; x_wconf 83' lang='lat' dir='ltr'><strong>ex</strong></span> <span class='ocrx_word' id='word_1_201' title='bbox 1373 1580 1530 1630; x_wconf 82' lang='lat' dir='ltr'><strong>Virgilii</strong></span> <span class='ocrx_word' id='word_1_202' title='bbox 1563 1579 1736 1621; x_wconf 86' lang='lat' dir='ltr'><strong>Carmine</strong></span> 
     </span>
     <span class='ocr_line' id='line_1_22' title="bbox 98 1648 1352 1700; baseline 0.003 -14"><span class='ocrx_word' id='word_1_203' title='bbox 98 1648 135 1686; x_wconf 91' lang='lat' dir='ltr'><strong>iu</strong></span> <span class='ocrx_word' id='word_1_204' title='bbox 167 1649 356 1687; x_wconf 87' lang='lat' dir='ltr'><strong>Battarum</strong></span> <span class='ocrx_word' id='word_1_205' title='bbox 387 1648 511 1687; x_wconf 81' lang='lat' dir='ltr'><strong>all&#39;erri</strong></span> <span class='ocrx_word' id='word_1_206' title='bbox 541 1649 589 1687; x_wconf 86' lang='lat' dir='ltr'><strong>ab</strong></span> <span class='ocrx_word' id='word_1_207' title='bbox 622 1648 760 1687; x_wconf 88' lang='lat' dir='ltr'><strong>Ursino</strong></span> <span class='ocrx_word' id='word_1_208' title='bbox 793 1650 828 1687; x_wconf 92' lang='lat' dir='ltr'><strong>in</strong></span> <span class='ocrx_word' id='word_1_209' title='bbox 861 1649 987 1688; x_wconf 82' lang='lat' dir='ltr'><strong>Famil.</strong></span> <span class='ocrx_word' id='word_1_210' title='bbox 1018 1649 1128 1689; x_wconf 87' lang='lat' dir='ltr'><strong>Rom.</strong></span> <span class='ocrx_word' id='word_1_211' title='bbox 1161 1661 1254 1700; x_wconf 84' lang='lat' dir='ltr'><strong>pag.</strong></span> <span class='ocrx_word' id='word_1_212' title='bbox 1285 1652 1352 1690; x_wconf 73' lang='lat'><strong>34.</strong></span> 
     </span>
    </p>
   </div>
   <div class='ocr_carea' id='block_1_3' title="bbox 96 1785 1738 3079">
    <p class='ocr_par' dir='ltr' id='par_1_3' title="bbox 96 1785 1738 3079">
     <span class='ocr_line' id='line_1_23' title="bbox 182 1785 1735 1835; baseline 0.004 -11"><span class='ocrx_word' id='word_1_213' title='bbox 182 1785 233 1826; x_wconf 87' lang='lat' dir='ltr'><strong>V.</strong></span> <span class='ocrx_word' id='word_1_214' title='bbox 266 1789 331 1826; x_wconf 76' lang='lat'><strong>72.</strong></span> <span class='ocrx_word' id='word_1_215' title='bbox 364 1791 402 1825; x_wconf 89' lang='lat'><strong>3.</strong></span> <span class='ocrx_word' id='word_1_216' title='bbox 436 1785 551 1833; x_wconf 74' lang='lat'><strong>(175.</strong></span> <span class='ocrx_word' id='word_1_217' title='bbox 584 1788 640 1835; x_wconf 84' lang='lat'><strong>6.)</strong></span> <span class='ocrx_word' id='word_1_218' title='bbox 673 1794 772 1828; x_wconf 85' lang='lat' dir='ltr'><strong>NON</strong></span> <span class='ocrx_word' id='word_1_219' title='bbox 805 1795 998 1829; x_wconf 80' lang='lat' dir='ltr'><strong>AURORA</strong></span> <span class='ocrx_word' id='word_1_220' title='bbox 1024 1796 1182 1830; x_wconf 77' lang='lat' dir='ltr'><strong>Novus</strong></span> <span class='ocrx_word' id='word_1_221' title='bbox 1217 1796 1366 1830; x_wconf 85' lang='lat' dir='ltr'><strong>ETIAM</strong></span> <span class='ocrx_word' id='word_1_222' title='bbox 1400 1796 1639 1830; x_wconf 82' lang='lat' dir='ltr'><strong>PLORAVIT</strong></span> <span class='ocrx_word' id='word_1_223' title='bbox 1664 1798 1735 1830; x_wconf 82' lang='lat' dir='ltr'><strong>etc.</strong></span> 
     </span>
     <span class='ocr_line' id='line_1_24' title="bbox 99 1854 1738 1907; baseline 0.002 -14"><span class='ocrx_word' id='word_1_224' title='bbox 99 1854 220 1893; x_wconf 86' lang='lat' dir='ltr'><strong>Miror</strong></span> <span class='ocrx_word' id='word_1_225' title='bbox 251 1855 440 1904; x_wconf 75' lang='lat' dir='ltr'><strong>Silligium</strong></span> <span class='ocrx_word' id='word_1_226' title='bbox 473 1858 511 1894; x_wconf 89' lang='grc'><strong>01</strong></span> <span class='ocrx_word' id='word_1_227' title='bbox 542 1854 777 1906; x_wconf 83' lang='lat' dir='ltr'><strong>Putschium,</strong></span> <span class='ocrx_word' id='word_1_228' title='bbox 809 1857 870 1907; x_wconf 89' lang='lat' dir='ltr'><strong>qui</strong></span> <span class='ocrx_word' id='word_1_229' title='bbox 902 1855 996 1904; x_wconf 90' lang='lat' dir='ltr'><strong>hoc,</strong></span> <span class='ocrx_word' id='word_1_230' title='bbox 1030 1858 1068 1894; x_wconf 92' lang='lat' dir='ltr'><strong>ut</strong></span> <span class='ocrx_word' id='word_1_231' title='bbox 1099 1860 1185 1896; x_wconf 88' lang='lat' dir='ltr'><strong>ante</strong></span> <span class='ocrx_word' id='word_1_232' title='bbox 1218 1857 1392 1896; x_wconf 87' lang='lat' dir='ltr'><strong>voluerat</strong></span> <span class='ocrx_word' id='word_1_233' title='bbox 1415 1857 1620 1907; x_wconf 79' lang='lat' dir='ltr'><strong>Domitius,</strong></span> <span class='ocrx_word' id='word_1_234' title='bbox 1653 1858 1738 1896; x_wconf 87' lang='lat' dir='ltr'><strong>sine</strong></span> 
     </span>
     <span class='ocr_line' id='line_1_25' title="bbox 98 1924 1736 1978; baseline 0.001 -16"><span class='ocrx_word' id='word_1_235' title='bbox 98 1924 395 1973; x_wconf 80' lang='lat' dir='ltr'><strong>interrogatione</strong></span> <span class='ocrx_word' id='word_1_236' title='bbox 426 1924 715 1973; x_wconf 74' lang='lat' dir='ltr'><strong>enunciandam,</strong></span> <span class='ocrx_word' id='word_1_237' title='bbox 759 1928 796 1963; x_wconf 87' lang='lat' dir='ltr'><strong>et</strong></span> <span class='ocrx_word' id='word_1_238' title='bbox 827 1938 902 1963; x_wconf 81' lang='lat' dir='ltr'><strong>non</strong></span> <span class='ocrx_word' id='word_1_239' title='bbox 927 1946 980 1953; x_wconf 92' lang='lat'><strong>—-</strong></span> <span class='ocrx_word' id='word_1_240' title='bbox 1009 1927 1128 1964; x_wconf 82' lang='lat' dir='ltr'><strong>etiam</strong></span> <span class='ocrx_word' id='word_1_241' title='bbox 1160 1925 1294 1963; x_wconf 88' lang='lat' dir='ltr'><strong>dictum</strong></span> <span class='ocrx_word' id='word_1_242' title='bbox 1326 1937 1394 1976; x_wconf 90' lang='lat' dir='ltr'><strong>pro</strong></span> <span class='ocrx_word' id='word_1_243' title='bbox 1426 1939 1552 1978; x_wconf 81' lang='lat' dir='ltr'><strong>neque</strong></span> <span class='ocrx_word' id='word_1_244' title='bbox 1583 1928 1736 1976; x_wconf 85' lang='lat' dir='ltr'><strong>putant,</strong></span> 
     </span>
     <span class='ocr_line' id='line_1_26' title="bbox 98 1993 1736 2045; baseline 0.001 -15"><span class='ocrx_word' id='word_1_245' title='bbox 98 2004 193 2045; x_wconf 88' lang='lat' dir='ltr'><strong>quae</strong></span> <span class='ocrx_word' id='word_1_246' title='bbox 224 1997 261 2032; x_wconf 89' lang='grc'><strong>01</strong></span> <span class='ocrx_word' id='word_1_247' title='bbox 293 1993 382 2031; x_wconf 89' lang='lat' dir='ltr'><strong>dura</strong></span> <span class='ocrx_word' id='word_1_248' title='bbox 414 1995 474 2031; x_wconf 88' lang='lat' dir='ltr'><strong>cst</strong></span> <span class='ocrx_word' id='word_1_249' title='bbox 504 1994 641 2037; x_wconf 84' lang='lat' dir='ltr'><strong>oratio,</strong></span> <span class='ocrx_word' id='word_1_250' title='bbox 674 1996 711 2031; x_wconf 87' lang='grc'><strong>01</strong></span> <span class='ocrx_word' id='word_1_251' title='bbox 742 2006 962 2044; x_wconf 81' lang='lat' dir='ltr'><strong>perversam</strong></span> <span class='ocrx_word' id='word_1_252' title='bbox 996 1995 1083 2032; x_wconf 81' lang='lat' dir='ltr'><strong>facit</strong></span> <span class='ocrx_word' id='word_1_253' title='bbox 1114 1995 1353 2033; x_wconf 83' lang='lat' dir='ltr'><strong>sententiam.</strong></span> <span class='ocrx_word' id='word_1_254' title='bbox 1414 1993 1522 2045; x_wconf 81' lang='lat' dir='ltr'><strong>Quod</strong></span> <span class='ocrx_word' id='word_1_255' title='bbox 1555 1995 1649 2033; x_wconf 87' lang='lat' dir='ltr'><strong>enim</strong></span> <span class='ocrx_word' id='word_1_256' title='bbox 1682 1994 1736 2032; x_wconf 89' lang='lat' dir='ltr'><strong>illi</strong></span> 
     </span>
     <span class='ocr_line' id='line_1_27' title="bbox 98 2061 1734 2112; baseline 0.001 -12"><span class='ocrx_word' id='word_1_257' title='bbox 98 2061 348 2107; x_wconf 80' lang='lat' dir='ltr'><strong>contendunt,</strong></span> <span class='ocrx_word' id='word_1_258' title='bbox 381 2074 452 2099; x_wconf 91' lang='lat' dir='ltr'><strong>non</strong></span> <span class='ocrx_word' id='word_1_259' title='bbox 483 2063 656 2112; x_wconf 87' lang='lat' dir='ltr'><strong>potuisse</strong></span> <span class='ocrx_word' id='word_1_260' title='bbox 688 2061 759 2100; x_wconf 93' lang='lat' dir='ltr'><strong>hoc</strong></span> <span class='ocrx_word' id='word_1_261' title='bbox 791 2061 873 2100; x_wconf 88' lang='grc'>1000</span> <span class='ocrx_word' id='word_1_262' title='bbox 906 2063 952 2100; x_wconf 86' lang='lat' dir='ltr'><strong>dc</strong></span> <span class='ocrx_word' id='word_1_263' title='bbox 983 2074 1127 2112; x_wconf 89' lang='lat' dir='ltr'><strong>amore,</strong></span> <span class='ocrx_word' id='word_1_264' title='bbox 1159 2063 1263 2100; x_wconf 88' lang='lat' dir='ltr'><strong>cuius</strong></span> <span class='ocrx_word' id='word_1_265' title='bbox 1286 2062 1418 2100; x_wconf 83' lang='lat' dir='ltr'><strong>infelix</strong></span> <span class='ocrx_word' id='word_1_266' title='bbox 1444 2063 1555 2101; x_wconf 82' lang='lat' dir='ltr'><strong>suerit</strong></span> <span class='ocrx_word' id='word_1_267' title='bbox 1586 2064 1734 2108; x_wconf 78' lang='lat' dir='ltr'><strong>exitus,</strong></span> 
     </span>
     <span class='ocr_line' id='line_1_28' title="bbox 98 2129 1734 2181; baseline 0.002 -13"><span class='ocrx_word' id='word_1_268' title='bbox 98 2131 183 2181; x_wconf 82' lang='lat' dir='ltr'><strong>agi,</strong></span> <span class='ocrx_word' id='word_1_269' title='bbox 215 2131 262 2168; x_wconf 87' lang='lat' dir='ltr'><strong>de</strong></span> <span class='ocrx_word' id='word_1_270' title='bbox 293 2143 337 2169; x_wconf 96' lang='grc'><strong>00</strong></span> <span class='ocrx_word' id='word_1_271' title='bbox 370 2130 484 2179; x_wconf 84' lang='lat' dir='ltr'><strong>longe</strong></span> <span class='ocrx_word' id='word_1_272' title='bbox 515 2129 624 2168; x_wconf 84' lang='lat' dir='ltr'><strong>aliter</strong></span> <span class='ocrx_word' id='word_1_273' title='bbox 655 2131 793 2169; x_wconf 86' lang='lat' dir='ltr'><strong>sentio.</strong></span> <span class='ocrx_word' id='word_1_274' title='bbox 864 2130 926 2170; x_wconf 88' lang='lat' dir='ltr'><strong>Cf.</strong></span> <span class='ocrx_word' id='word_1_275' title='bbox 958 2131 1002 2169; x_wconf 85' lang='lat' dir='ltr'><strong>ad</strong></span> <span class='ocrx_word' id='word_1_276' title='bbox 1037 2144 1073 2170; x_wconf 87' lang='lat' dir='ltr'><strong>v.</strong></span> <span class='ocrx_word' id='word_1_277' title='bbox 1107 2134 1172 2171; x_wconf 89' lang='lat'><strong>53.</strong></span> <span class='ocrx_word' id='word_1_278' title='bbox 1205 2134 1242 2170; x_wconf 84' lang='lat' dir='ltr'><strong>et</strong></span> <span class='ocrx_word' id='word_1_279' title='bbox 1273 2145 1311 2170; x_wconf 84' lang='lat' dir='ltr'><strong>v.</strong></span> <span class='ocrx_word' id='word_1_280' title='bbox 1345 2135 1411 2170; x_wconf 87' lang='grc'><strong>63.</strong></span> <span class='ocrx_word' id='word_1_281' title='bbox 1443 2144 1464 2170; x_wconf 89' lang='grc'><strong>0</strong></span> <span class='ocrx_word' id='word_1_282' title='bbox 1495 2144 1552 2170; x_wconf 89' lang='grc'><strong>010</strong></span> <span class='ocrx_word' id='word_1_283' title='bbox 1582 2132 1734 2171; x_wconf 90' lang='lat' dir='ltr'><strong>monita.</strong></span> 
     </span>
     <span class='ocr_line' id='line_1_29' title="bbox 98 2197 1735 2252; baseline 0.001 -15"><span class='ocrx_word' id='word_1_284' title='bbox 98 2199 182 2237; x_wconf 87' lang='lat' dir='ltr'><strong>Hoc</strong></span> <span class='ocrx_word' id='word_1_285' title='bbox 206 2199 288 2247; x_wconf 80' lang='lat' dir='ltr'><strong>agit</strong></span> <span class='ocrx_word' id='word_1_286' title='bbox 314 2197 427 2247; x_wconf 88' lang='lat' dir='ltr'><strong>Cato,</strong></span> <span class='ocrx_word' id='word_1_287' title='bbox 461 2202 499 2237; x_wconf 91' lang='lat' dir='ltr'><strong>ut</strong></span> <span class='ocrx_word' id='word_1_288' title='bbox 524 2211 669 2237; x_wconf 87' lang='lat' dir='ltr'><strong>amores</strong></span> <span class='ocrx_word' id='word_1_289' title='bbox 695 2199 868 2238; x_wconf 87' lang='lat' dir='ltr'><strong>Aurorae</strong></span> <span class='ocrx_word' id='word_1_290' title='bbox 892 2200 1055 2238; x_wconf 77' lang='lat' dir='ltr'><strong>furtivos</strong></span> <span class='ocrx_word' id='word_1_291' title='bbox 1087 2200 1246 2239; x_wconf 80' lang='lat' dir='ltr'><strong>indicet:</strong></span> <span class='ocrx_word' id='word_1_292' title='bbox 1281 2213 1384 2252; x_wconf 86' lang='lat' dir='ltr'><strong>quam</strong></span> <span class='ocrx_word' id='word_1_293' title='bbox 1418 2202 1454 2239; x_wconf 91' lang='lat' dir='ltr'><strong>in</strong></span> <span class='ocrx_word' id='word_1_294' title='bbox 1482 2213 1557 2239; x_wconf 88' lang='lat' dir='ltr'><strong>rem</strong></span> <span class='ocrx_word' id='word_1_295' title='bbox 1579 2200 1735 2251; x_wconf 77' lang='lat' dir='ltr'><strong>perinde</strong></span> 
     </span>
     <span class='ocr_line' id='line_1_30' title="bbox 97 2267 1734 2319; baseline 0.001 -14"><span class='ocrx_word' id='word_1_296' title='bbox 97 2270 199 2314; x_wconf 85' lang='lat' dir='ltr'><strong>erat,</strong></span> <span class='ocrx_word' id='word_1_297' title='bbox 234 2270 350 2305; x_wconf 90' lang='lat' dir='ltr'><strong>utrum</strong></span> <span class='ocrx_word' id='word_1_298' title='bbox 381 2280 482 2306; x_wconf 89' lang='lat' dir='ltr'><strong>amor</strong></span> <span class='ocrx_word' id='word_1_299' title='bbox 513 2268 575 2306; x_wconf 89' lang='lat' dir='ltr'><strong>illc</strong></span> <span class='ocrx_word' id='word_1_300' title='bbox 606 2267 771 2317; x_wconf 75' lang='lat' dir='ltr'><strong>felicem,</strong></span> <span class='ocrx_word' id='word_1_301' title='bbox 803 2280 848 2306; x_wconf 88' lang='lat' dir='ltr'><strong>an</strong></span> <span class='ocrx_word' id='word_1_302' title='bbox 880 2268 1085 2313; x_wconf 78' lang='lat' dir='ltr'><strong>infelicem,</strong></span> <span class='ocrx_word' id='word_1_303' title='bbox 1120 2268 1334 2319; x_wconf 87' lang='lat' dir='ltr'><strong>plorandum</strong></span> <span class='ocrx_word' id='word_1_304' title='bbox 1367 2269 1562 2318; x_wconf 83' lang='lat' dir='ltr'><strong>Aurorae,</strong></span> <span class='ocrx_word' id='word_1_305' title='bbox 1595 2270 1734 2308; x_wconf 88' lang='lat' dir='ltr'><strong>exitum</strong></span> 
     </span>
     <span class='ocr_line' id='line_1_31' title="bbox 97 2335 1734 2389; baseline 0.002 -15"><span class='ocrx_word' id='word_1_306' title='bbox 97 2335 306 2375; x_wconf 82' lang='lat' dir='ltr'><strong>habuisset.</strong></span> <span class='ocrx_word' id='word_1_307' title='bbox 366 2335 485 2389; x_wconf 80' lang='lat' dir='ltr'><strong>Quin,</strong></span> <span class='ocrx_word' id='word_1_308' title='bbox 524 2338 557 2375; x_wconf 89' lang='lat' dir='ltr'><strong>si</strong></span> <span class='ocrx_word' id='word_1_309' title='bbox 596 2338 681 2389; x_wconf 89' lang='lat' dir='ltr'><strong>quid</strong></span> <span class='ocrx_word' id='word_1_310' title='bbox 719 2337 847 2376; x_wconf 88' lang='lat' dir='ltr'><strong>dicere</strong></span> <span class='ocrx_word' id='word_1_311' title='bbox 885 2336 974 2376; x_wconf 83' lang='lat' dir='ltr'><strong>lleet</strong></span> <span class='ocrx_word' id='word_1_312' title='bbox 1004 2336 1200 2384; x_wconf 81' lang='lat' dir='ltr'><strong>subtiliuS,</strong></span> <span class='ocrx_word' id='word_1_313' title='bbox 1243 2339 1413 2377; x_wconf 87' lang='lat' dir='ltr'><strong>maiorem</strong></span> <span class='ocrx_word' id='word_1_314' title='bbox 1446 2338 1627 2389; x_wconf 90' lang='lat' dir='ltr'><strong>probandi</strong></span> <span class='ocrx_word' id='word_1_315' title='bbox 1661 2340 1734 2377; x_wconf 84' lang='lat' dir='ltr'><strong>vim</strong></span> 
     </span>
     <span class='ocr_line' id='line_1_32' title="bbox 97 2404 1734 2456; baseline 0.001 -13"><span class='ocrx_word' id='word_1_316' title='bbox 97 2404 212 2444; x_wconf 87' lang='lat' dir='ltr'><strong>hahet</strong></span> <span class='ocrx_word' id='word_1_317' title='bbox 243 2406 391 2444; x_wconf 84' lang='lat' dir='ltr'><strong>infausti</strong></span> <span class='ocrx_word' id='word_1_318' title='bbox 423 2406 558 2444; x_wconf 87' lang='lat' dir='ltr'><strong>amoris</strong></span> <span class='ocrx_word' id='word_1_319' title='bbox 590 2405 830 2456; x_wconf 71' lang='lat' dir='ltr'><strong>exeniplum:</strong></span> <span class='ocrx_word' id='word_1_320' title='bbox 874 2418 954 2444; x_wconf 88' lang='lat' dir='ltr'><strong>nam</strong></span> <span class='ocrx_word' id='word_1_321' title='bbox 987 2406 1018 2444; x_wconf 92' lang='lat' dir='ltr'><strong>si</strong></span> <span class='ocrx_word' id='word_1_322' title='bbox 1050 2406 1214 2456; x_wconf 83' lang='lat' dir='ltr'><strong>ploravit</strong></span> <span class='ocrx_word' id='word_1_323' title='bbox 1245 2407 1440 2445; x_wconf 77' lang='lat' dir='ltr'><strong>infaustum</strong></span> <span class='ocrx_word' id='word_1_324' title='bbox 1474 2408 1615 2445; x_wconf 79' lang='lat' dir='ltr'><strong>exitum</strong></span> <span class='ocrx_word' id='word_1_325' title='bbox 1645 2407 1734 2446; x_wconf 85' lang='lat' dir='ltr'><strong>Au-</strong></span> 
     </span>
     <span class='ocr_line' id='line_1_33' title="bbox 97 2474 1734 2528; baseline 0.001 -15"><span class='ocrx_word' id='word_1_326' title='bbox 97 2486 204 2523; x_wconf 87' lang='lat' dir='ltr'><strong>rora,</strong></span> <span class='ocrx_word' id='word_1_327' title='bbox 236 2474 270 2512; x_wconf 92' lang='lat' dir='ltr'><strong>id</strong></span> <span class='ocrx_word' id='word_1_328' title='bbox 302 2486 471 2523; x_wconf 82' lang='lat' dir='ltr'><strong>magnam</strong></span> <span class='ocrx_word' id='word_1_329' title='bbox 503 2476 636 2513; x_wconf 88' lang='lat' dir='ltr'><strong>amoris</strong></span> <span class='ocrx_word' id='word_1_330' title='bbox 668 2474 935 2514; x_wconf 87' lang='lat' dir='ltr'><strong>vehementiam</strong></span> <span class='ocrx_word' id='word_1_331' title='bbox 971 2475 1121 2526; x_wconf 82' lang='lat' dir='ltr'><strong>prohat.</strong></span> <span class='ocrx_word' id='word_1_332' title='bbox 1181 2475 1311 2528; x_wconf 83' lang='lat' dir='ltr'><strong>ltaque</strong></span> <span class='ocrx_word' id='word_1_333' title='bbox 1343 2476 1377 2514; x_wconf 93' lang='lat' dir='ltr'><strong>in</strong></span> <span class='ocrx_word' id='word_1_334' title='bbox 1411 2488 1455 2514; x_wconf 92' lang='grc'><strong>00</strong></span> <span class='ocrx_word' id='word_1_335' title='bbox 1486 2480 1639 2526; x_wconf 90' lang='lat' dir='ltr'><strong>persto,</strong></span> <span class='ocrx_word' id='word_1_336' title='bbox 1672 2478 1734 2514; x_wconf 89' lang='lat' dir='ltr'><strong>at-</strong></span> 
     </span>
     <span class='ocr_line' id='line_1_34' title="bbox 98 2543 1733 2597; baseline 0 -14"><span class='ocrx_word' id='word_1_337' title='bbox 98 2557 170 2597; x_wconf 88' lang='lat' dir='ltr'><strong>que</strong></span> <span class='ocrx_word' id='word_1_338' title='bbox 201 2544 247 2583; x_wconf 88' lang='lat' dir='ltr'><strong>ab</strong></span> <span class='ocrx_word' id='word_1_339' title='bbox 279 2556 322 2582; x_wconf 86' lang='lat' dir='ltr'><strong>eo</strong></span> <span class='ocrx_word' id='word_1_340' title='bbox 354 2544 603 2595; x_wconf 81' lang='lat' dir='ltr'><strong>progredior,</strong></span> <span class='ocrx_word' id='word_1_341' title='bbox 635 2545 720 2583; x_wconf 86' lang='lat' dir='ltr'><strong>sive</strong></span> <span class='ocrx_word' id='word_1_342' title='bbox 751 2558 826 2583; x_wconf 81' lang='lat' dir='ltr'><strong>non</strong></span> <span class='ocrx_word' id='word_1_343' title='bbox 857 2543 991 2596; x_wconf 89' lang='lat' dir='ltr'><strong>aliquis</strong></span> <span class='ocrx_word' id='word_1_344' title='bbox 1022 2544 1182 2593; x_wconf 77' lang='lat' dir='ltr'><strong>legerit,</strong></span> <span class='ocrx_word' id='word_1_345' title='bbox 1215 2546 1300 2583; x_wconf 82' lang='lat' dir='ltr'><strong>sive</strong></span> <span class='ocrx_word' id='word_1_346' title='bbox 1331 2558 1481 2593; x_wconf 80' lang='lat' dir='ltr'><strong>nonne,</strong></span> <span class='ocrx_word' id='word_1_347' title='bbox 1516 2546 1733 2594; x_wconf 76' lang='lat' dir='ltr'><strong>interroga-</strong></span> 
     </span>
     <span class='ocr_line' id='line_1_35' title="bbox 96 2613 1732 2666; baseline -0.001 -14"><span class='ocrx_word' id='word_1_348' title='bbox 96 2614 211 2652; x_wconf 90' lang='lat' dir='ltr'><strong>tivam</strong></span> <span class='ocrx_word' id='word_1_349' title='bbox 242 2625 329 2652; x_wconf 81' lang='lat' dir='ltr'><strong>csse</strong></span> <span class='ocrx_word' id='word_1_350' title='bbox 361 2613 603 2658; x_wconf 87' lang='lat' dir='ltr'><strong>sententiam,</strong></span> <span class='ocrx_word' id='word_1_351' title='bbox 650 2615 688 2652; x_wconf 92' lang='lat' dir='ltr'><strong>et</strong></span> <span class='ocrx_word' id='word_1_352' title='bbox 716 2614 954 2666; x_wconf 75' lang='lat' dir='ltr'><strong>ploracisse</strong></span> <span class='ocrx_word' id='word_1_353' title='bbox 984 2614 1195 2652; x_wconf 86' lang='lat' dir='ltr'><strong>Auroram.</strong></span> <span class='ocrx_word' id='word_1_354' title='bbox 1257 2614 1357 2652; x_wconf 87' lang='grc'>11100</span> <span class='ocrx_word' id='word_1_355' title='bbox 1388 2615 1511 2652; x_wconf 87' lang='lat' dir='ltr'><strong>statim</strong></span> <span class='ocrx_word' id='word_1_356' title='bbox 1543 2615 1732 2666; x_wconf 82' lang='lat' dir='ltr'><strong>sequitur,</strong></span> 
     </span>
     <span class='ocr_line' id='line_1_36' title="bbox 98 2680 1732 2733; baseline -0.001 -13"><span class='ocrx_word' id='word_1_357' title='bbox 98 2694 170 2720; x_wconf 92' lang='grc'><strong>000</strong></span> <span class='ocrx_word' id='word_1_358' title='bbox 201 2694 318 2733; x_wconf 84' lang='lat' dir='ltr'><strong>posse</strong></span> <span class='ocrx_word' id='word_1_359' title='bbox 351 2694 474 2720; x_wconf 69' lang='lat' dir='ltr'><strong>novos</strong></span> <span class='ocrx_word' id='word_1_360' title='bbox 507 2694 660 2720; x_wconf 72' lang='lat' dir='ltr'><strong>ammes</strong></span> <span class='ocrx_word' id='word_1_361' title='bbox 691 2680 891 2720; x_wconf 88' lang='lat' dir='ltr'><strong>Tithonum</strong></span> <span class='ocrx_word' id='word_1_362' title='bbox 922 2694 1023 2721; x_wconf 87' lang='lat' dir='ltr'><strong>esse.</strong></span> <span class='ocrx_word' id='word_1_363' title='bbox 1097 2683 1299 2721; x_wconf 79' lang='lat' dir='ltr'><strong>Tithonum</strong></span> <span class='ocrx_word' id='word_1_364' title='bbox 1338 2694 1410 2720; x_wconf 90' lang='lat' dir='ltr'><strong>non</strong></span> <span class='ocrx_word' id='word_1_365' title='bbox 1449 2682 1611 2733; x_wconf 83' lang='lat' dir='ltr'><strong>perdidit</strong></span> <span class='ocrx_word' id='word_1_366' title='bbox 1644 2682 1732 2720; x_wconf 86' lang='lat' dir='ltr'><strong>Au-</strong></span> 
     </span>
     <span class='ocr_line' id='line_1_37' title="bbox 98 2748 1731 2802; baseline -0.002 -12"><span class='ocrx_word' id='word_1_367' title='bbox 98 2764 202 2798; x_wconf 88' lang='lat' dir='ltr'><strong>rora,</strong></span> <span class='ocrx_word' id='word_1_368' title='bbox 236 2751 302 2789; x_wconf 89' lang='lat' dir='ltr'><strong>sed</strong></span> <span class='ocrx_word' id='word_1_369' title='bbox 334 2762 482 2800; x_wconf 84' lang='lat' dir='ltr'><strong>semper</strong></span> <span class='ocrx_word' id='word_1_370' title='bbox 514 2748 663 2799; x_wconf 86' lang='lat' dir='ltr'><strong>habuit,</strong></span> <span class='ocrx_word' id='word_1_371' title='bbox 695 2753 875 2802; x_wconf 89' lang='lat' dir='ltr'><strong>tamquam</strong></span> <span class='ocrx_word' id='word_1_372' title='bbox 906 2751 1092 2799; x_wconf 88' lang='lat' dir='ltr'><strong>maritum,</strong></span> <span class='ocrx_word' id='word_1_373' title='bbox 1124 2755 1162 2790; x_wconf 89' lang='lat' dir='ltr'><strong>et</strong></span> <span class='ocrx_word' id='word_1_374' title='bbox 1192 2750 1306 2790; x_wconf 87' lang='lat' dir='ltr'><strong>habet</strong></span> <span class='ocrx_word' id='word_1_375' title='bbox 1338 2752 1446 2790; x_wconf 86' lang='lat' dir='ltr'><strong>etiam</strong></span> <span class='ocrx_word' id='word_1_376' title='bbox 1478 2763 1596 2801; x_wconf 77' lang='grc' dir='ltr'>000ος</span> <span class='ocrx_word' id='word_1_377' title='bbox 1629 2753 1666 2788; x_wconf 84' lang='grc'><strong>01</strong></span> <span class='ocrx_word' id='word_1_378' title='bbox 1696 2749 1731 2788; x_wconf 90' lang='lat' dir='ltr'><strong>si</strong></span> 
     </span>
     <span class='ocr_line' id='line_1_38' title="bbox 98 2817 1732 2873; baseline -0.001 -15"><span class='ocrx_word' id='word_1_379' title='bbox 98 2820 188 2873; x_wconf 85' lang='lat' dir='ltr'><strong>quid</strong></span> <span class='ocrx_word' id='word_1_380' title='bbox 214 2819 388 2858; x_wconf 83' lang='lat' dir='ltr'><strong>Aurorae</strong></span> <span class='ocrx_word' id='word_1_381' title='bbox 427 2819 461 2856; x_wconf 91' lang='lat' dir='ltr'><strong>in</strong></span> <span class='ocrx_word' id='word_1_382' title='bbox 499 2817 665 2856; x_wconf 88' lang='lat' dir='ltr'><strong>Tithono</strong></span> <span class='ocrx_word' id='word_1_383' title='bbox 703 2818 962 2871; x_wconf 84' lang='lat' dir='ltr'><strong>plorandum,</strong></span> <span class='ocrx_word' id='word_1_384' title='bbox 1010 2820 1045 2858; x_wconf 90' lang='lat' dir='ltr'><strong>id</strong></span> <span class='ocrx_word' id='word_1_385' title='bbox 1086 2821 1121 2859; x_wconf 92' lang='lat' dir='ltr'><strong>in</strong></span> <span class='ocrx_word' id='word_1_386' title='bbox 1161 2832 1206 2859; x_wconf 88' lang='lat' dir='ltr'><strong>eo</strong></span> <span class='ocrx_word' id='word_1_387' title='bbox 1246 2820 1431 2871; x_wconf 91' lang='lat' dir='ltr'><strong>positum,</strong></span> <span class='ocrx_word' id='word_1_388' title='bbox 1475 2820 1572 2872; x_wconf 90' lang='lat' dir='ltr'><strong>quod</strong></span> <span class='ocrx_word' id='word_1_389' title='bbox 1611 2831 1732 2858; x_wconf 82' lang='lat' dir='ltr'><strong>senex</strong></span> 
     </span>
     <span class='ocr_line' id='line_1_39' title="bbox 98 2887 1732 2940; baseline -0.001 -13"><span class='ocrx_word' id='word_1_390' title='bbox 98 2890 218 2928; x_wconf 80' lang='lat' dir='ltr'><strong>factus</strong></span> <span class='ocrx_word' id='word_1_391' title='bbox 248 2888 458 2935; x_wconf 87' lang='lat' dir='ltr'><strong>Tithonus,</strong></span> <span class='ocrx_word' id='word_1_392' title='bbox 501 2887 545 2925; x_wconf 89' lang='lat' dir='ltr'><strong>ad</strong></span> <span class='ocrx_word' id='word_1_393' title='bbox 586 2899 742 2925; x_wconf 88' lang='lat' dir='ltr'><strong>amorem</strong></span> <span class='ocrx_word' id='word_1_394' title='bbox 783 2899 855 2926; x_wconf 91' lang='lat' dir='ltr'><strong>non</strong></span> <span class='ocrx_word' id='word_1_395' title='bbox 899 2888 1057 2940; x_wconf 89' lang='lat' dir='ltr'><strong>amplius</strong></span> <span class='ocrx_word' id='word_1_396' title='bbox 1089 2888 1254 2927; x_wconf 85' lang='lat' dir='ltr'><strong>habilis:</strong></span> <span class='ocrx_word' id='word_1_397' title='bbox 1296 2901 1424 2928; x_wconf 86' lang='lat' dir='ltr'><strong>verum</strong></span> <span class='ocrx_word' id='word_1_398' title='bbox 1456 2888 1490 2927; x_wconf 91' lang='lat' dir='ltr'><strong>id</strong></span> <span class='ocrx_word' id='word_1_399' title='bbox 1522 2887 1679 2926; x_wconf 88' lang='lat' dir='ltr'><strong>alienum</strong></span> <span class='ocrx_word' id='word_1_400' title='bbox 1709 2899 1732 2926; x_wconf 88' lang='lat' dir='ltr'><strong>a</strong></span> 
     </span>
     <span class='ocr_line' id='line_1_40' title="bbox 98 2955 1731 3009; baseline 0 -14"><span class='ocrx_word' id='word_1_401' title='bbox 98 2970 138 2996; x_wconf 86' lang='lat' dir='ltr'><strong>re</strong></span> <span class='ocrx_word' id='word_1_402' title='bbox 169 2957 346 3005; x_wconf 85' lang='lat' dir='ltr'><strong>Catonis,</strong></span> <span class='ocrx_word' id='word_1_403' title='bbox 393 2969 510 3009; x_wconf 85' lang='lat' dir='ltr'><strong>noque</strong></span> <span class='ocrx_word' id='word_1_404' title='bbox 542 2958 629 3006; x_wconf 87' lang='lat' dir='ltr'><strong>apte</strong></span> <span class='ocrx_word' id='word_1_405' title='bbox 659 2968 784 2996; x_wconf 83' lang='lat' dir='ltr'><strong>novos</strong></span> <span class='ocrx_word' id='word_1_406' title='bbox 817 2970 970 2997; x_wconf 81' lang='lat' dir='ltr'><strong>amores</strong></span> <span class='ocrx_word' id='word_1_407' title='bbox 1002 2957 1147 2996; x_wconf 87' lang='lat' dir='ltr'><strong>diceret</strong></span> <span class='ocrx_word' id='word_1_408' title='bbox 1177 2970 1303 2997; x_wconf 88' lang='lat' dir='ltr'><strong>senem</strong></span> <span class='ocrx_word' id='word_1_409' title='bbox 1334 2957 1549 2996; x_wconf 89' lang='lat' dir='ltr'><strong>Tithonum.</strong></span> <span class='ocrx_word' id='word_1_410' title='bbox 1608 2955 1731 3006; x_wconf 81' lang='lat' dir='ltr'><strong>Igitur</strong></span> 
     </span>
     <span class='ocr_line' id='line_1_41' title="bbox 98 3025 1729 3079; baseline -0.001 -14"><span class='ocrx_word' id='word_1_411' title='bbox 98 3026 216 3078; x_wconf 84' lang='lat' dir='ltr'><strong>alius,</strong></span> <span class='ocrx_word' id='word_1_412' title='bbox 246 3030 398 3079; x_wconf 84' lang='lat' dir='ltr'><strong>praeter</strong></span> <span class='ocrx_word' id='word_1_413' title='bbox 428 3025 656 3075; x_wconf 84' lang='lat' dir='ltr'><strong>Tithonum,</strong></span> <span class='ocrx_word' id='word_1_414' title='bbox 687 3025 921 3077; x_wconf 82' lang='lat' dir='ltr'><strong>quaerendus</strong></span> <span class='ocrx_word' id='word_1_415' title='bbox 952 3028 1012 3065; x_wconf 86' lang='lat' dir='ltr'><strong>est</strong></span> <span class='ocrx_word' id='word_1_416' title='bbox 1042 3025 1200 3066; x_wconf 84' lang='lat' dir='ltr'><strong>dilectus</strong></span> <span class='ocrx_word' id='word_1_417' title='bbox 1231 3026 1404 3065; x_wconf 87' lang='lat' dir='ltr'><strong>Aurorae</strong></span> <span class='ocrx_word' id='word_1_418' title='bbox 1434 3025 1595 3064; x_wconf 86' lang='lat' dir='ltr'><strong>iuvenis.</strong></span> <span class='ocrx_word' id='word_1_419' title='bbox 1666 3025 1729 3064; x_wconf 89' lang='lat' dir='ltr'><strong>An</strong></span> 
     </span>
    </p>
   </div>
  </div>
 </body>
</html>
