2006 3365
502 167 634 208 VITA
665 166 902 209 CATONIS
931 168 1000 208 ET
1024 168 1270 211 SCRIPTA.
1613 175 1715 220 275

81 280 275 321 tenendum
307 282 367 320 est
398 281 492 321 enim
523 284 631 322 etiam
664 296 812 322 versum
846 288 880 322 1.
912 296 1100 324 caesuram
1131 283 1296 331 habere,
1328 298 1434 339 quam
1466 287 1606 326 caeteri
1639 286 1711 326 lia-

79 351 190 398 bent,
222 351 318 389 inter
347 351 505 401 pedem,
539 353 571 390 si
604 352 640 391 hi
672 353 790 404 pedes
822 353 982 391 vocandi
1014 354 1111 401 sint,
1144 355 1345 393 secundum
1372 357 1410 394 et
1429 355 1597 407 tertium,
1629 356 1709 395 sic:

78 415 228 471 Ly'tlia
260 419 382 467 bella,
402 420 526 470 puella
543 421 712 460 candida.
756 435 811 474 pn
842 421 992 471 syllaba
1021 423 1215 460 anacrusis
1246 427 1325 473 est,
1358 426 1397 463 ut
1426 425 1462 463 in
1493 424 1576 462 aliis
1601 423 1710 463 huius

79 488 250 526 carminis
291 489 494 536 versibus,
533 502 627 541 quos
666 491 716 528 ibi
756 489 978 528 monstravi.
1053 490 1151 529 Sunt
1191 491 1320 529 eodem
1359 504 1504 541 genere
1542 492 1708 543 rhythmi

77 555 280 594 Mattlieoli
313 557 521 603 cuiusdam,
556 557 616 596 vel
648 558 751 596 Petri
783 558 829 596 de
867 556 1068 598 Corbolio.
1101 558 1168 596 sed
1200 570 1279 596 cum
1310 558 1638 611 homoeoteleuto,
1670 563 1712 601 ut

79 623 131 662 illi
162 636 183 661 a
212 623 422 663 Niebuhr-io
457 625 504 663 V.
536 625 566 665 Ι.
597 625 757 676 prolati,
791 628 828 664 et
859 625 940 664 rudi
971 626 1232 675 obscenitate,
1275 627 1309 664 in
1341 626 1387 666 G.
1421 628 1467 665 de
1497 629 1598 668 Bure
1629 627 1708 669 Ca-

77 691 206 741 talogo
247 692 347 730 Bibl.
386 693 504 732 Ducis
545 694 591 732 de
631 694 666 732 la
697 694 866 732 Valliere
908 694 952 732 P.
986 693 1015 732 1.
1048 694 1095 732 T.
1128 693 1178 732 ΙΙ.
1211 696 1335 734 2619.
1367 707 1458 746 pag.
1497 700 1587 736 129.
1646 698 1708 738 An

77 761 240 799 eiusdem
271 761 374 800 Petri
406 761 453 800 de
485 761 686 811 Corbolio,
719 775 823 814 quem
848 762 1042 800 Fabricius
1075 763 1174 801 Bibl.
1198 764 1293 802 med.
1326 767 1364 803 et
1394 765 1459 802 inf.
1477 764 1560 804 Lat.
1590 765 1638 804 Τ.
1657 768 1708 807 V.

75 843 114 881 p.
146 832 241 868 256.
274 842 370 868 anno
408 833 524 869 1222.
566 831 710 869 obiisse
741 826 931 869 testatur}
991 830 1183 882 Scriptum
1224 832 1408 878 codicem,
1450 833 1487 871 in
1518 847 1590 886 quo
1623 847 1710 873 car-

75 910 156 936 men
187 898 232 936 ad
264 898 443 948 Lydiam,
485 899 560 936 vidi
593 898 728 936 nullum
760 901 911 949 praeter
942 898 1340 950 Guelpherbytanum,
1375 901 1422 940 de
1453 913 1525 953 quo
1557 902 1709 942 relatum

75 969 136 1006 est
166 967 201 1004 in
234 967 369 1006 Museo
401 966 524 1006 Rhen.
558 966 581 1005 l.
614 967 638 1005 1.
671 980 761 1018 pag.
795 971 833 1007 9.
894 968 965 1007 Est
994 967 1085 1006 illud
1119 980 1198 1007 cum
1230 969 1404 1020 Epistola
1436 970 1638 1022 Sapphus,
1671 975 1709 1012 et

76 1047 154 1074 cum
186 1035 296 1085 aliis,
329 1035 458 1075 Ovidii
490 1037 671 1084 maxime,
713 1037 869 1086 scriptis
900 1035 1108 1084 nonnullis,
1141 1038 1176 1075 in
1210 1038 1340 1077 codice
1371 1039 1548 1078 Mediceo
1579 1040 1711 1079 admo-

74 1103 156 1142 dum
188 1105 353 1152 recenti,
385 1104 542 1143 Bandin.
575 1103 698 1144 Catal.
730 1104 865 1144 T.111.
899 1104 971 1144 col.
1005 1106 1098 1144 761.
1131 1105 1230 1145 Plut.
1264 1120 1441 1146 Lxxxx1.
1475 1107 1570 1148 Cod.
1595 1123 1710 1147 xxvi.

74 1171 148 1211 hoc
179 1172 309 1212 titulo:
341 1173 390 1212 In
421 1175 522 1213 iocis
556 1174 671 1213 Galli
701 1174 868 1213 Poetae.
929 1173 988 1212 De
1015 1174 1246 1214 editionibus
1269 1176 1505 1216 Fanensibus
1536 1181 1711 1217 accurate

74 1242 124 1280 H.
160 1241 299 1280 Bardili
338 1243 374 1280 in
414 1243 628 1281 Annalibus
665 1242 782 1282 Ialmii
823 1242 913 1282 Vol.
957 1242 1045 1281 VII.
1082 1243 1192 1282 Fasc.
1233 1259 1273 1284 11.
1306 1256 1344 1295 p.
1376 1247 1472 1283 224.
1505 1258 1563 1297 sq.
1623 1247 1710 1295 Ego

73 1310 208 1349 nullam
239 1310 350 1349 habui
383 1313 629 1364 antiquiorem
657 1312 980 1361 Argentoratensi
1012 1324 1061 1350 ex
1092 1312 1242 1352 officina
1273 1312 1398 1352 Sehur
1427 1313 1485 1353 M.
1512 1315 1560 1353 D.
1579 1314 1707 1354 VIIII.

74 1380 109 1417 in
142 1391 212 1430 qua
244 1379 330 1417 illud
364 1378 528 1419 Cornelii
568 1379 666 1419 Galli
707 1380 946 1429 Elegiarum,
991 1381 1142 1419 istarum
1181 1381 1388 1432 ineptarum
1427 1394 1521 1432 sex,
1563 1383 1708 1423 Libello

75 1448 283 1487 subiicitur.
344 1449 415 1487 Est
445 1451 565 1487 autem
597 1448 690 1488 baec
720 1450 880 1499 repetita
911 1449 1105 1500 Pomponii
1137 1448 1286 1489 Gaurici
1317 1451 1457 1500 editio,
1491 1454 1529 1490 ut
1559 1464 1710 1500 cogno-

74 1517 192 1555 scitur
224 1529 273 1555 ex
304 1517 546 1568 subscripto:
589 1517 734 1556 Lector
773 1516 877 1571 quod
914 1518 990 1556 has
1036 1517 1130 1557 Cor.
1173 1517 1287 1557 Galli
1314 1526 1460 1572 poetae
1489 1521 1706 1574 relliquias

72 1586 221 1635 [efferis
243 1585 458 1639 Pomponio
479 1586 679 1635 Gaurion,
713 1584 963 1625 adolescenti
992 1590 1157 1639 optimo,
1188 1591 1350 1639 yratlas
1380 1589 1536 1629 habet-0.
1575 1591 1706 1643 Atque

73 1666 121 1691 ex
160 1653 230 1691 hac
276 1655 467 1704 Pomponii
509 1653 659 1693 Gaurici
707 1655 872 1693 editione
910 1653 1083 1704 Lyricum
1122 1654 1209 1693 illud
1253 1668 1332 1694 cum
1372 1656 1512 1707 elegiis
1560 1671 1631 1697 sex
1673 1660 1709 1697 in

71 1720 202 1759 multas
237 1720 396 1771 Catulli,
431 1722 573 1761 Tibulli
606 1726 643 1760 et
679 1722 867 1773 Propertii
906 1723 1106 1773 pervenit,
1138 1726 1177 1762 ut
1208 1724 1244 1762 in
1275 1724 1551 1774 Lugdunenses
1588 1731 1705 1768 1534.

72 1792 193 1828 1551.
217 1791 251 1829 in
286 1791 531 1830 Basileenses
563 1791 612 1829 ΙΙ.
646 1791 729 1830 Pet.
766 1794 886 1830 1539.
926 1794 1042 1830 1569.
1079 1795 1200 1831 1592.
1233 1793 1267 1831 in
1300 1791 1483 1832 Venetam
1515 1796 1563 1834 ll.
1597 1796 1706 1837 Srot.

73 1861 191 1897 1549.
224 1859 294 1898 hac
327 1861 595 1910 inscriptione:
628 1861 807 1913 Sequens
832 1859 1021 1912 Lyriemn
1052 1864 1147 1914 quia
1177 1874 1204 1900 α
1232 1862 1439 1917 plerisque
1461 1864 1554 1903 Cor.
1583 1866 1704 1906 Gallo

68 1928 325 1977 atsrilmitnr,
368 1931 432 1969 hie
475 1930 652 1968 adiicere
693 1929 822 1967 libuit.
862 1940 957 1980 quae
998 1929 1124 1967 eadem
1156 1930 1191 1967 in
1223 1932 1546 1979 Argentoratensi
1583 1938 1702 1975 1509.

68 1997 137 2034 nisi
170 1998 265 2048 quod
299 1998 349 2035 ibi
381 2001 569 2048 postrema
600 1998 684 2035 sic:
727 1999 800 2036 hoc
833 1998 918 2036 loeo
951 1998 1276 2037 subscribendum
1318 2004 1476 2053 putavi.
1538 2003 1592 2041 At
1623 2017 1702 2042 ma-

66 2068 147 2104 ture
180 2067 336 2113 cognita
367 2067 469 2104 fraus
501 2069 579 2114 est,
622 2069 693 2104 tum
726 2066 788 2104 illa
819 2078 913 2117 quae
944 2066 979 2104 in
1012 2065 1181 2115 mogus,
1228 2072 1301 2106 tum
1340 2067 1435 2107 haec
1474 2071 1508 2108 in
1548 2071 1699 2122 Lyrico.

65 2133 95 2172 1.
129 2134 173 2174 C.
199 2134 388 2183 Scaliger-i
421 2135 642 2173 sententiam
676 2136 744 2173 iam
769 2139 1027 2173 commemorat
1044 2133 1310 2183 Lugdunensis
1331 2137 1380 2175 A.
1402 2136 1549 2189 Grypb.
1577 2143 1697 2181 1573.

65 2207 101 2241 et
133 2203 241 2241 simili
275 2203 380 2240 modo
413 2202 588 2241 Grasseri
623 2203 735 2241 editio
768 2203 889 2252 Lugd.
929 2207 1044 2241 1607.
1119 2203 1220 2242 Novi
1264 2218 1313 2243 ex
1353 2204 1458 2245 libris
1490 2207 1696 2250 huiusmodi

63 2273 129 2310 vix
162 2273 354 2324 quicquam
386 2273 692 2322 exspectandum.
756 2271 878 2310 Versu
912 2271 1053 2322 penult.
1085 2273 1156 2311 Sic
1190 2278 1232 2311 tu
1265 2286 1339 2312 non
1375 2279 1504 2315 cernis
1536 2278 1695 2327 Argen-

62 2341 265 2379 torateusis
304 2345 419 2379 1509.
453 2345 490 2380 et
521 2354 651 2391 margo
684 2340 801 2380 Basil.
832 2341 881 2379 11.
915 2341 957 2379 P.
1002 2344 1120 2380 1592.
1181 2341 1244 2380 ubi
1277 2342 1395 2392 vulgo
1425 2345 1564 2385 Saeva
1595 2349 1691 2400 quffll

61 2408 211 2458 melius3
254 2409 386 2448 Seena
423 2408 651 2461 Guelplierb.
713 2410 858 2448 Addam
891 2422 911 2448 e
943 2409 1283 2460 Guelplierbytano
1316 2413 1463 2461 potiora
1485 2443 1495 2463 a
1531 2428 1625 2467 quae
1657 2419 1691 2456 ei

59 2479 262 2516 communia
293 2480 381 2515 sunt
411 2480 531 2516 omnia
562 2491 640 2517 eum
673 2479 835 2517 editione
867 2479 1024 2517 Fanensi
1056 2480 1152 2529 apud
1182 2479 1424 2518 Burmannum
1443 2482 1688 2524 Annotation.

57 2547 102 2585 ad
137 2546 294 2585 Anmol.
327 2546 433 2584 Tom.
465 2546 495 2585 Ι.
528 2546 716 2586 Mantissa
748 2561 785 2598 p.
812 2549 904 2586 746.
965 2561 1004 2586 v.
1031 2551 1067 2586 5.
1102 2548 1277 2600 capillos
1309 2549 1415 2587 male.
1477 2565 1626 2591 versum
1647 2560 1684 2594 9.

58 2621 97 2655 et
133 2620 193 2654 10.
227 2628 298 2653 non
331 2615 467 2653 deesse
498 2616 532 2653 in
564 2616 744 2665 Fam-nsi,
776 2620 816 2654 ut
846 2617 897 2655 ait
929 2617 1183 2661 Burmannus,
1216 2618 1282 2655 sed
1316 2621 1567 2669 transpositos
1598 2638 1686 2663 esse

55 2688 169 2735 puto,
203 2687 241 2723 ut
271 2688 357 2723 sunt
388 2685 423 2721 in
454 2683 812 2735 Guelpherbytano‚
846 2684 917 2723 boc
948 2686 1104 2724 ordine:
1136 2685 1282 2725 Pande
1309 2700 1350 2738 p.
1382 2701 1508 2737 ¹(senas
1534 2705 1566 2728 r.
1614 2693 1681 2730 In-

53 2756 177 2806 susas
209 2768 241 2792 r.
271 2767 313 2805 p.
344 2759 372 2791 t.
436 2753 579 2792 Pande
606 2766 645 2804 p.
678 2754 865 2793 stellatos
905 2768 940 2793 o.
1002 2755 1172 2809 Flexum
1211 2770 1246 2794 s.
1287 2769 1323 2794 n.
1368 2757 1478 2795 ee'lz'a.
1541 2760 1683 2812 Estque

54 2821 126 2861 hoc
157 2824 321 2861 fortasse
360 2833 516 2859 verum:
558 2824 667 2870 aptus
697 2834 719 2859 a
750 2822 846 2861 collo
884 2822 1120 2875 humerisque
1159 2836 1228 2874 per
1272 2836 1392 2873 genas
1426 2827 1602 2865 transitus
1631 2830 1677 2867 ad

54 2890 196 2929 oculos.
273 2891 447 2943 Infusas
488 2889 648 2940 Guelpli.
699 2893 738 2929 ut
776 2891 979 2940 Fanensis,
1022 2893 1187 2931 sortasse
1226 2905 1328 2931 vere.
1399 2907 1436 2930 v.
1476 2898 1535 2932 13.
1568 2897 1678 2937 labia

53 2959 210 2998 eoralia
284 2974 322 2998 v.
344 2964 404 2998 19.
436 2961 670 3010 semipomas
703 2960 797 3010 (prod
831 2972 958 2997 verum
991 2965 1093 3009 puto.
1154 2974 1193 2999 v.
1216 2964 1282 2999 20.
1314 2961 1436 2999 Sinus·
1468 2976 1676 3015 sarpam-ns·

55 3040 156 3065 vere.
218 3028 412 3079 Denique.
453 3028 547 3079 quod
580 3028 766 3077 proprium
798 3028 1133 3077 (1'uelplierbytano
1172 3030 1348 3067 videtur.
1391 3030 1486 3067 inter
1528 3045 1673 3073 versum

1316 3090 1407 3131 is*
