2006 3365
425 175 494 215 DE
527 174 750 215 VIRGlLII
780 174 876 216 ΗΒ.
907 173 1193 217 IUVENALIS
1224 172 1360 214 LUDI.
1614 175 1713 221 245

82 291 195 339 silio,
229 292 267 329 ut
297 287 486 329 historiam
518 293 654 340 poetae
685 304 706 330 e
736 290 890 341 scriptis
929 289 1012 329 eius
1052 289 1302 341 illustrarent,
1340 291 1379 330 et
1408 288 1522 328 vitam
1553 287 1712 340 aliquam

82 358 237 408 Virgilii
268 369 318 396 ex
350 358 432 408 ipso
467 358 635 408 Virgilio
675 360 968 406 concinnarent,
1009 370 1053 397 eo
1095 358 1190 409 lapsi
1233 361 1320 398 sunt
1356 370 1428 398 non
1470 370 1576 407 raro,
1615 357 1712 409 quod

81 427 230 478 poetice
273 425 372 465 dicta
409 426 454 464 ad
500 426 680 467 historiae
726 428 923 466 veritatem
961 426 1212 476 redegerunt,
1259 429 1323 466 aut
1360 425 1475 465 semel
1513 429 1550 465 et
1589 425 1716 464 obiter

81 495 180 533 dicta
215 495 324 533 ctiam
355 494 400 533 ad
434 507 502 534 eos
535 495 640 535 locos
672 495 938 543 adhibuerunt,
970 495 1032 546 qui
1062 493 1135 532 alio
1167 507 1282 533 sensu
1314 495 1445 546 scripti
1477 497 1620 533 essent.
1672 493 1713 532 ld

81 563 243 601 maxime
272 564 372 615 faya
403 563 552 603 accidit.
613 564 757 615 Nempe
798 562 985 614 Virgilius
1028 562 1142 600 nobili
1181 562 1289 613 loco,
1328 564 1606 615 conspicuoque
1637 575 1714 601 orn-

80 631 212 679 nibus,
245 631 278 669 in
312 631 397 682 ipso
429 631 553 670 limine
584 631 861 679 Bucolicorum,
892 632 987 683 [αφ’
1017 631 1235 669 mentionem
1262 632 1416 670 fecerat.
1476 631 1564 669 Eam
1596 632 1714 670 inter-

80 704 210 750 pretes
242 699 295 738 illi
328 701 436 738 etiam
468 701 503 739 in
537 699 649 739 Diras
689 699 980 751 importandam,
1019 702 1131 750 atque
1171 697 1268 737 hanc
1306 699 1512 747 significari
1553 700 1716 738 obscuro

80 768 144 807 illo
177 769 319 807 nominc
359 769 528 808 Battara·
567 779 761 807 censuere.
823 767 1051 817 Pomponius
1081 767 1127 805 ad
1158 780 1198 805 v.
1234 770 1269 805 l.
1302 767 1477 806 Baliare
1506 769 1715 819 cycneas.)

79 837 281 877 Battarus
314 839 600 890 interpretatur
627 837 754 888 saque
785 836 881 885 illa,
914 835 986 875 sub
1020 849 1100 890 qua
1131 839 1309 875 carmina
1339 836 1534 875 cantabat
1565 837 1612 876 de
1634 836 1715 889 Ly-

80 906 166 946 dia.
227 906 327 945 Hinc
358 909 418 946 est
448 906 544 959 quod
579 905 674 944 idem
713 904 759 944 ad
798 918 837 943 v.
871 908 938 944 36.
977 905 1023 943 de
1061 904 1155 943 love
1195 904 1354 954 fagutali
1395 906 1582 956 disputat,
1624 916 1716 944 eun-

81 975 238 1027 demque
269 975 303 1013 in
336 975 443 1013 finem
475 974 520 1012 ad
552 987 591 1012 v.
624 977 690 1012 64.
723 972 840 1013 haec:
872 974 1048 1013 Battare
1079 973 1336 1024 fluminibus.)
1369 981 1411 1014 ut
1440 977 1479 1012 in
1510 973 1718 1013 Bucolicis

82 1039 178 1095 [lx.
211 1046 249 1081 7.
282 1039 412 1095 sqq-j,
454 1044 571 1082 Certe
600 1042 779 1097 equidem
809 1043 1036 1082 audieram:
1069 1057 1199 1096 usque
1229 1043 1284 1082 ad
1314 1043 1441 1091 illud,
1483 1043 1540 1082 Ec
1577 1044 1720 1095 fracta

81 1114 287 1151 cacumina
315 1113 420 1164 farsi.
453 1113 592 1151 vicina
622 1125 715 1163 erqo
745 1111 882 1164 fluvio.
944 1112 1010 1151 Sic
1041 1111 1125 1150 olim
1157 1111 1358 1161 legebatur
1379 1111 1484 1150 locus
1504 1111 1577 1150 iste
1602 1110 1718 1150 Eclo-

80 1192 178 1229 gae,
210 1186 247 1219 ec
285 1182 435 1219 veteris
467 1182 545 1219 iam
574 1181 715 1232 fracta
747 1183 956 1220 cacumina
983 1182 1100 1234 fayi,
1142 1193 1238 1230 non,
1278 1183 1317 1220 ut
1348 1192 1463 1229 nunc,
1495 1187 1718 1220 veteres-—

80 1249 219 1301 fayos.
281 1249 383 1288 Idem
416 1249 460 1288 ad
494 1249 632 1299 Eclog.
664 1249 694 1288 Ι.
731 1252 767 1288 1.
792 1249 926 1301 Fayz‘.)
988 1250 1107 1289 Hanc
1134 1251 1274 1302 saqum
1305 1249 1494 1300 intelliyit
1523 1252 1719 1288 vetustis-

83 1319 223 1357 simam
253 1317 452 1362 arborem,
488 1332 603 1371 quam
635 1318 708 1357 sub
730 1321 879 1358 nomine
898 1318 1065 1358 Battari
1095 1318 1279 1372 deplorat
1305 1320 1344 1357 in
1368 1318 1504 1357 Diris.
1564 1318 1608 1356 ad
1636 1317 1717 1356 Ecl.

83 1385 152 1425 lx.
185 1397 226 1435 g.
287 1386 337 1425 In
367 1386 487 1425 Diris
521 1387 619 1426 dicit
649 1387 885 1436 Battarum,
918 1388 960 1427 id
993 1392 1056 1427 est
1084 1389 1244 1440 fayam,
1278 1399 1381 1441 quae
1410 1395 1498 1426 erac
1529 1394 1719 1440 tanquam

83 1468 220 1495 numen
259 1458 370 1507 ayn-i,
406 1456 545 1507 fuisse
581 1468 744 1495 caesam
774 1469 800 1495 a
829 1455 1040 1504 militibus,
1081 1463 1118 1496 et
1147 1458 1329 1508 graviter
1366 1455 1485 1495 dolet.
1525 1469 1614 1494 nam
1645 1455 1719 1494 sub

84 1537 134 1563 ea
166 1524 359 1563 cantabat
389 1528 581 1563 carmina.
642 1524 737 1563 Post
767 1523 1035 1575 Pomponium,
1068 1527 1106 1564 et
1137 1522 1232 1563 haud
1265 1524 1377 1563 dubie
1409 1537 1459 1563 ex
1490 1524 1717 1574 Pomponio,

83 1586 271 1631 Domitius
315 1605 359 1631 eo
402 1592 508 1642 loco,
561 1605 666 1645 quem
708 1605 822 1644 supra
861 1593 1081 1632 exscribere
1119 1593 1250 1644 coepI:
1300 1594 1458 1644 Diriffl't
1495 1600 1624 1632 autem
1664 1592 1719 1631 ad

85 1661 321 1711 Bactarum,
367 1674 441 1701 non
472 1663 620 1711 vicum,
661 1669 703 1701 ut
734 1662 864 1716 aliqui
893 1662 996 1701 male
1026 1664 1223 1701 sentiunt:
1265 1662 1339 1702 sed
1372 1664 1477 1701 sicut
1505 1667 1641 1714 potest
1670 1675 1723 1701 ed·

82 1730 216 1769 verbis
255 1729 364 1782 Viry.
399 1730 556 1782 colliyi,
597 1731 799 1770 Baccarus
833 1731 952 1769 arbor
982 1738 1070 1770 erat
1101 1733 1140 1769 in
1173 1743 1271 1783 aqro
1308 1730 1550 1783 Virqiliano:
1583 1733 1721 1783 itaque

80 1800 220 1851 fayum
257 1799 306 1838 de
337 1813 417 1854 qua
451 1801 491 1838 in
521 1799 662 1838 Bucol.
698 1799 840 1839 scribit
871 1800 1140 1851 intelliqimus.
1200 1799 1301 1839 Idem
1332 1800 1523 1839 sentiebat
1555 1799 1718 1848 Badius,

82 1867 180 1906 uude
217 1881 323 1920 quum
368 1882 406 1907 v.
441 1873 506 1907 26.
549 1868 677 1908 libelli
714 1868 912 1917 dicuntur,
956 1867 1134 1907 Bucolica
1175 1871 1280 1920 putat
1327 1867 1575 1918 intelligenda
1615 1879 1718 1906 esse.

82 1936 283 1987 Apparet,
330 1941 368 1976 et
399 1936 572 1985 Domitii,
617 1937 744 1985 Badii,
786 1936 832 1975 ad
865 1951 902 1975 v.
937 1941 1003 1976 27.
1036 1939 1102 1976 40.
1136 1937 1320 1987 exemplis
1353 1936 1535 1986 cognosci
1569 1939 1718 1986 potest,

85 2017 189 2056 quam
221 2018 428 2055 perversas
450 2006 653 2045 Battarus
686 2006 806 2045 arhor
835 2018 960 2044 secum
994 2005 1156 2044 locorum
1187 2005 1419 2055 singulorum
1443 2003 1720 2055 explicationes

85 2073 223 2112 inferre
264 2074 448 2114 debuerit.
517 2074 620 2113 Inter
659 2074 805 2113 fabulas
843 2086 934 2113 suus
967 2074 1204 2113 coniecturae
1236 2073 1377 2113 cuidam
1408 2085 1510 2111 meae
1542 2073 1588 2111 de
1611 2073 1719 2112 Bat-

83 2144 253 2182 caritide
283 2143 409 2181 radice
439 2143 546 2182 locus
578 2143 663 2182 erit.
727 2144 785 2182 De
817 2155 861 2182 ea
880 2141 1044 2183 Cedreni
1077 2145 1240 2183 narratio
1274 2146 1355 2193 est,
1388 2155 1492 2196 quam
1525 2142 1720 2181 indicatam

84 2223 106 2250 a
136 2210 327 2249 Lobeckio
361 2211 616 2262 Aglaopllami
647 2211 695 2251 T.
727 2211 777 2250 11.
809 2224 846 2263 p.
881 2215 975 2251 904.
1007 2212 1153 2262 liabeo,
1186 2212 1286 2251 Hist.
1319 2210 1525 2262 Compend.
1557 2225 1595 2262 p.
1623 2213 1718 2249 241.

93 2276 216 2315 «Daoi
246 2276 313 2323 δὲ,
349 2274 412 2315 ὅτι
444 2277 488 2316 ἐν
518 2279 568 2331 τῇ
609 2277 716 2317 κατά
757 2276 832 2330 τήν
876 2277 1151 2329 Καισάρειαν
1189 2279 1264 2330 τῆς
1309 2278 1547 2324 Φιλίππου,
1595 2278 1638 2315 ὲν
1669 2276 1723 2330 τῇ

87 2344 260 2399 ἆρκταίᾳ
301 2348 425 2385 θέσει
464 2348 537 2399 τῆς
576 2346 816 2399 φάραγγος,
863 2346 984 2399 ῥίζαν
1028 2349 1227 2399 γίνεσθαι
1266 2347 1520 2400 φλογοειδῆ,
1563 2343 1613 2399 ἢν
1645 2361 1720 2384 κα-

86 2416 211 2453 λοῦσι
252 2416 527 2465 Βατταρῖτιν.
568 2414 642 2469 εἶφ’
681 2410 727 2468 ἧς
773 2415 872 2467 περί
915 2416 992 2469 τήν
1040 2412 1224 2467 ἑσπέραν
1268 2415 1555 2469 ἑξαστράπτον
1599 2416 1717 2468 φῶς,

88 2482 438 2535 ἀπροσπέλαστον
485 2479 592 2523 εἶναι
637 2484 710 2524 καί
739 2483 971 2537 α’πρόσιτον
1008 2485 1355 2539 παρασκευάζει,
1397 2484 1467 2524 διὰ
1506 2483 1551 2523 τὸ
1584 2499 1720 2536 παρα-

86 2554 235 2605 χρῆμα
266 2550 338 2591 τὸν
369 2552 582 2603 ἐγγίζοντα
615 2553 920 2607 ἀποθνήσκειν.
954 2554 1168 2594 κυκλόθεν
1191 2549 1266 2594 οὖν
1288 2554 1418 2607 αὐτῆς
1444 2551 1718 2605 περιορύξαν-

87 2637 175 2670 τες,
212 2622 319 2660 κύνα
360 2622 593 2671 ὸέσμοῦσιν
638 2622 684 2661 ἐκ
724 2624 797 2676 τῆς
837 2624 954 2677 ῥίζης
995 2623 1139 2677 αὐτῆς.
1187 2623 1207 2663 ὁ
1241 2623 1357 2663 κύων
1389 2623 1434 2662 δὲ
1465 2627 1554 2668 τοῖς
1587 2621 1719 2660 αὐτοῦ

91 2692 317 2737 δεσπόταις
349 2690 535 2729 ἕπεσθαι
567 2689 753 2741 ἱέμενος,
778 2692 848 2733 ὲπί
869 2692 973 2732 πολύ
1004 2693 1149 2746 σύρων
1181 2693 1349 2747 α’νασπᾷ
1378 2692 1453 2745 τήν
1485 2691 1615 2745 ῥίζαν.
1650 2690 1724 2729 καί

91 2759 218 2807 αὐτὸς
248 2759 326 2811 μὲν
357 2759 540 2812 θνήσκει
571 2764 667 2812 παρ’
686 2761 812 2810 αὐτοὶ,
836 2763 912 2815 τήν
943 2762 1063 2815 ῥίζαν
1096 2762 1141 2802 δὲ
1172 2763 1475 2814 περιάπτοντες
1504 2759 1604 2806 τούς
1628 2760 1719 2798 δαι-

89 2830 396 2880 μονιζομένους
428 2828 738 2880 θεραπεύουσι.
798 2833 893 2887 Quid
928 2836 960 2875 si
992 2835 1039 2874 ab
1077 2833 1151 2874 hoc
1181 2836 1216 2873 iu
1249 2835 1352 2873 Diris
1396 2835 1571 2873 Battaro
1610 2831 1721 2871 radix

90 2901 190 2941 dicta
219 2902 444 2941 Balearicis
475 2901 600 2940 fuerit.
660 2901 787 2942 Potuit
818 2903 882 2942 illa
912 2908 1057 2951 aelate,
1099 2915 1205 2955 quam
1234 2902 1488 2942 miraculorum
1519 2913 1641 2951 amor,
1682 2904 1721 2940 et

91 2969 222 3010 insana
250 2973 388 3022 poetae
419 2982 512 3010 sane
543 2982 646 3023 quam
678 2972 803 3021 magni
833 2973 1049 3022 admiratio,
1093 2973 1144 3011 ita
1185 2972 1519 3023 perturbaverant,
1560 2972 1599 3009 ut
1639 2983 1717 3009 ma-

91 3038 202 3090 gices
231 3041 388 3092 peritum
427 3040 547 3080 fuisse
585 3037 787 3090 Virgilium
819 3040 1007 3081 crederet:
1053 3042 1173 3093 potuit
1203 3053 1247 3079 ea
1278 3041 1402 3080 aetate
1432 3039 1480 3077 ab
1512 3037 1721 3078 hominibus
