2006 3365
599 133 668 172 DE
698 132 850 174 POESI
883 131 1086 173 CATONI
1095 132 1218 172 ANA.
1629 137 1724 182 291

94 253 217 296 recte,
251 249 335 301 quia
366 248 422 286 sic
460 247 564 292 libri,
618 249 888 298 Augustanus,
936 251 974 287 ct
1012 247 1107 287 haud
1147 249 1260 287 dubie
1301 248 1434 287 Petav.
1472 245 1621 286 Tlruan.
1681 249 1731 288 Et

94 317 306 355 Vossianus
345 320 412 355 81.
454 318 626 356 Aetolia
665 317 808 357 nitidis
854 330 1000 370 corpus
1037 318 1142 369 Γαίῃ.
1213 316 1342 366 Vulgo
1382 316 1544 357 Attollit
1582 324 1727 369 pectus

91 385 231 424 nitidis
265 388 338 424 etc.
513 399 550 424 v.
588 389 679 424 190.

317 454 372 493 Ec
403 455 581 493 ¹validum
612 456 756 494 dextra
785 461 961 493 truncum
993 454 1172 493 detraxit
1202 455 1253 494 ab
1285 469 1391 495 orno.

90 520 194 560 Unus
225 523 344 562 Voss.
379 527 444 562 Sl.
484 524 539 562 Ec
580 524 722 563 ualida
765 524 909 562 dextra
951 530 1002 561 tr.
1034 523 1085 562 ab
1117 537 1184 563 ore
1213 525 1282 562 mei
1314 537 1465 573 omncs,
1498 524 1558 564 vel
1590 525 1724 566 abore.

515 605 554 630 v.
587 593 681 630 232.
716 606 800 644 sqq.

318 661 438 716 Quem
469 663 579 699 circa
609 663 750 700 tristes
783 660 997 699 densentur
1027 662 1065 699 in
1095 663 1225 699 omnia
1253 674 1419 712 poenae.

316 731 422 769 Nam
453 732 614 769 vinctus
647 729 760 769 sedet
798 731 970 767 inmanis
1001 729 1254 782 serpentibus
1288 728 1410 778 Otos,

315 799 554 837 Devinclum
584 805 758 837 moestus
787 799 930 851 procul
961 798 1199 850 adspiciens
1231 798 1475 852 Ephialten,

316 867 463 907 Conati
494 866 689 922 quondam
725 880 838 921 quum
870 868 953 905 sint
983 867 1217 906 inscendere
1245 868 1438 908 mundum.

86 949 126 974 v.
159 937 253 974 232.
286 948 381 974 unus
406 936 523 975 Voss.
556 939 622 975 81.
656 936 776 991 Quem
806 937 948 974 tristes
980 936 1093 974 circa
1125 936 1342 975 densentur
1379 935 1628 976 collocatione
1658 950 1724 977 ar-

86 1005 272 1053 tificiosa,
305 1017 410 1057 quam
442 1018 513 1043 nou
547 1005 699 1043 audeam
730 1017 922 1043 assumere
954 1017 1003 1043 ex
1035 1017 1106 1043 uno
1139 1004 1251 1044 libro.
1321 1004 1543 1046 densantur
1573 1007 1724 1046 Veneta

85 1073 225 1112 Acbat.
260 1075 298 1111 in
330 1075 465 1113 omittit
495 1073 667 1123 August.
727 1086 864 1112 versus
897 1077 991 1113 233.
1039 1073 1158 1123 vulgo
1191 1076 1229 1112 et
1260 1074 1294 1112 in
1328 1074 1434 1113 libris
1465 1078 1622 1127 quatuor
1653 1088 1723 1115 an-

85 1143 199 1195 tiquis
240 1143 289 1182 ita
330 1144 564 1193 conceptus:
611 1142 719 1181 IVam
764 1144 898 1182 victus
945 1142 1057 1182 sedet
1098 1145 1276 1182 immanis
1316 1144 1567 1197 serpentibus
1607 1146 1723 1185 ochos

85 1212 156 1250 nisi
189 1211 286 1263 quod
321 1212 447 1269 Quam
478 1212 618 1250 vitiose
663 1212 697 1250 in
740 1213 908 1263 August.
955 1218 1017 1251 set
1047 1218 1085 1251 et
1115 1213 1149 1250 in
1189 1211 1397 1263 Tbuaueo,
1438 1216 1476 1252 et
1518 1212 1646 1253 Odius
1687 1215 1724 1253 in

85 1280 240 1329 eodemg
280 1282 452 1320 inmanis
494 1281 696 1332 perspicue
734 1281 911 1331 scriptum
949 1281 984 1319 in
1025 1282 1193 1330 August.
1236 1283 1285 1321 im
1321 1285 1448 1321 manis
1494 1283 1614 1322 Voss.
1656 1287 1722 1322 81.

84 1362 236 1387 versum
268 1352 364 1388 234.
405 1349 514 1388 iidem
547 1361 675 1388 omnes
713 1349 791 1388 ita:
832 1350 1057 1389 Deuinctus
1097 1358 1271 1390 moestus
1319 1350 1410 1398 (vel
1440 1354 1616 1403 mestus)
1654 1366 1720 1405 pr.

85 1430 176 1470 asp.
209 1431 242 1456 e.
314 1419 464 1468 praeter
509 1416 783 1466 Mutinensem,
830 1418 865 1455 in
904 1431 975 1469 qua
1012 1419 1227 1459 Deuictus.
1297 1420 1376 1459 Vix
1421 1420 1592 1472 dubium,
1634 1422 1722 1473 quin

85 1489 188 1524 recte
219 1486 498 1525 cumulaverint
531 1485 600 1523 viri
634 1485 795 1524 eruditi:
837 1488 995 1526 vinctus
1021 1510 1073 1516 ——
1097 1489 1338 1529 Devinctum
1381 1496 1570 1529 moestus.
1631 1504 1722 1530 ser-

83 1561 224 1606 pentes
257 1554 331 1594 Oto
365 1555 496 1593 tribuit
526 1559 661 1605 poeta,
704 1557 743 1593 ut
772 1554 836 1593 alii
869 1555 1114 1604 Gigantibus.
1176 1556 1231 1595 At
1262 1557 1298 1595 in
1331 1569 1481 1596 versum
1515 1561 1608 1597 235.
1642 1559 1723 1609 pri-

85 1635 186 1661 scam
218 1624 399 1661 revocavi
432 1624 651 1673 scripturam
682 1622 878 1673 Tbuanei,
913 1625 1129 1673 Petrwiani,
1164 1624 1410 1674 Augustani:
1445 1626 1491 1665 C.
1525 1628 1722 1680 quondam

86 1691 274 1740 (August.
293 1692 477 1741 condam)
511 1705 593 1730 cum
620 1693 701 1730 sine
722 1693 957 1731 inscendere
975 1707 1020 1732 m.
1069 1693 1165 1732 uude.
1198 1697 1318 1732 uatum
1352 1695 1478 1733 vitium
1510 1695 1718 1745 vulgatae:

83 1761 129 1800 C.
163 1761 358 1813 quondam
390 1760 559 1809 (Veneta
589 1759 729 1799 Acbat.
763 1761 953 1810 condam)
988 1774 1071 1800 cum
1103 1764 1185 1801 sint
1216 1763 1416 1801 incendere
1446 1765 1649 1804 mundum:
1681 1767 1722 1805 ut

82 1830 190 1868 etiam
223 1830 257 1867 in
290 1829 520 1878 Augustano
552 1828 727 1867 librarius
758 1830 909 1880 primum
941 1831 1150 1871 incendere
1180 1831 1412 1882 scripserat,
1445 1833 1511 1871 sed
1535 1837 1667 1884 postea
1698 1847 1720 1874 s

83 1899 252 1936 inseruit.
314 1898 528 1938 Vossianus
560 1902 626 1937 81.
660 1898 808 1938 Conati
839 1912 950 1953 quom
982 1901 1064 1938 sint
1098 1901 1291 1954 quondam
1321 1902 1553 1942 rescindere
1582 1903 1718 1943 celum.

82 1966 291 2016 proponam
324 1966 394 2005 bac
425 1967 706 2017 opportunitate
732 1980 844 2005 meam
869 1969 1057 2020 quamdam
1086 1969 1355 2008 dubitationem
1380 1970 1424 2009 de
1441 1970 1629 2010 Vossiano
1651 1976 1716 2011 81.

81 2034 120 2074 Is
152 2035 295 2081 codex,
328 2036 469 2084 bonus⁷
500 2036 697 2087 antiquus,
731 2036 906 2075 nonnulla
937 2035 1103 2086 babere,
1137 2038 1168 2075 si
1201 2041 1310 2077 acute
1343 2038 1440 2090 loqui
1468 2038 1578 2087 licet,
1611 2041 1716 2079 nimis

80 2105 179 2144 hona
210 2104 371 2142 videtur.
433 2103 551 2142 Unum
583 2103 655 2142 hoc
686 2107 767 2155 est,
806 2117 851 2144 eo
884 2118 989 2158 quem
1023 2119 1117 2145 nunc
1149 2109 1350 2146 tractamus
1380 2107 1495 2147 loco:
1538 2109 1599 2148 ubi
1630 2110 1715 2162 quid

79 2175 204 2223 magis
237 2174 317 2211 veri
351 2172 469 2211 simile
511 2185 615 2224 quam
647 2174 875 2213 rescindere
905 2178 942 2214 et
972 2176 1117 2214 coelum
1155 2176 1202 2214 ab
1240 2178 1479 2215 emendatore
1510 2177 1635 2230 aliquo
1666 2191 1717 2217 ex

80 2242 177 2281 locis
208 2242 369 2292 geminis
410 2241 555 2292 Georg.
591 2243 621 2281 1.
654 2245 750 2282 280.
783 2244 821 2281 et
852 2242 1015 2282 Aeneid.
1057 2244 1124 2282 Vl.
1157 2248 1251 2283 583.
1292 2244 1429 2283 illatum
1470 2246 1505 2284 in
1547 2245 1715 2287 Culicem

80 2307 199 2351 esse?
257 2310 427 2349 Alterum
462 2324 574 2350 versu
609 2315 703 2350 331.
745 2312 806 2349 ubi
838 2314 1005 2352 ranolea
1036 2313 1215 2353 caribdis
1255 2314 1290 2352 iu
1324 2326 1394 2353 uno
1427 2314 1489 2353 illo
1522 2315 1714 2356 Vossiauo

79 2384 146 2419 81.
181 2381 276 2418 unde
308 2380 543 2419 Schraderus
575 2381 737 2432 egregio
775 2381 944 2420 acumine
975 2382 1183 2422 Zanclaea
1214 2383 1317 2422 fecit.
1379 2383 1530 2423 Caeteri
1563 2397 1712 2436 omncs,

78 2452 351 2500 Augustanus,
393 2451 500 2488 ctiam
532 2450 736 2489 Tbuaneus
768 2453 806 2490 et
836 2451 1092 2500 petavianus,
1125 2455 1163 2490 ut
1192 2451 1377 2490 silentium
1409 2453 1520 2491 docet
1553 2453 1702 2504 Vossii,

79 2523 117 2559 et
148 2519 349 2558 B‹·ml)inus
380 2517 474 2556 baud
508 2519 640 2568 dubio,
670 2521 876 2560 metuenda
906 2534 940 2560 c.
1002 2520 1097 2573 Quid
1137 2517 1281 2569 igitur?
1332 2520 1426 2559 Num
1458 2535 1585 2561 veram
1616 2528 1654 2562 ct
1684 2537 1706 2563 a

78 2592 214 2640 poetae
246 2600 350 2626 manu
383 2589 584 2638 profectam
618 2590 837 2640 scripturam
873 2589 1082 2628 Zanclaea
1115 2591 1349 2641 putabimuS,
1382 2592 1587 2630 metuenda
1619 2604 1709 2630 vero

79 2657 363 2708 interpolatam,
399 2669 448 2694 ex
479 2657 631 2706 ingenio
664 2657 800 2696 illatam
832 2659 878 2697 ab
912 2672 980 2707 eo,
1015 2660 1074 2710 qui
1105 2660 1230 2709 prisca
1264 2664 1301 2697 et
1332 2661 1494 2707 genuina
1524 2661 1709 2711 scriptura

78 2730 140 2764 aut
173 2727 337 2764 nesciret
370 2726 440 2774 uti,
470 2729 534 2764 aut
567 2726 616 2764 uti
650 2722 793 2765 nolit-t?
824 2731 861 2766 et
893 2726 988 2766 banc
1020 2731 1090 2766 tam
1123 2728 1266 2766 foedam
1301 2729 1605 2778 ‹leprm'ationem
1638 2733 1708 2768 tam

78 2797 219 2832 mature
260 2794 412 2833 codices
452 2793 546 2831 alias
592 2795 752 2844 optimos
793 2793 1024 2835 obsedisse?
1084 2797 1167 2835 Non
1209 2797 1400 2835 credibile.
1462 2797 1571 2835 Alius
1603 2796 1708 2836 locus

78 2863 258 2901 eiusmodi
299 2865 357 2901 est
398 2876 434 2900 v.
477 2865 570 2900 360.
618 2863 678 2901 ubi
716 2865 780 2903 bic
820 2871 882 2904 est
920 2872 957 2904 et
988 2868 1117 2904 oralia
1149 2868 1278 2905 rirtus
1324 2867 1357 2903 in
1390 2865 1536 2904 Tbuan.
1571 2865 1705 2904 Petav.

78 2930 247 2979 August.
288 2931 383 2969 unde
424 2930 584 2980 vulgata
626 2942 703 2969 cum
743 2933 838 2971 vitio
880 2935 1008 2973 metri:
1051 2936 1115 2974 bic
1157 2941 1219 2974 est
1249 2938 1382 2974 oralia
1413 2937 1568 2973 uirtus:
1601 2936 1640 2972 at
1670 2935 1705 2973 in

78 2998 195 3038 Voss.
211 3003 277 3039 81.
309 3001 373 3040 hic
390 3006 451 3040 est
472 3007 509 3039 et
534 3001 725 3052 qraccbia
749 3017 784 3039 u.
848 3002 992 3041 Rursus
1019 3003 1128 3041 alium
1150 3004 1271 3042 statim
1292 3002 1532 3040 tractabimus
1551 3016 1586 3040 v.
1608 3005 1703 3042 356.

1342 3063 1433 3105 19*
