2006 3365
509 152 559 191 ΙΝ
595 153 816 193 VALERH
850 154 1084 195 CATONIS
1115 155 1296 196 DlnAS.
1659 163 1725 206 29

83 263 230 313 stubei,
261 264 509 314 Mutinensis,
541 266 814 315 Lovaniensis;
852 270 982 319 Acta,
1015 271 1178 320 Nacta,
1210 272 1382 321 Actius,
1415 270 1605 322 Pectius,
1646 272 1723 313 Ve-

82 334 212 381 ctius,
253 333 470 382 Vectones,
505 335 692 385 Coelius,
725 337 859 385 Cocti,
900 350 995 388 quae
1025 339 1166 389 passim
1197 341 1474 379 annotaverunt
1505 340 1577 378 viri
1600 340 1722 391 docti3

82 402 120 440 et
151 401 247 454 quod
280 402 435 452 propius
467 403 597 452 abest,
631 405 786 444 Bactra
820 418 887 456 pro
921 406 1100 444 Battara
1131 408 1167 444 in
1193 407 1282 446 MS.
1307 407 1482 447 Politiani
1498 405 1578 447 Cic.
1594 408 1721 459 Epist.

84 469 182 508 Fam.
202 469 290 509 Vll.
319 485 372 508 ιχ.
435 471 533 510 Sunt
563 472 597 510 in
629 472 690 511 bis
721 473 896 511 nonnulla
928 486 1084 523 prorsus
1117 476 1275 525 vitiosa,
1308 479 1346 514 ct
1376 488 1471 528 quae
1502 476 1590 514 nulli
1620 477 1720 515 hono

78 539 322 586 grammatico
361 538 397 576 in
429 543 586 578 mentem
619 542 774 579 venisse
816 540 995 579 credibile
1033 544 1115 591 est,
1154 542 1272 581 veluti
1311 556 1417 595 quum
1459 545 1492 582 in
1526 544 1721 584 codicibus

79 605 216 645 Catulli
248 609 354 646 actis
388 608 572 658 reperitur
602 621 671 659 pro
703 621 747 646 vo
779 609 875 659 quod
908 609 1060 658 verium,
1100 611 1240 659 Attis;
1279 615 1366 650 sunt
1396 624 1525 651 rursus
1556 612 1650 663 alia,
1682 614 1719 652 in

78 675 213 726 quibus
244 676 464 726 scripturam
497 689 596 724 eam,
636 688 730 727 quae
762 679 822 714 est
851 688 919 726 per
950 683 1013 725 ct,
1057 678 1239 715 veriorem
1278 680 1488 729 suspiceris
1528 693 1638 724 esse,
1681 685 1720 721 ct

76 744 199 792 magis
230 743 378 782 latinam
409 744 550 783 altera:
585 750 625 782 ut
654 751 822 783 mactea.
886 743 1036 782 Deinde
1074 744 1187 784 latius
1225 748 1344 797 patuit
1380 747 1531 786 licentia
1561 750 1720 801 sonique

76 811 260 862 plenioris
292 825 416 860 amor,
449 816 489 851 ut
519 813 611 850 iul'ra
633 825 668 851 v.
691 813 757 850 27.
790 814 956 852 virectis
989 816 1051 852 cst
1082 814 1115 851 in
1147 814 1270 852 multis
1295 814 1424 864 libris3
1457 816 1579 855 dictio
1606 816 1717 867 alibi3

75 881 273 920 condictio
304 881 441 930 Eclog.
474 894 512 919 v.
547 884 611 920 43.
644 884 682 920 ct
713 884 778 919 52.
812 880 1008 920 Parisinus
1039 881 1108 920 IV.
1171 882 1253 935 Quo
1285 885 1452 922 fortasse
1487 885 1594 923 etiam
1625 897 1719 936 per-

76 950 191 996 tinet,
223 949 318 1000 quod
351 961 436 987 mox
468 963 505 987 v.
534 953 592 987 15.
629 950 863 998 videbiuum,
896 951 1090 1002 effectus.
1151 951 1396 1002 Adspergam
1428 952 1501 990 alia
1532 966 1580 992 ex
1613 954 1719 993 libris

73 1019 177 1056 meis.
208 1019 397 1069 frutectis
430 1018 464 1056 in
491 1017 612 1057 Carm.
647 1019 692 1056 dc
713 1019 830 1058 Rosis
855 1032 893 1056 v.
918 1023 978 1058 13.
1001 1020 1275 1070 Augustanus,
1307 1024 1345 1059 et
1369 1021 1427 1059 ed.
1449 1021 1717 1062 Lovauiensis.

73 1088 242 1125 Actuttit
279 1099 346 1138 pro
380 1087 542 1126 Attollit
573 1087 607 1124 in
641 1084 772 1125 Culicc
805 1100 841 1124 V.
877 1090 969 1126 168.
995 1087 1210 1127 Vossianus
1241 1092 1307 1127 Si.
1354 1097 1473 1140 ynete
1504 1090 1587 1130 Cul.
1624 1093 1717 1130 179.

73 1160 111 1193 ct
139 1163 285 1206 mactas
318 1156 351 1194 in
385 1153 506 1194 Carm.
540 1155 585 1194 de
617 1157 733 1195 Rosis
766 1169 825 1193 vs.
854 1161 890 1195 9.
925 1156 1017 1194 iden!
1039 1156 1156 1195 Voss.
1177 1160 1244 1196 Sl.
1306 1159 1497 1198 (luctaris
1522 1158 1716 1200 Cul.241.

72 1223 192 1262 Voss.
226 1227 291 1263 81.
333 1227 369 1263 et
410 1225 604 1275 (ἐκφανὴς
636 1225 905 1273 Augustanus.
967 1225 1134 1264 Lictora
1175 1225 1259 1266 Cul.
1293 1230 1387 1265 355.
1431 1227 1547 1265 Voss.
1580 1231 1646 1268 81.
1679 1232 1718 1268 at

72 1293 161 1331 ibid.
182 1297 276 1331 307.
310 1293 452 1331 Litora
484 1294 518 1331 in
551 1294 680 1332 codem
715 1293 892 1331 Vossian.
925 1297 990 1331 81.
1044 1294 1187 1333 Litora
1218 1296 1417 1347 utrobique
1449 1298 1715 1344 Augustanus.

69 1363 282 1413 fructicum
313 1360 397 1400 Cul.
432 1366 497 1400 55.
531 1362 648 1400 voss.
675 1366 740 1401 Sl.
774 1362 963 1401 victutum
995 1363 1029 1400 in
1062 1363 1174 1412 Virg.
1208 1362 1288 1403 Ecl.
1322 1363 1390 1402 llI.
1419 1364 1569 1403 Veneta
1594 1365 1715 1405 Mait-

72 1431 183 1469 tairii.
302 1429 341 1468 ln
374 1430 547 1468 Parisino
580 1430 648 1469 IV.
681 1443 830 1481 semper
861 1429 1051 1470 Boccare
1081 1432 1276 1471 scribitur.
1338 1432 1379 1470 ln
1410 1433 1587 1471 Medici-0
1613 1433 1714 1474 Plut.

72 1498 258 1536 xxxix.
300 1498 396 1538 cod.
430 1514 543 1536 xum.
589 1501 754 1537 testante
792 1498 840 1537 T.
873 1498 921 1537 ll.
954 1511 986 1538 c.
1021 1504 1117 1539 309.
1173 1501 1380 1542 Bandinio:
1424 1501 1603 1542 Bac-hire
1641 1516 1713 1555 cy-

71 1580 194 1606 cneas
224 1581 256 1605 r.
289 1580 324 1605 c.
358 1581 396 1607 v.

184 1704 233 1743 V.
267 1709 305 1743 2.
350 1709 542 1743 DlvlSAS
570 1709 750 1743 ITERUM
776 1708 925 1743 SEDES
952 1709 1010 1742 ET
1035 1710 1163 1744 RURA
1190 1712 1432 1747 CANAMUS.

157 1770 352 1826 Dicisas]
395 1774 564 1812 Subinde
604 1773 845 1812 intercalatur
878 1769 922 1809 τό
956 1774 1221 1827 Repetamus,
1261 1780 1300 1816 ut
1330 1779 1457 1816 innuat
1487 1791 1530 1818 se
1562 1779 1645 1818 olim
1676 1780 1713 1818 in

72 1841 336 1891 indignatione
367 1841 460 1881 haec
488 1843 556 1880 iam
580 1842 740 1881 dixisse.
800 1842 928 1882 Sedes
955 1844 1144 1893 divisas,
1177 1845 1239 1883 vel
1272 1847 1368 1898 quod
1403 1849 1596 1886 veteranis
1622 1848 1710 1887 Sul-

72 1911 128 1949 lae
159 1912 346 1961 assignati
378 1913 525 1950 suerunt
557 1912 636 1949 vius
668 1912 776 1960 agri,
810 1910 869 1949 vel
903 1912 1066 1952 divisas
1100 1913 1279 1963 intelligit
1308 1915 1482 1955 devotas.
1523 1916 1590 1956 Sic
1617 1917 1713 1956 Pro-

73 1981 234 2030 portius:

583 2062 634 2087 an
665 2063 721 2088 me
751 2049 866 2088 Deus
899 2045 1060 2089 obruit?
1092 2064 1144 2088 (ιιι
1176 2064 1280 2105 (setae

411 2118 537 2158 Lecta
569 2119 815 2157 Prometheis
848 2118 995 2157 dividit
1023 2119 1145 2158 herba
1177 2117 1317 2171 iuqis?

74 2186 268 2226 Dividere
298 2200 392 2237 ergo
424 2187 653 2236 maledictis,
694 2190 730 2226 et
763 2188 937 2238 ‹lllferre
974 2191 1127 2226 veteres
1167 2188 1364 2239 dicebant,
1404 2194 1442 2230 ut
1474 2190 1610 2230 Graeci
1643 2189 1710 2228 ἕν-

74 2253 318 2295 ὸατεῖσθαι.
363 2256 579 2307 Sophocles
606 2255 843 2295 Trachiniis:
878 2253 951 2292 καί
980 2257 1158 2292 πλεῖστα
1190 2254 1262 2293 τὸν
1294 2254 1369 2294 σὸν
1400 2258 1712 2309 ἑνδατοιῇιιενος

73 2322 221 2372 γάμον.
254 2328 293 2364 et
323 2325 492 2365 Catullus
523 2324 713 2363 similiter:

302 2394 392 2433 Non
418 2399 456 2434 si
484 2409 541 2434 me
571 2395 735 2446 infestis
768 2394 1002 2446 discerpant
1034 2395 1174 2434 sidera
1207 2396 1342 2435 dictis.
1383 2401 1566 2436 SCALIG.

158 2463 241 2502 Non
264 2463 398 2512 probat
413 2463 635 2514 Propertius
660 2462 752 2510 hoc,
775 2463 870 2515 quod
894 2463 975 2501 vult
994 2462 1184 2512 Scaliger.
1212 2464 1288 2503 Sed
1306 2464 1378 2504 boc
1397 2471 1477 2505 crat
1497 2468 1567 2505 viri
1586 2468 1711 2516 magni

74 2532 286 2582 ingenium,
325 2534 365 2569 ut
394 2543 650 2584 nonnunquam
681 2543 786 2580 rara,
826 2531 999 2578 insolita,
1042 2532 1225 2584 nullisque
1257 2535 1371 2572 certis
1403 2535 1588 2586 exemplis
1619 2549 1710 2587 pro-

74 2601 198 2639 banda
229 2599 374 2645 mallet,
406 2612 510 2650 quam
542 2601 699 2647 usitata,
732 2599 930 2650 simplicia.
985 2599 1070 2638 Non
1103 2601 1226 2650 magis
1258 2603 1345 2641 ferri
1378 2607 1505 2654 potest
1535 2604 1709 2652 alterum,

76 2669 172 2720 quod
205 2668 321 2706 Badio
353 2667 386 2704 in
419 2670 572 2706 mentem
605 2670 731 2713 venit,
771 2669 891 2708 sedes
924 2669 1087 2709 divisas
1127 2682 1216 2709 esse
1246 2685 1273 2709 a
1300 2673 1612 2723 possessoribus
1645 2687 1709 2712 se-

77 2740 267 2786 iunctas;
309 2748 414 2788 quem
446 2737 479 2773 in
513 2749 658 2775 sensum
691 2736 820 2776 Gloss.
854 2737 902 2777 V.
935 2737 965 2776 Ι.
1000 2738 1162 2778 divisas
1195 2740 1315 2779 sedes
1347 2741 1563 2791 simpliciter
1595 2742 1711 2780 iuter-

75 2810 262 2857 pretatur:
301 2818 423 2856 (tyros
455 2804 627 2844 ablatos.
690 2807 737 2845 Et
769 2805 1033 2846 Roxbornius:
1070 2820 1096 2846 (ι
1129 2807 1272 2861 quibus
1304 2810 1405 2849 Cato
1438 2831 1488 2836 —
1520 2817 1606 2848 erat
1637 2825 1709 2850 es-

76 2876 239 2924 clusus,
281 2875 337 2914 ad
368 2887 471 2928 quas
503 2874 585 2924 ipsi
623 2881 731 2913 tutus
772 2876 910 2915 aditus
950 2889 1025 2915 non
1053 2877 1235 2929 patebat.
1297 2877 1436 2917 Laudat
1468 2877 1710 2918 Boxbornius

74 2946 235 2996 penitus
267 2950 346 2983 toto
378 2943 523 2981 divisos
554 2941 643 2980 orbe
666 2941 911 2992 Britannos,
945 2948 982 2982 et
1013 2946 1194 2985 (lividere
1222 2947 1375 2984 verbum
1406 2958 1494 2984 csse
1522 2946 1709 2996 peculiare

77 3010 391 3063 Geograpborum
411 3012 553 3060 monet,
577 3010 637 3061 qui
661 3011 843 3060 regiones
867 3012 1098 3063 fluminibus,
1127 3013 1188 3051 vel
1207 3014 1392 3052 montibus
1419 3015 1549 3054 dicidi
1571 3016 1707 3058 dicant.
