2006 3365
505 149 633 190 VITA
667 149 901 191 CATONIS
936 150 1004 191 ΕΤ
1041 150 1292 192 SCRIPTA.
1632 154 1733 198 273

348 263 462 304 Unde
493 266 568 304 alii
596 266 761 317 fnyisse
789 267 950 318 ferant,
992 272 1031 306 ct
1061 269 1220 305 numina
1250 266 1447 319 Aphaeae

349 332 528 385 Viryz‘nis
561 335 807 385 adsiynant:
840 335 942 384 alii,
976 348 1050 389 qno
1082 337 1212 374 notior
1241 348 1383 384 esses,

341 401 586 454 Dictynnam
619 404 758 442 dixere
786 409 853 442 tao
885 404 935 442 cle
964 406 1114 443 nomine
1144 403 1314 443 Lunam.

84 469 280 523 Aphaeae
310 482 359 509 ex
406 471 600 521 praeclara
640 472 922 515 emendatione,
964 484 1068 523 quam
1115 472 1279 522 primus,
1323 473 1362 510 ut
1400 470 1571 521 videtur,
1613 469 1727 510 Ianus

84 537 332 586 Parrhasius,
375 542 463 589 post
505 539 745 578 Parrhasium
784 539 860 578 Iac.
897 538 1078 578 Nicolaus
1124 539 1305 587 Lo'ensiS,
1348 542 1387 578 et
1425 541 1514 589 post
1552 538 1650 578 hunc
1681 540 1724 578 P.

84 605 302 657 Leopardus
337 610 373 646 et
406 607 584 656 Scaliger
614 610 796 646 fecerunt.
858 606 987 658 Vulgo
1019 610 1177 646 numina
1199 607 1379 659 phocae,
1413 612 1451 646 et
1482 609 1539 646 sic
1571 610 1726 647 veteres

82 675 152 714 mei
186 687 339 723 omncs,
374 674 525 714 Veneta
556 675 703 723 Rubci,
728 676 953 720 Vicentina⁷
980 675 1196 713 Vossianus
1223 674 1272 712 11.
1298 677 1335 713 et
1359 675 1618 725 Basileensis,
1650 677 1725 715 nisi

81 744 177 795 quod
212 745 245 781 in
280 743 373 793 boc,
415 747 454 782 ut
485 744 605 792 solet,
634 744 760 795 phoce
798 742 953 792 legitur.
1013 743 1153 782 Moneo
1194 747 1324 782 contra
1356 743 1654 789 Friesemaunum
1686 749 1725 786 et

81 811 289 862 Heyuium,
323 813 383 864 qui
415 815 575 852 numina
607 812 772 863 Apheae
812 823 899 849 esse
931 811 965 849 in
999 825 1065 849 ms.
1100 811 1312 850 Basileensi
1346 814 1511 850 narrant.
1568 814 1724 865 phocae

79 881 187 919 etiam
220 880 378 930 legebat
409 881 636 931 Pomponius
677 880 858 919 Sabinus.
920 881 1042 919 Versu
1083 892 1164 933 seq.
1206 882 1400 932 assiynat
1439 879 1589 920 Veneta
1620 881 1721 921 Rub.

78 950 274 1000 adsiynat
325 949 442 988 Basil.
484 951 703 1000 assiynant
753 948 906 988 Viccnt.
939 952 977 988 et
1010 948 1128 987 Voss.
1161 948 1210 987 ΙΙ.
1273 949 1437 990 Caetera
1467 950 1588 1001 proba
1619 953 1719 990 sunt.

79 1018 334 1068 Supplendum
380 1022 439 1057 est
478 1018 573 1057 tibi:
620 1018 821 1069 assignant
861 1017 931 1056 tibi
971 1018 1117 1056 numina
1156 1017 1344 1068 Aphaeae
1384 1018 1574 1068 virginis,
1615 1019 1653 1058 h.
1686 1032 1720 1059 e.

77 1086 181 1125 deam
214 1091 273 1136 te,
320 1086 505 1137 Aphaeae
537 1087 701 1136 virginis
733 1087 899 1135 nomine,
941 1087 1094 1125 faciunt.
1154 1086 1242 1125 Non
1274 1099 1370 1138 opus
1403 1090 1441 1126 ut
1471 1101 1607 1127 namen
1640 1100 1720 1127 cum

76 1154 234 1194 Nicolao
263 1156 402 1194 boensi
435 1158 472 1194 et
503 1155 546 1193 P.
566 1155 788 1205 Leopardo,
822 1159 884 1194 aut
915 1168 1048 1195 nomen
1079 1155 1191 1204 legas
1224 1167 1303 1194 cum
1336 1155 1555 1206 Scaligero.
1617 1157 1720 1196 Ver-

75 1236 155 1261 sum
186 1227 281 1262 305.
323 1224 498 1274 Heynius
537 1225 588 1263 ita
630 1224 829 1263 tentabat:
874 1225 1118 1277 Dictynnam
1149 1225 1320 1274 disere,
1365 1231 1433 1264 tao
1465 1226 1514 1265 de
1544 1228 1718 1275 nomine,

74 1291 208 1331 Luna.
242 1305 366 1343 parum
399 1292 590 1331 feliciter:
636 1292 861 1343 Dictynnam
893 1292 1116 1343 appellatam
1148 1305 1238 1332 esse
1268 1292 1428 1344 puellam
1462 1293 1561 1333 illam
1594 1308 1615 1334 a
1646 1308 1720 1334 uo-

75 1361 170 1398 mine
201 1361 318 1410 deae,
350 1373 480 1409 nemo,
507 1360 604 1412 quod
633 1361 770 1409 sciam,
794 1361 959 1400 tradidit.
1022 1361 1105 1400 Hoc
1130 1361 1241 1410 dicit,
1261 1361 1409 1413 puellae
1430 1375 1560 1402 nomen
1591 1367 1720 1403 trans-

74 1428 184 1467 latmn
217 1441 304 1466 esse
335 1430 370 1467 in
400 1429 516 1467 deam.
580 1428 835 1481 Quaerebam,
867 1442 912 1468 an
944 1432 1042 1469 sorte
1075 1429 1136 1469 bic
1159 1434 1271 1481 poeta
1293 1429 1473 1470 Catonem
1493 1433 1719 1483 respiceret.

76 1497 153 1536 Sed
186 1501 356 1547 praestat
387 1497 434 1536 de
465 1497 632 1536 diversis
665 1498 886 1537 civitatibus
917 1500 1002 1537 sive
1034 1499 1212 1549 populiS,
1245 1511 1397 1551 quorum
1429 1499 1491 1539 hic
1523 1500 1720 1551 Apliaeam

75 1565 257 1613 coluerit,
291 1565 352 1603 ille
380 1566 630 1616 Dictynnam,
664 1567 850 1616 intelligi,
885 1570 923 1607 ut
948 1569 1037 1606 facit
1063 1567 1254 1616 Scaliger.
1287 1568 1416 1617 Pergo
1435 1568 1480 1606 de
1495 1570 1720 1623 Dictynna.

74 1634 213 1681 Poeta,
247 1635 351 1672 cuius
384 1646 512 1672 nomen
547 1635 675 1673 doceri
711 1635 847 1687 velim,
888 1636 956 1675 sed
990 1637 1137 1675 videtur
1167 1637 1360 1687 posterior
1390 1636 1573 1687 Augusto
1605 1651 1719 1689 esse,

73 1703 170 1753 apud
204 1703 333 1754 Sosip.
368 1700 578 1741 Charisium
612 1703 679 1742 lv.
712 1706 809 1743 254.

358 1771 503 1816 Luna,
538 1773 648 1812 deum
682 1787 787 1827 (lactc
817 1774 910 1813 sola
941 1773 1058 1813 vides
1088 1776 1274 1826 periuria
1304 1775 1431 1827 vnlyi,

356 1841 456 1880 Sive
486 1841 642 1881 Hecate
672 1845 825 1892 mavis,
859 1857 931 1883 sea
961 1850 1003 1882 ta
1034 1844 1245 1896 Dictynna
1275 1845 1445 1894 vocari,

356 1909 449 1948 IIac
480 1910 690 1949 descende.

73 1977 142 2016 Sic
173 1978 383 2016 emendavi.
444 1978 557 2028 Apud
586 1979 830 2017 Putscbium:
862 1981 942 2020 Sca
975 1981 1120 2019 Cretea
1150 1982 1308 2031 mayis,
1342 1995 1414 2020 scu
1444 1987 1487 2020 tn
1507 1982 1719 2036 Dictynna

71 2049 249 2085 vocaris.
316 2046 386 2099 Qui
431 2049 653 2086 tractaverit
694 2061 867 2097 versum,
906 2049 994 2086 novi
1034 2049 1212 2087 neminem
1253 2052 1405 2099 practer
1458 2049 1489 2089 Ι.
1521 2051 1717 2090 Nicolaum

70 2115 254 2153 Loensem
289 2115 485 2166 Epiphyll.
521 2116 626 2155 vlll.
670 2131 801 2154 xxvii.
833 2129 855 2155 a
886 2130 958 2169 quo
990 2117 1045 2155 sic
1077 2118 1244 2168 scriptus
1277 2118 1456 2157 affertur:
1498 2120 1579 2159 Sea
1611 2121 1714 2160 Cre-

69 2190 165 2223 taea
194 2187 355 2232 mavis,
400 2199 470 2223 sca
501 2192 543 2223 ta
577 2187 783 2237 Dictynna
814 2188 969 2224 vocari.
1031 2185 1156 2224 Facile
1188 2187 1347 2238 quisque
1378 2187 1712 2238 pharmaceutriam

69 2252 168 2304 loqui
202 2254 389 2292 coniiciat.
450 2253 623 2305 Denique
655 2256 893 2292 conserantur
924 2253 1099 2292 Tibullus
1131 2253 1161 2291 Ι.
1196 2268 1248 2293 1v.
1283 2258 1349 2294 25.
1383 2256 1445 2295 ubi
1477 2258 1520 2296 iu·
1546 2256 1712 2298 Colber-

68 2322 145 2359 tino
178 2321 429 2368 Broukbusii,
463 2327 500 2361 et
532 2324 697 2361 sortasse
727 2323 833 2371 aliiS,
867 2324 1032 2371 Diana,
1065 2323 1099 2360 in
1133 2322 1219 2362 aliis
1249 2325 1445 2374 Dictina,
1485 2339 1641 2377 prorsus
1674 2331 1712 2367 ut

66 2390 162 2440 apud
197 2389 444 2439 Suetonium3
473 2390 636 2429 Ovidius
669 2391 921 2443 Metamorpln.
954 2391 1002 2430 ll.
1039 2393 1132 2429 441.
1193 2391 1339 2431 Statius
1371 2393 1496 2434 Theb.
1524 2394 1594 2433 IX.
1613 2398 1709 2435 632.

65 2457 126 2497 De
159 2458 276 2496 Luna
307 2457 498 2508 Dictynna
530 2461 579 2497 cf.
612 2460 644 2498 si
676 2460 821 2511 placet,
855 2461 992 2499 Festus
1023 2461 1235 2511 Dictynna
1265 2462 1421 2502 Diana.

153 2525 324 2566 Carmina
356 2525 512 2565 Catonis
543 2540 589 2566 an
623 2541 777 2581 uuquam
808 2530 895 2568 sive
932 2529 978 2567 ab
1011 2529 1095 2579 ipso
1129 2529 1299 2577 Catone,
1340 2531 1428 2569 sive
1458 2531 1506 2570 ab
1537 2530 1637 2581 alio,
1672 2534 1706 2571 in

65 2608 172 2634 unum
205 2594 363 2634 collecta
395 2607 532 2646 corpus
562 2598 718 2647 suerint,
751 2598 929 2637 incertum
962 2600 1035 2636 est.
1098 2598 1158 2636 Ac
1189 2600 1355 2638 sortasse
1376 2612 1556 2652 nunquam
1587 2601 1706 2639 colle-

65 2667 125 2703 cta
156 2665 274 2703 suere.
337 2662 419 2717 Quo
444 2665 562 2703 minus
589 2666 737 2714 mirum,
772 2667 868 2719 quod
895 2667 939 2705 ad
967 2670 1131 2705 nostram
1160 2679 1230 2705 uon
1255 2671 1510 2718 pervenerunt
1530 2672 1703 2707 aetatem.

63 2732 149 2771 Hoc
186 2733 308 2783 magis
345 2733 492 2782 mirum,
536 2734 572 2771 in
618 2737 720 2773 tanta
763 2738 1072 2774 monumentorum
1112 2735 1212 2774 illius
1253 2738 1433 2787 temporis
1472 2738 1703 2787 poeticorum

63 2802 189 2851 ruina,
222 2814 318 2853 quae
349 2804 483 2839 cuncta
522 2803 644 2851 magis
682 2805 877 2856 magisque
921 2815 1101 2842 crescens
1141 2804 1321 2854 Virgilii,
1365 2804 1531 2853 Horatii,
1573 2804 1701 2844 Ovidii

63 2870 268 2909 auctoritas
299 2869 444 2908 delevit
475 2873 513 2909 et
544 2871 648 2921 quasi
678 2871 894 2922 absorbuit,
926 2873 1022 2925 quod
1054 2885 1144 2924 pars
1175 2876 1295 2912 tamen
1316 2875 1512 2911 carminum
1542 2871 1699 2913 Catonis

64 2942 217 2978 servata
246 2940 372 2978 suerit.
433 2938 472 2976 Id
507 2951 598 2977 vero
630 2940 810 2991 quomodo
842 2942 975 2980 sactum
1007 2942 1083 2990 sit,
1127 2943 1340 2993 expositum
1371 2953 1392 2979 a
1424 2954 1480 2980 me
1512 2945 1572 2980 cst
1602 2955 1697 2994 pro-

64 3004 177 3045 babili
210 3008 316 3047 modo
358 3008 465 3046 Diss.
498 3006 527 3047 1.
559 3020 651 3059 pag.
683 3010 777 3046 241.
810 3012 848 3048 et
877 3022 967 3061 pag.
1000 3013 1093 3049 250.

132 3085 283 3117 Valerius
308 3085 391 3117 Cato

1360 3069 1422 3112 18
