2006 3365
251 155 351 200 226
853 148 1216 190 DISSERTATIO
1257 150 1288 190 Ι.

250 266 344 316 gilio
377 266 556 306 tribuisse
587 263 751 303 videtur.
815 264 1040 318 Quamquam
1072 276 1145 303 non
1175 265 1248 304 alia
1278 265 1389 304 huius
1419 265 1518 316 loci,
1550 277 1656 318 quam
1687 265 1788 305 illius
1812 267 1890 318 pri-

250 337 348 383 oris,
391 334 557 372 conditio
589 335 676 372 est:
717 333 825 372 deest
857 333 952 371 enim
984 334 1019 372 in
1052 332 1161 372 libris
1192 346 1264 372 non
1295 335 1444 385 paucis,
1486 347 1530 374 ac
1562 336 1727 373 sortasse
1759 335 1891 374 melio-

253 405 356 443 ribus
387 402 582 451 omnibus3
623 402 731 441 etiam
771 403 805 440 iu
836 401 1092 451 Augustano,
1134 403 1219 454 qui,
1262 406 1301 442 ut
1340 403 1429 452 alii,
1465 403 1562 443 hacc
1591 406 1729 442 tantum
1761 404 1891 443 Servii

251 474 296 512 ad
336 484 488 510 versum
529 476 567 511 3.
600 470 784 510 exhibet:
846 471 943 510 Cam
982 484 1160 511 canerem
1201 485 1313 523 reyes
1345 480 1382 511 et
1419 473 1600 525 proelia:
1634 486 1717 511 eum
1747 486 1893 512 carzere

251 541 402 581 uellem.
443 546 483 579 et
519 540 727 592 siqnifieat
769 546 839 579 aut
880 538 1058 579 aeneide*
1095 547 1165 579 aut
1200 548 1319 592 [μδ-[α
1362 556 1493 592 reglum
1524 541 1758 581 albanorum
1790 556 1893 596 qnae

251 617 368 663 cepta
401 611 534 649 omisit
564 612 754 648 nominum
785 612 1012 661 asperitate
1044 609 1272 649 deterrime.
1334 612 1547 649 Citzrln'ns:
1580 610 1715 663 apollo
1747 625 1772 650 a
1804 614 1890 650 cin—

251 681 316 719 tho
353 685 478 718 monte
515 679 597 718 deli
628 681 667 716 in
700 692 774 732 quo
806 685 927 717 natus
959 676 1003 718 ε’.
1062 679 1173 718 Aure
1202 692 1236 716 m
1267 679 1406 717 uellit:
1447 680 1501 717 id.
1543 677 1575 718 ἐ,
1603 683 1759 718 monuit.
1792 680 1892 719 alibi

250 754 439 802 7mstesq;
472 761 497 786 ιι
529 748 695 786 cardine
726 747 851 801 uellit.
886 750 959 786 etc.
990 750 1136 785 monuit
1169 748 1310 786 vitiose
1343 760 1409 797 pro
1440 750 1573 786 movit.
1693 749 1892 787 Dit'ticilior

251 818 297 855 de
329 818 557 857 catalectis
590 817 790 868 quaestio,
829 829 894 854 cur
934 818 1009 855 sint
1050 816 1096 854 ab
1130 815 1285 854 Libello
1317 816 1351 856 Ι.
1385 816 1435 854 L.
1469 816 1650 862 exclusa,
1692 830 1799 868 quum
1830 821 1892 856 ta-

249 900 330 925 men
361 899 383 924 a
413 886 563 925 Donato
604 886 820 937 Servioque
851 889 1200 928 commemorentur,
1241 888 1278 923 et
1310 897 1376 923 sua
1408 885 1549 924 virtute
1581 884 1698 923 locum
1731 886 1891 923 meruis-

251 968 315 1005 se,
346 960 383 994 et
415 968 506 994 vero
539 955 749 994 obtinuisse
780 955 814 991 in
846 954 1117 1004 antiquioribus
1149 953 1445 1002 Virgilianorum
1476 953 1739 1003 opusculorum
1771 953 1892 992 colle-

252 1025 439 1063 ctionibus
469 1024 707 1074 praecipuum
740 1022 950 1060 videantur.
993 1022 1170 1073 Equidem
1201 1035 1264 1070 ea,
1298 1023 1393 1074 quod
1424 1022 1706 1072 epigrammatis
1738 1025 1891 1061 consta-

252 1096 356 1139 rent,
390 1104 558 1143 magnam
590 1094 731 1142 partem
757 1090 967 1138 brevibus,
1000 1094 1040 1128 et
1070 1090 1114 1127 ad
1148 1102 1370 1129 communem
1397 1090 1625 1129 intellectum
1658 1104 1782 1141 parum
1816 1092 1890 1129 uti-

250 1161 374 1210 libus,
412 1160 569 1199 exclusa
609 1172 717 1207 esse,
749 1159 872 1210 iisque
910 1157 1066 1206 relicta,
1106 1159 1167 1210 qui
1200 1158 1343 1197 vellent
1376 1160 1646 1209 epigrammata
1684 1159 1890 1208 colligere,

250 1231 438 1281 suspicor.
499 1229 560 1267 Ex
591 1229 681 1266 meis
712 1228 877 1278 antiquis
909 1239 1002 1264 imus
1049 1226 1263 1265 Vossianus
1290 1227 1318 1266 l.
1353 1225 1549 1266 Catalecta
1581 1227 1780 1266 coniuncta
1811 1240 1891 1267 cum

252 1301 379 1350 Copa,
411 1299 552 1344 Rosis,
584 1297 709 1343 Diris,
744 1300 782 1335 et
813 1296 963 1335 moreto
996 1294 1139 1334 habuit.
1201 1293 1398 1334 Caeterum
1431 1293 1627 1334 Catalecta
1663 1308 1792 1334 rursus
1824 1310 1892 1334 us-

253 1382 324 1421 que
362 1369 407 1407 ad
440 1381 520 1407 eum
564 1367 870 1417 epIgrannnatum
908 1365 994 1403 sive
1026 1365 1220 1403 carminum
1259 1377 1446 1403 numerum
1477 1365 1651 1416 augenda
1682 1376 1790 1413 esse,
1830 1365 1890 1417 qui

250 1440 335 1478 olim
366 1440 454 1487 fuit,
495 1449 581 1475 mox
621 1435 861 1473 videbimus:
904 1446 1118 1485 quamquam
1151 1446 1196 1472 ne
1233 1434 1289 1472 sic
1321 1433 1466 1486 quidem
1498 1433 1609 1484 plena
1639 1436 1751 1486 atque
1793 1434 1892 1472 inte-

252 1522 321 1560 gra
354 1510 461 1546 erunt
493 1504 703 1545 Catalecta.
766 1503 943 1553 Suspicio
983 1505 1043 1541 cst
1074 1503 1170 1541 enim
1202 1503 1352 1553 perisse
1384 1502 1548 1541 nonnihil
1590 1503 1635 1540 de
1668 1503 1893 1542 carminibus

252 1576 407 1625 Virgilii
448 1576 513 1621 iis,
557 1586 651 1626 quae
689 1572 734 1610 ad
767 1570 964 1611 Catalccta
1007 1571 1260 1621 pertinebant.
1350 1571 1489 1610 Restat
1529 1574 1567 1611 ut
1599 1572 1644 1610 de
1674 1573 1892 1624 Epiqram-

252 1649 370 1685 mutis
404 1644 619 1691 videamus,
662 1653 757 1694 quae
787 1640 989 1689 Virgilium
1022 1640 1252 1690 scripsisse,
1289 1644 1441 1690 praeter
1473 1639 1686 1687 Catalecta,
1720 1641 1892 1679 Donatus

253 1716 488 1765 Serviusque
530 1713 707 1751 referunt.
774 1710 823 1748 Et
863 1710 910 1748 de
953 1709 1014 1748 his
1055 1709 1199 1760 quidem
1244 1709 1335 1747 duas
1381 1709 1578 1759 opiniones
1616 1708 1753 1748 babeo.
1812 1710 1893 1749 Aut

250 1786 343 1823 enim
376 1783 548 1821 Donatus
580 1781 919 1832 Epiyrammaemn
950 1779 1095 1816 nomine
1126 1777 1405 1828 comprehendit
1436 1776 1556 1825 haec,
1598 1790 1691 1829 quae
1722 1790 1794 1816 non
1827 1791 1890 1817 re-

253 1856 386 1892 censet
409 1850 647 1900 singulatim,
681 1849 810 1888 Virum
834 1848 992 1894 bonnm,
1024 1846 1094 1884 Est
1119 1850 1154 1884 et
1187 1858 1278 1892 non,
1314 1847 1477 1897 Copam,
1511 1846 1662 1896 Rosas3
1694 1851 1771 1895 aut,
1793 1847 1891 1899 quod

252 1922 373 1971 magis
404 1919 626 1971 probabile,
667 1921 753 1956 ante
794 1916 926 1954 oculos
957 1914 1087 1953 habuit
1120 1916 1188 1953 iam
1220 1919 1363 1953 auctam
1404 1915 1660 1953 collectionem
1702 1917 1893 1964 farragine

252 1991 447 2030 carminum
478 1992 589 2040 atque
614 1987 941 2037 epigrammatum,
976 1997 1081 2036 quam
1113 1985 1148 2022 ln
1182 1985 1374 2022 codicibus
1409 1983 1616 2033 nonnullis,
1659 1988 1697 2023 et
1733 1984 1892 2035 amplis-

249 2062 379 2098 simam
411 2059 445 2096 in
477 2056 626 2095 Veneta
646 2055 769 2094 Rubei
806 2054 1030 2092 videbimus.
1093 2054 1189 2092 Sunt
1221 2054 1257 2091 in
1291 2053 1349 2091 his
1381 2053 1574 2102 nonnulla,
1601 2054 1815 2103 spectantia
1845 2052 1892 2092 ad

249 2128 469 2176 Virgilium,
488 2138 582 2178 quae
609 2125 747 2163 Donati
772 2124 881 2162 istius
912 2126 1018 2160 aetas
1051 2122 1242 2161 tribuebat
1268 2123 1461 2171 Virgilio:
1495 2124 1534 2161 in
1559 2122 1780 2170 Balistmn,
1798 2122 1891 2161 No-

251 2204 313 2236 cte
340 2196 444 2250 pluit
474 2201 580 2242 tota,
614 2194 702 2232 IIos
734 2205 805 2243 eqo
836 2192 1061 2231 versiculos
1091 2193 1190 2243 feci,
1217 2191 1397 2230 Mantua
1426 2205 1485 2230 me
1512 2195 1657 2242 yenuit.
1719 2191 1816 2230 Sunt
1846 2203 1890 2229 a-

253 2266 328 2314 lia,
363 2277 456 2316 quae
484 2276 555 2315 quo
587 2262 694 2301 modo
727 2265 764 2299 ct
794 2273 864 2312 qua
896 2260 941 2298 de
974 2273 1110 2298 caussa
1141 2260 1242 2298 illata
1273 2261 1432 2308 suerint,
1463 2261 1695 2299 manifestum
1727 2263 1814 2299 est:
1851 2262 1892 2299 ut

253 2336 490 2384 Argumenta
510 2331 661 2370 metrica
692 2331 728 2368 in
753 2329 870 2368 libros
895 2328 1188 2377 Georgicorum,
1222 2329 1433 2367 Aeneidos.
1495 2328 1668 2380 Denique
1694 2328 1767 2367 alia
1795 2327 1889 2367 mul-

254 2408 290 2442 ta
323 2414 418 2455 quae
449 2413 606 2452 prorsus
639 2398 728 2437 nihil
760 2410 838 2437 cum
871 2398 1036 2447 Virgilio
1069 2410 1258 2436 commune
1291 2397 1454 2445 liabent,
1489 2399 1523 2436 in
1557 2397 1812 2436 collectionem
1843 2408 1890 2434 o-

254 2471 491 2523 pusculorum
522 2467 836 2517 Virgilianorum,
870 2470 1049 2519 tamquam
1082 2468 1116 2504 in
1149 2466 1354 2513 stabulum,
1390 2466 1450 2504 vel
1482 2465 1678 2515 horreum,
1713 2466 1891 2505 communi

254 2542 409 2579 omnium
449 2537 697 2577 commoditati
738 2539 927 2586 apertum,
969 2538 1099 2574 coacta
1130 2538 1244 2573 sunt:
1286 2536 1401 2584 primo
1433 2534 1504 2573 hac
1535 2535 1747 2574 conditione
1777 2536 1889 2585 atque

255 2610 456 2656 cautione,
490 2608 528 2644 ut
560 2607 639 2643 suis
672 2617 839 2656 quaeque
871 2605 1110 2652 auctoribus,
1143 2606 1315 2655 quantum
1346 2606 1481 2654 posset
1506 2604 1606 2652 fieri,
1639 2603 1888 2650 assignaren-

256 2684 334 2727 tur-3
376 2689 463 2715 mox
502 2677 576 2722 ita,
620 2676 659 2712 ut
690 2672 858 2721 Virgilio
899 2673 1207 2711 adscriberentur
1238 2673 1372 2710 onmia.
1434 2672 1512 2712 Sed
1547 2672 1620 2711 hoc
1650 2673 1768 2710 tamen
1801 2682 1887 2709 sero

255 2751 389 2786 sactum
422 2748 493 2784 est.
554 2743 638 2782 Non
680 2744 770 2793 puto
803 2742 968 2780 codicem
1001 2742 1184 2790 inveniri,
1217 2744 1305 2780 ante
1337 2745 1525 2786 inventam
1556 2744 1670 2779 artem
1701 2742 1888 2789 typogra-

256 2817 398 2867 phicam
430 2814 631 2864 scriptum,
673 2811 734 2862 qui
773 2811 847 2848 ista
885 2822 980 2862 quae
1011 2810 1210 2849 coniuncta
1241 2814 1327 2849 sunt
1357 2812 1392 2849 in
1424 2811 1572 2850 Veneta
1600 2807 1723 2846 Rubei
1764 2809 1887 2847 conti-

256 2889 340 2923 neat
371 2882 613 2933 Virgilioque
644 2879 833 2918 adscribat
863 2879 995 2917 omnia.
1056 2878 1115 2916 Ex
1147 2878 1377 2929 plenissimis
1407 2878 1610 2918 Thuaneus
1641 2878 1727 2915 est:
1759 2888 1888 2915 verum

256 2957 286 2992 is
318 2952 531 2999 llortulmn,
565 2950 612 2988 de
642 2950 742 2989 Vino
775 2950 812 2987 et
843 2947 1014 2996 Venere,
1049 2948 1095 2985 de
1118 2946 1282 2997 Livore,
1314 2948 1360 2986 de
1387 2946 1507 2987 Cantu
1526 2945 1763 2994 Sirenarum,
1797 2945 1885 2995 vel,

257 3025 291 3060 ut
336 3024 394 3059 est
434 3021 468 3057 ῑιι
508 3032 552 3058 eo
589 3019 711 3067 libro,
762 3018 828 3057 De
868 3016 1015 3057 Laude
1053 3017 1179 3066 horti,
1246 3025 1307 3060 DE
1340 3022 1670 3059 LlBRlsmNEE'r
1708 3012 1888 3066 (corrigit
