2006 3365
501 171 556 210 IN
589 171 807 211 VALERH
840 171 1076 212 CATONIS
1105 170 1375 212 ECLOGAM.
1663 170 1757 215 141

121 290 225 326 recte
257 287 482 327 intellectum
513 294 575 326 est
605 287 745 326 vobis:
778 286 878 339 quod
910 299 1025 337 sane,
1057 288 1089 326 si
1121 288 1172 327 ita
1203 287 1429 336 accipiatur,
1463 286 1501 323 ut
1532 284 1786 333 interpreta-'

121 360 180 395 tor
215 356 376 404 Badius,
410 357 520 409 apud
553 370 648 403 vos,
682 357 719 393 et
749 356 838 394 mire
870 356 1003 394 «lictum
1036 357 1126 405 erit,
1160 367 1280 406 neque
1312 357 1435 404 aptum
1464 352 1508 390 ad
1537 352 1761 390 sententiam

121 424 294 464 Catonis.
355 425 449 463 Nam
481 425 591 478 apud
622 437 767 475 (tyros,
810 423 871 461 vel
912 427 949 462 in
987 426 1122 475 (tyris,
1167 424 1276 461 etiam
1316 425 1426 460 antea
1466 423 1585 460 suerat
1617 419 1759 469 Lydia:

121 505 218 532 nunc
249 493 295 531 dc
328 505 372 532 eo
412 506 533 532 sermo
567 496 646 541 cst,
687 492 841 542 Lydiam
880 503 967 529 esse
1007 492 1043 529 in
1082 492 1188 539 agris
1225 490 1360 535 solam,
1408 490 1568 528 absente
1603 487 1760 528 Catone.

122 561 259 599 Veram
292 562 638 612 interpretationem
679 561 797 599 verbo
829 562 1009 597 monstrat
1041 559 1221 607 Scaliger
1252 560 1285 596 in
1319 559 1431 607 Elog.
1467 559 1513 596 de
1552 558 1614 596 ob.
1648 557 1760 595 Mae-

121 632 246 668 cenat.
286 643 323 680 p.
357 631 453 668 274.
497 630 554 668 ed.
599 629 800 668 Lindenbr.
844 627 905 665 ubi
949 628 1146 665 dictionem
1183 627 1322 679 fuisse
1358 627 1431 665 tibi
1470 628 1759 677 interpretatur:

120 705 214 738 tuas
244 700 404 751 fuisse,
440 699 673 750 illustratque
705 697 797 735 locis
821 695 1002 744 Catonis,
1026 694 1120 743 hoc,
1145 698 1182 733 et
1202 695 1322 733 altero
1344 693 1523 744 parallelo
1543 698 1607 732 21.
1624 694 1758 743 (124.)

349 768 404 807 Ec
436 769 550 807 robis
583 780 684 806 nunc
714 773 800 813 est,
833 778 918 805 mea
951 778 1054 818 quae
1082 765 1163 815 fuit
1196 770 1306 809 aule,
1338 763 1546 814 voluptas.

121 835 188 874 Sic
218 835 394 874 Tibullus
425 835 493 874 IV.
527 850 581 885 w,
614 839 651 872 3.

353 905 454 943 Tota
485 904 559 943 tibi
588 910 650 943 est
680 903 809 942 hodie.

122 972 201 1011 Istc
231 973 338 1011 locus
372 973 405 1009 in
440 971 576 1021 Elegia
617 972 663 1010 de
697 972 869 1010 Maecen.
902 970 1021 1009 Antlr.
1056 970 1138 1009 Lat.
1171 969 1220 1008 ΙΙ.
1253 983 1358 1017 cxx,
1393 970 1457 1006 14.
1497 967 1603 1005 aliam
1644 967 1762 1005 inter-

120 1041 370 1092 pretationem
408 1041 582 1080 admittit.
643 1040 766 1090 Igitur
805 1047 865 1079 est
904 1039 1020 1079 vobis
1063 1038 1272 1090 significat:
1316 1040 1447 1076 vestra
1486 1040 1558 1075 est.
1620 1037 1763 1075 Vestra

119 1111 203 1157 est,
244 1111 329 1161 qnia
364 1110 506 1148 absum.
570 1109 651 1163 Quo
692 1110 787 1148 enim
827 1112 993 1160 tempore
1035 1109 1119 1159 ipse
1159 1108 1194 1146 in
1226 1108 1332 1157 agris
1370 1108 1450 1144 erat
1482 1104 1599 1155 Cato,
1642 1104 1764 1155 Lydia

120 1179 239 1229 ipsius
272 1182 364 1217 erat.

204 1247 279 1286 Pro
312 1248 401 1286 Hoc
431 1247 630 1286 Mediceus
671 1261 692 1286 a
732 1260 836 1286 manu
868 1259 925 1297 pr.
973 1247 1062 1286 Nec
1102 1250 1139 1284 et
1178 1258 1200 1284 a
1238 1257 1343 1283 manu
1383 1256 1462 1282 sec.
1503 1243 1632 1282 Haec.
1675 1243 1764 1282 Nec

121 1316 230 1354 etiam
261 1316 420 1365 Anglic.
455 1316 663 1355 Helmstad.
696 1317 846 1356 Veneta
878 1315 1017 1354 Achat.
1052 1319 1089 1353 et
1120 1315 1235 1353 Haec
1266 1314 1386 1353 Paris.
1420 1313 1489 1351 IV.
1528 1311 1697 1350 Romana
1728 1311 1760 1350 1.

122 1396 202 1422 cum
236 1386 320 1423 cod.
353 1385 473 1424 Basil.
548 1386 639 1424 Hoc
668 1385 836 1424 Romana
868 1384 916 1423 ll.
961 1385 1172 1436 caeterique
1210 1383 1308 1421 libri.
1482 1381 1556 1420 Pro
1590 1380 1695 1434 quod
1726 1381 1761 1417 in

123 1454 325 1499 Illediceo,
359 1454 679 1504 Helmstadiensi,
710 1453 947 1503 Anglicano,
981 1458 1040 1500 et,
1082 1454 1151 1491 nisi
1184 1452 1279 1491 fallit
1311 1450 1562 1501 compendium
1595 1450 1761 1499 scriptu-

123 1535 206 1571 rae,
239 1524 273 1561 in
308 1524 477 1562 Parisino
510 1523 579 1562 lv.
614 1536 729 1576 quam
760 1522 926 1573 leg-itum
961 1523 1088 1577 quode
1118 1524 1153 1560 in
1187 1520 1413 1569 Mutinensi3
1447 1520 1581 1573 quoin
1609 1518 1761 1556 Monac.

122 1591 152 1629 1.
190 1596 228 1630 et
259 1591 307 1630 ll.
342 1595 380 1630 et
412 1605 487 1646 quo
518 1593 553 1630 in
585 1590 835 1640 Scaligerana
866 1603 900 1628 a.
937 1595 1055 1631 1595.
1097 1594 1209 1642 atque
1247 1589 1333 1628 inde
1369 1589 1464 1640 apud
1498 1589 1762 1636 Burnmnnum,

123 1659 436 1698 Wernsdorfium.
553 1659 667 1699 nobis
700 1672 768 1711 pro
800 1660 914 1700 cobis
947 1659 1070 1698 Paris.
1101 1658 1171 1698 IV.

262 1797 311 1835 V.
345 1802 382 1836 3.
417 1796 552 1847 (106.)
585 1820 637 1825 —
669 1806 839 1840 TACITE
865 1806 1095 1840 NOSTRUM
1121 1805 1355 1840 SUSPIRA'P
1381 1804 1602 1838 AMOREM.

211 1867 349 1907 Tacite
387 1873 561 1907 vestrum
603 1863 806 1920 suspirat]
853 1865 1017 1905 Veteres
1057 1867 1212 1905 excusi:
1257 1869 1382 1906 tacite
1420 1866 1562 1905 vestri.
1632 1862 1762 1902 Malim

122 1936 240 1984 igitur

410 2025 458 2030 —
493 2007 616 2044 tacite
646 2007 776 2045 vestri
807 2007 991 2058 suspirat
1023 2017 1166 2044 amore.
1237 2006 1420 2041 SCALIG.

124 2071 317 2111 lntellexit
350 2073 555 2112 Putschius
598 2086 669 2112 non
714 2075 920 2112 convenire
957 2081 1154 2122 vestrum,
1193 2074 1333 2113 vestri.
1392 2070 1476 2110 Non
1509 2070 1556 2109 de
1587 2082 1762 2119 agrorum

124 2143 218 2179 enim
249 2154 371 2180 amore
402 2143 547 2191 agitur,
581 2155 687 2195 quem
719 2154 784 2181 cur
815 2144 1045 2195 suspiraret
1065 2145 1102 2180 et
1126 2142 1251 2179 tacite
1275 2139 1484 2189 suspiraret
1506 2138 1648 2188 Lydia,
1673 2137 1762 2175 nilril

124 2223 283 2249 caussae
307 2213 408 2260 erat,
435 2223 541 2263 quum
565 2212 648 2261 ipsa
671 2212 705 2249 in
729 2210 858 2249 mediis
881 2212 1100 2249 versaretur
1124 2209 1255 2259 agris3
1288 2208 1354 2247 sed
1385 2207 1432 2246 de
1458 2207 1614 2246 Catonis
1639 2218 1764 2245 arr-ore

125 2279 311 2318 absentis.
372 2287 545 2319 nostrum
565 2280 701 2319 Petav.
720 2279 868 2318 Tlruan.
889 2279 1031 2318 Medic.
1049 2279 1169 2317 Voss.
1189 2277 1219 2316 Ι.
1246 2291 1280 2315 s.
1300 2278 1325 2315 s.
1345 2289 1378 2314 s.
1396 2275 1519 2314 Paris.
1541 2275 1591 2313 ΙΙ.
1610 2275 1677 2314 ΙΙΙ.
1692 2274 1761 2313 1V.

125 2347 283 2396 Anglic.
306 2347 475 2397 August.
498 2348 653 2387 Monac.
675 2348 704 2387 1.
724 2348 773 2387 ΙΙ.
794 2347 951 2386 Vratisl.
974 2347 1004 2385 1.
1028 2346 1280 2394 Mutinensis,
1300 2345 1484 2394 Aldinae,
1517 2346 1554 2383 et
1580 2356 1630 2383 ex
1648 2343 1762 2382 Aldi-

125 2418 182 2455 nis
206 2415 378 2455 Venetae
408 2416 504 2456 lunt.
541 2420 660 2455 1544.
694 2418 801 2457 Scot.
837 2420 957 2455 1555.
992 2414 1139 2455 Bonell.
1176 2418 1295 2454 1558.
1333 2413 1451 2453 Basil.
1483 2413 1532 2451 H.
1563 2413 1605 2452 P.
1642 2415 1762 2451 1561.

126 2484 256 2524 Gloss.
288 2485 338 2523 V.
370 2484 400 2523 l.
432 2486 573 2540 Aliqui
603 2492 777 2526 nostrum
808 2486 956 2537 loquat.
988 2492 1162 2524 uestrum
1194 2483 1327 2533 vulgo,
1361 2482 1396 2521 h.
1432 2495 1466 2521 e.
1500 2483 1534 2520 in
1568 2482 1764 2520 veteribus

126 2554 234 2593 libris
266 2554 403 2603 editis,
436 2554 521 2593 inde
551 2567 572 2592 a
603 2555 804 2605 Romanis,
846 2557 1011 2605 excepta
1041 2553 1273 2603 Mutinensi3
1318 2556 1389 2591 tum
1422 2553 1456 2589 in
1490 2549 1764 2590 recentioribus

126 2623 342 2675 plerisque3
382 2623 490 2661 ctiam
522 2623 557 2661 in
589 2623 782 2662 codicibus
814 2623 932 2662 Basil.
966 2622 1084 2661 Voss.
1117 2622 1167 2661 ΙΙ.
1200 2621 1357 2662 Vratisl.
1390 2620 1440 2659 ΙΙ.
1500 2619 1663 2669 lgnoro,
1704 2617 1764 2669 qui

127 2692 205 2731 sint
236 2699 389 2732 veteres
422 2695 583 2740 excusi,
628 2705 720 2745 quos
752 2692 932 2741 Scaliger
962 2695 1090 2731 vestri
1119 2690 1261 2730 habere
1292 2690 1404 2729 dicit:
1451 2702 1527 2739 ego
1559 2689 1595 2726 id
1627 2690 1764 2726 tantum

128 2761 163 2799 in
196 2760 469 2810 Ascensianis,
501 2760 597 2810 apud
628 2759 883 2811 Cronflitium‚
915 2763 953 2800 et
983 2761 1018 2799 in
1050 2760 1175 2810 Lugd.
1211 2762 1329 2798 1529.
1363 2759 1527 2809 repperi.

215 2829 287 2868 Vel
318 2829 374 2867 sic
404 2831 524 2867 tamen
556 2828 725 2880 dubium,
767 2832 885 2869 utrum
915 2837 1091 2870 nostrum
1122 2842 1287 2869 amorem
1317 2829 1367 2867 sit
1396 2840 1512 2866 meum
1543 2827 1579 2864 in
1610 2836 1674 2874 se,
1718 2836 1765 2863 an

128 2910 243 2936 meum
275 2899 313 2937 et
350 2910 475 2945 snum,
515 2909 561 2935 an
603 2909 705 2935 suum
745 2898 780 2936 in
810 2911 878 2938 me.
955 2899 1049 2938 Nam
1088 2897 1183 2937 haec
1224 2898 1343 2936 omnia
1380 2895 1597 2948 significare
1636 2896 1766 2944 potest

129 2974 317 3006 nostrum.
378 2967 609 3005 Postremum
642 2965 815 3016 placebat
845 2966 1083 3006 Broukhusio
1117 2967 1153 3005 in
1183 2965 1326 3005 Tibull.
1347 2965 1377 3003 Ι.
1402 2980 1472 3013 vn,
1506 2965 1571 3000 41.
1605 2962 1670 3001 sed
1703 2962 1764 3014 qui

131 3047 212 3073 eum
243 3036 279 3074 in
311 3048 459 3075 sensum
490 3036 619 3074 nostri
649 3033 831 3074 malebat:
864 3036 916 3075 ita
945 3036 1042 3074 enim
1073 3036 1253 3086 scriptum
1284 3033 1409 3072 laudat
1439 3032 1557 3071 locum
1585 3029 1762 3071 Catonis:
