2006 3365
622 153 889 195 RECENSIO
925 153 1220 195 LIBRORUM.
1668 153 1763 199 431

112 269 159 308 sii
192 272 452 309 commemorat
484 281 534 308 ex
576 270 747 318 margine
788 269 878 307 edit.
925 268 1103 308 Pitboei:
1144 268 1264 308 Antb.
1297 268 1385 307 Lat.
1416 266 1465 306 Τ.
1497 265 1526 304 1.
1560 278 1598 317 p.
1632 270 1698 304 39.
1731 277 1766 302 a.

113 350 149 388 p.
185 340 280 375 266.
311 349 346 375 a.
380 350 417 387 p.
451 340 547 375 273.
580 349 614 375 a.
676 336 716 374 ln
751 336 883 374 iisdem
927 336 1210 387 exemplaribus
1242 337 1331 376 edit.
1374 334 1477 374 Pitb.
1510 335 1618 373 etiam
1650 333 1766 372 Peta-

112 406 212 443 viani
244 409 282 444 et
307 405 478 443 'l‘lmanei
510 406 544 443 in
567 406 681 444 Diras
715 404 951 442 collationem
984 406 1116 443 factam
1148 405 1195 442 ab
1229 403 1390 442 Heinsio
1423 403 1542 441 fnisse
1574 402 1765 440 existimo.

111 472 235 521 {gitur
284 486 333 511 ex
376 472 434 510 bis
479 473 587 511 libris
628 474 861 511 Burmannus
906 471 1085 510 diversas
1125 472 1296 510 diversis
1348 470 1581 521 temporibus
1620 469 1766 507 lleinsii

111 542 371 589 eonieetnras,
419 541 686 591 opinationes,
732 539 815 585 vel,
858 542 896 578 ut
940 540 1025 589 ipse
1066 539 1189 589 Epist.
1221 539 1265 577 ad
1299 537 1502 577 Graevium
1536 537 1558 576 Ι.
1594 537 1616 575 Ι.
1652 540 1766 575 vocat

110 609 198 647 talia
232 608 443 656 Heinsius,
477 607 723 659 quisquilias,
759 607 919 656 collegit
939 610 1052 658 atque
1081 606 1374 656 conglutinavit.
1437 605 1519 659 Qua
1552 607 1586 643 in
1621 618 1661 643 re
1694 616 1765 642 non

109 676 247 727 ubique
289 680 429 714 rectum
470 679 698 727 assequutus
742 678 801 714 est
833 675 1024 712 ordinem:
1067 678 1107 712 ut
1152 674 1327 724 exemplo
1361 674 1470 711 ‹loeni
1501 674 1546 711 ad
1584 674 1663 711 Dir.
1695 675 1764 710 82.

111 743 242 781 lnsnnt
281 743 458 782 nonnulla
498 744 615 792 digna
660 743 841 789 Heinsio,
886 746 924 780 ut
961 754 1088 780 verna
1131 741 1214 779 Dir.
1248 744 1316 778 2¹.
1379 740 1468 779 Alia
1501 740 1612 779 multa
1644 741 1765 790 ipsum

108 812 383 861 repudiaturum
415 824 459 850 ac
491 812 715 850 reiecturum
749 811 869 848 fuisse
902 809 1098 847 Heinsium
1133 812 1243 858 puto,
1278 810 1310 846 si
1341 821 1496 860 unquam
1522 809 1623 846 serio
1650 820 1694 845 se
1718 807 1763 845 all

107 880 286 918 edendnm
320 879 499 919 Catonem
533 881 804 930 comparasset.
882 877 963 916 Etsi
1003 877 1084 914 dum
1127 877 1322 926 perpendo
1362 876 1509 914 Heinsii
1556 876 1713 914 verbum
1745 889 1766 914 a

107 961 163 986 me
196 960 286 998 pag.
320 951 416 986 329.
449 947 657 998 prolatum,
692 946 842 993 dubito,
876 957 921 983 an
954 944 1039 992 illa,
1074 957 1179 996 quam
1212 944 1309 995 apud
1342 957 1386 982 se
1417 943 1566 986 alebat,
1600 956 1765 993 persua-

106 1016 190 1059 sio,
226 1015 471 1054 vebementer
511 1017 724 1065 corruptum
757 1026 847 1052 esse
880 1012 1089 1057 Catonem,
1131 1025 1287 1064 unquam
1319 1011 1498 1050 salutaris
1532 1014 1654 1049 l'ntnra
1686 1010 1765 1051 Ca-

106 1084 184 1123 toni
218 1085 366 1122 suisset.
429 1083 532 1136 Quas
565 1094 661 1120 nune
692 1085 780 1121 ante
811 1081 943 1120 oeulos
975 1080 1156 1119 babemus
1189 1081 1430 1119 coniecturas
1464 1080 1638 1123 lleinsii,
1691 1092 1764 1117 non

105 1156 177 1191 tam
208 1151 364 1190 audacia
395 1164 463 1189 sua
494 1151 708 1200 offendunt,
754 1162 970 1202 quamquam
1003 1150 1112 1187 etiam
1143 1149 1300 1186 audacia
1332 1149 1473 1186 modum
1506 1149 1682 1190 excedit,
1726 1154 1765 1186 nt

104 1230 211 1271 quum
246 1232 283 1257 v.
322 1222 412 1257 1⁴6.
457 1218 566 1265 (Eel.
602 1220 696 1268 43.)
738 1231 788 1256 ex
820 1217 982 1266 vulgato
1013 1217 1175 1256 Phoebe
1205 1230 1348 1268 {serens
1381 1220 1421 1255 in
1451 1223 1490 1256 te
1521 1217 1666 1255 laurus
1699 1230 1764 1256 ee·

103 1289 278 1327 lebravz’t
308 1300 500 1337 amorem,
534 1300 684 1325 versum
718 1286 870 1334 effingit
903 1297 1062 1323 novum:
1103 1285 1416 1337 Emlymionemn
1448 1285 1619 1323 Latmus
1652 1285 1763 1324 cele-

104 1356 241 1395 bravit
271 1367 468 1395 autorem:
511 1368 616 1407 qnam
650 1367 718 1402 eo,
762 1355 858 1406 quod
893 1353 1046 1392 inutiles
1078 1357 1187 1401 sunt,
1233 1357 1271 1392 et
1302 1366 1419 1403 saepe
1462 1357 1593 1391 contra
1625 1365 1762 1391 morem

102 1435 305 1475 genusque
338 1422 484 1460 (licendi
505 1421 774 1468 Catonianum,
798 1420 859 1460 vel
892 1423 1001 1460 etiam
1029 1426 1160 1460 contra
1183 1422 1407 1459 sententiam
1432 1419 1589 1460 Catonis
1625 1423 1762 1459 l'aetae.

105 1493 264 1531 Omnino
305 1491 515 1536 Heinsius,
562 1503 669 1542 quum
703 1490 921 1529 effundebat
953 1491 1049 1538 ista,
1098 1502 1219 1541 neque
1261 1492 1421 1528 aetatem
1455 1488 1614 1528 Catonis
1649 1502 1762 1539 repu-

104 1564 232 1609 tasse,
275 1571 393 1611 neque
425 1558 618 1597 consilium
650 1561 883 1610 mentemque
915 1562 1075 1608 poetae,
1118 1562 1155 1596 et
1202 1557 1460 1595 necessarium
1493 1558 1763 1595 sententimwnn

103 1628 267 1666 ordinem
300 1639 512 1679 nexumque
552 1626 806 1677 perspexisse
851 1626 1029 1664 videtur:
1074 1626 1170 1664 unde
1202 1628 1369 1671 sactum,
1419 1628 1457 1662 ut
1497 1625 1620 1663 uiuitis
1669 1625 1764 1662 loeis

105 1696 311 1734 eoniieeret
358 1707 423 1743 ea,
464 1706 558 1746 quae
599 1706 667 1744 per
697 1706 741 1732 se
773 1693 991 1742 elegantiae
1034 1694 1199 1744 speeiem
1240 1692 1410 1742 babent,
1450 1694 1531 1730 eins
1579 1694 1761 1740 maxime,

103 1764 160 1802 eui
192 1766 371 1802 assuetus
404 1766 485 1801 erat
516 1763 721 1811 Heinsius,
756 1761 1023 1811 Virgilianae,
1056 1761 1299 1809 Ovidianae,
1333 1762 1399 1799 sed
1433 1774 1454 1799 a
1487 1765 1610 1800 mente
1643 1759 1762 1800 Cato-

102 1833 160 1870 nis
192 1831 316 1870 aliena
347 1834 434 1869 sunt
467 1831 766 1883 quammaxime.
828 1829 971 1868 Melius
1003 1842 1064 1868 res
1083 1829 1291 1878 Scaligero
1326 1832 1519 1877 cesserat,
1553 1830 1637 1881 qui,
1669 1841 1763 1867 eon-

102 1899 225 1938 silium
267 1902 405 1950 po'etae
444 1899 542 1951 quod
587 1898 743 1945 attinet,
783 1909 994 1949 nexumque
1034 1898 1327 1946 sententiarum,
1376 1896 1593 1948 plermnque
1636 1909 1762 1935 verum

102 1967 222 2016 vidit3
263 1971 481 2017 praeterea,
523 1966 568 2004 de
610 1979 681 2016 qno
725 1965 795 2003 iam
838 1965 998 2012 dietum,
1045 1969 1223 2002 senserat
1263 1964 1446 2013 Scaliger
1488 1978 1531 2003 se
1573 1965 1607 2003 in
1648 1969 1763 2015 poeta

103 2036 252 2074 versari
285 2036 451 2087 antique.
514 2035 749 2072 Burmannus
781 2033 953 2070 admirari
986 2032 1085 2071 solet
1118 2033 1356 2070 coniecturas
1384 2032 1552 2082 lleinsii3
1586 2033 1762 2071 nonnulla

102 2104 266 2142 tentavit
297 2105 394 2153 ipse.
456 2102 562 2156 Quae
595 2116 694 2151 ego,
728 2104 766 2140 ut
799 2102 1026 2150 Heinsiana,
1059 2100 1265 2149 diligenter
1297 2102 1582 2138 connucmorzwi
1617 2102 1761 2147 omnia,

102 2172 169 2209 sed
210 2172 361 2209 omissis
400 2170 724 2220 disputationibus
763 2169 1028 2218 longioribus,
1071 2182 1105 2207 e.
1138 2181 1178 2219 g.
1219 2169 1368 2206 Heinsii
1415 2169 1459 2206 ad
1504 2168 1587 2206 Dir.
1623 2173 1688 2207 40.
1730 2173 1761 2207 1.

103 2240 165 2278 ubi
198 2239 294 2277 alios
328 2243 463 2288 poetas
496 2240 728 2288 pertractat,
772 2241 809 2276 et
843 2252 880 2275 v.
915 2240 1010 2286 55.;
1053 2236 1254 2275 Burmanni
1288 2237 1332 2274 ad
1368 2250 1405 2275 v.
1442 2240 1478 2275 7.
1512 2237 1560 2274 de
1593 2238 1761 2275 confusis

102 2307 192 2346 alibi
225 2307 387 2344 vocibus
417 2306 542 2345 multa
583 2309 621 2344 et
658 2312 765 2344 nanta
798 2306 1047 2355 disserentis3
1095 2305 1263 2344 eiusdem
1295 2305 1340 2343 ad
1376 2318 1413 2343 v.
1451 2309 1541 2343 100.
1606 2305 1761 2355 Repetii

103 2376 214 2414 etiam
247 2375 400 2413 aliorum
434 2374 597 2412 virorum
631 2373 814 2413 collectas
845 2387 867 2412 a
898 2374 1109 2412 Bnrmanno
1150 2374 1412 2420 coniecturas,
1452 2386 1607 2424 eamque
1640 2373 1760 2411 eolle-

102 2444 262 2482 etionem
301 2443 384 2492 ipse
425 2442 515 2480 auxi
558 2445 629 2480 tam
669 2454 718 2479 ex
757 2441 1056 2493 antiquioribus,
1099 2453 1205 2492 quam
1238 2452 1259 2479 e
1290 2441 1592 2488 recentioribus,
1642 2444 1679 2478 nt
1711 2454 1759 2479 ex

102 2509 357 2548 Wakefieldio
389 2511 423 2547 in
456 2509 606 2548 Lucret.
680 2509 908 2561 Quamquam
943 2509 1013 2547 bae
1045 2523 1216 2561 quoque,
1258 2512 1296 2547 ut
1329 2509 1586 2557 lleinsinnae,
1634 2509 1760 2547 subito

102 2580 224 2616 saetae
256 2581 343 2616 sunt
389 2577 618 2628 pleraeque,
661 2581 699 2616 et
729 2578 776 2616 ab
810 2578 878 2628 iis,
923 2579 984 2630 qui
1015 2577 1150 2616 nullam
1183 2589 1262 2616 cum
1295 2576 1442 2616 Catone
1473 2577 1760 2616 iamiliaritatem

103 2647 345 2685 contraxisse
378 2646 568 2684 videntur.

188 2781 243 2820 Io.
287 2780 527 2821 Christianus
567 2782 854 2821 §Vernsdorfius
895 2783 1047 2833 primum
1086 2782 1222 2823 Catoni
1270 2782 1389 2821 locum
1422 2783 1520 2820 inter
1553 2781 1760 2831 Satyricos

101 2851 275 2889 Minores
308 2850 552 2898 assignavit,
588 2850 695 2888 Poet.
728 2850 852 2888 Latin.
888 2851 1028 2889 Minor.
1061 2850 1258 2889 Tom.llI.
1323 2851 1405 2889 Fuit
1436 2854 1557 2888 autem
1591 2851 1758 2888 Werns-

102 2919 241 2957 dorfius
273 2931 394 2970 neque
426 2918 584 2967 cupidus
630 2918 875 2967 emendandi,
916 2919 1012 2970 quod
1057 2918 1168 2956 valde
1210 2918 1346 2965 lando,
1391 2929 1514 2968 neque
1545 2918 1578 2955 si
1611 2918 1759 2969 (plaudo

102 2989 223 3025 tentat
254 2985 574 3035 emendationem,
608 2989 647 3025 ut
676 2986 759 3024 Dir.
795 2989 860 3024 ⁴1.
896 2991 961 3026 78.
1001 2989 1090 3024 169.
1127 2985 1229 3033 (Et-21.
1263 2987 1352 3035 66.)
1386 2987 1530 3033 tentat,
1564 2985 1680 3025 felix:
1719 2988 1758 3025 at
