2006 3365
611 148 878 189 RECENSIO
912 147 1205 189 menonem.
1650 150 1753 195 393

99 268 190 304 160.
224 263 288 302 uhi
322 263 409 303 illae
440 266 546 303 reete
578 264 756 303 dulcius.
800 266 837 303 et
869 263 1006 302 ibidem
1039 265 1128 314 post
1156 263 1265 314 foret
1296 257 1637 311 interpunctionem
1669 260 1751 300 Ru-

93 332 190 371 heus
222 332 425 382 neglexit,
468 345 563 384 quae
595 336 716 370 tamen
750 335 811 371 cst
844 334 878 370 in
912 331 999 370 illis.
1075 330 1165 369 lllud
1215 329 1489 382 quaerendum,
1537 340 1643 381 quam
1687 329 1752 367 ille

93 401 293 439 editionem
326 402 486 451 priorem
519 404 702 452 sequutus
733 401 797 439 sit.
860 400 1042 452 Equidem
1065 399 1111 438 de
1143 400 1295 438 Veneta
1331 402 1451 437 1⁴72.
1487 410 1553 448 per
1583 397 1751 436 Bartho-

92 467 271 506 lomaeum
305 467 479 507 Cremon.
520 469 674 516 cogito,
713 472 776 506 aut
815 468 861 506 de
894 469 1063 507 Romana
1102 472 1220 507 1413.
1262 479 1330 517 per
1369 466 1580 505 Udalricum
1614 469 1651 505 et
1683 466 1750 504 Si-

91 548 248 574 monem.
311 536 452 575 Similis
484 538 614 586 etiam,
648 538 744 588 quod
779 537 846 574 iam
879 538 1028 585 monui,
1063 537 1237 576 Venetae
1270 535 1394 573 Rubei
1422 534 1592 573 Romana
1629 537 1750 574 1473.

91 604 276 655 itemque,
321 608 359 642 ut
397 605 581 653 eoniieio,
635 605 784 642 Veneta
826 604 1127 651 Bai-tholomaei,
1171 604 1400 642 collectione
1441 604 1749 653 epigrammatum

91 672 366 723 carminumque
397 673 575 710 minorum
609 676 696 711 est:
730 673 800 709 nisi
834 672 953 723 quod,
987 685 1095 722 quum
1121 672 1291 710 Romana
1326 673 1444 709 1413.
1478 672 1750 720 epigrammata

90 742 129 778 et
161 741 322 777 carmina
355 741 495 778 minora
528 741 697 791 praelixa
737 740 951 787 Bucolicis,
992 739 1189 789 Opuscula
1221 750 1314 776 vero
1348 739 1548 776 subiuncta
1581 738 1750 776 Aeneidi

90 806 293 855 exhibeat,
336 808 518 857 Ruheus,
561 811 701 847 mutato
744 808 904 856 ordine,
947 808 1107 845 carmina
1147 808 1288 844 minora
1331 807 1452 844 omnia
1483 808 1521 844 et
1553 805 1751 856 Opuscula

88 875 286 914 subiunxit
317 877 518 915 maioribus
551 875 707 925 Virgilii
741 875 944 926 operibus,
979 877 1093 926 atque
1125 875 1281 925 insuper
1312 874 1477 919 addidit,
1519 875 1648 912 nescio
1680 886 1749 912 un-

89 943 159 991 de,
191 956 299 981 unum
333 943 563 996 alterumque
604 956 763 982 carmen.
834 942 951 983 Certe
995 944 1219 991 carminum,
1258 942 1358 981 Mira
1401 941 1555 991 Virgilii
1598 941 1750 980 Versus

87 1010 357 1060 Experientia,
405 1012 505 1050 Mira
547 1012 660 1060 Virg.
695 1012 972 1062 Experientia,
1013 1010 1071 1048 Dc
1111 1010 1299 1063 Quattuor
1329 1010 1587 1060 Temporibus
1617 1009 1747 1058 Anni,

87 1078 148 1117 De
181 1078 276 1117 Ortu
310 1079 437 1125 Solis,
481 1091 576 1131 quae
609 1080 736 1118 insunt
768 1080 816 1117 in⁴
836 1079 983 1117 Veneta
1015 1078 1171 1128 Rubei,
1218 1077 1316 1115 nulla
1360 1078 1400 1117 lit
1438 1078 1576 1116 mentio
1609 1078 1644 1116 in
1676 1077 1749 1116 de-

87 1147 297 1197 scriptione
337 1147 532 1186 Romanae
580 1149 698 1186 1473.
749 1161 855 1199 quam
902 1160 1018 1197 supra
1055 1147 1141 1185 dedi
1189 1158 1237 1184 ex
1284 1146 1470 1184 Panzero.
1542 1146 1749 1184 Praeterea

86 1213 245 1252 Rubeus
276 1214 373 1266 quod
407 1216 442 1253 in
474 1216 644 1254 Romana
681 1217 801 1253 1473.
840 1216 994 1265 primum
1037 1218 1097 1254 est
1140 1215 1236 1253 inter
1277 1213 1492 1264 Opuscula,
1532 1213 1746 1262 Moretum,

86 1281 215 1321 ultimo
248 1282 332 1321 loco
365 1284 518 1333 posuit:
553 1284 648 1334 quod
683 1288 803 1322 tamen
837 1295 908 1320 non
943 1283 1140 1333 consulto,
1174 1283 1241 1321 sed
1276 1282 1517 1331 negligentia
1549 1284 1640 1332 puto
1664 1281 1747 1320 Ru-

86 1351 150 1389 bei
184 1352 319 1389 sactum
351 1364 462 1400 esse,
496 1352 556 1403 qui
590 1365 697 1403 quum
730 1351 923 1389 omisisset
954 1364 1023 1389 suo
1047 1350 1130 1389 loco
1158 1352 1362 1394 Moretum,
1398 1353 1555 1401 postea,
1589 1351 1748 1398 cognito

88 1431 244 1467 errore,
277 1419 418 1458 adiecit
449 1420 483 1457 in
519 1420 591 1458 [ine
624 1420 722 1458 libri.
783 1418 875 1457 lude
907 1431 928 1457 a
960 1418 1111 1457 Veneta
1131 1419 1256 1458 Rubei
1289 1422 1410 1458 autem
1443 1421 1521 1457 tota
1555 1419 1629 1457 ista
1660 1429 1749 1456 car-

87 1487 220 1525 minum
252 1487 427 1524 minorum
468 1490 506 1526 et
544 1486 820 1538 Opusculorum
862 1486 1064 1536 collectio,
1109 1488 1379 1526 imitationibus
1419 1487 1640 1539 quibusdam
1673 1497 1749 1524 ex-

89 1555 238 1604 ceptis,
272 1567 380 1605 quum
413 1567 507 1593 unus
541 1555 706 1594 nonnihil
740 1568 787 1593 ex
822 1567 867 1593 ea
908 1555 1056 1603 omisit,
1097 1554 1192 1593 alius
1225 1556 1384 1593 inseruit
1423 1554 1545 1602 aliud,
1589 1553 1650 1592 alii
1683 1565 1750 1591 or-

89 1622 210 1660 dinem
242 1626 479 1661 mutaverunt
513 1624 737 1670 carminum,
780 1623 909 1661 eadem
945 1624 1079 1661 mansit
1120 1624 1155 1660 in
1188 1623 1312 1661 multis
1345 1622 1487 1661 saeculi
1519 1621 1610 1661 XV.
1644 1624 1682 1661 et
1713 1622 1750 1660 in

88 1690 320 1729 editionibus
353 1690 494 1729 saeculi
515 1691 623 1729 XVI.
646 1690 794 1739 multis,
829 1694 868 1728 ut
899 1691 935 1728 in
962 1690 1237 1739 Ascensianis,
1264 1690 1388 1740 Lugd.
1413 1693 1534 1729 1529.
1567 1690 1750 1739 Mogunt.

93 1760 213 1796 1549.
247 1759 280 1796 in
314 1757 605 1797 Basileensibus
639 1759 862 1809 Brylingeri
903 1762 941 1797 et
979 1770 1029 1796 ex
1061 1759 1163 1796 ostie.
1196 1759 1317 1796 IIenr.
1351 1758 1454 1796 Petri
1488 1759 1522 1796 in
1554 1757 1680 1807 Lugd.
1713 1761 1753 1799 et

93 1826 281 1875 Antverp.
318 1828 439 1864 1556.
474 1839 593 1878 usque
624 1827 669 1864 ad
704 1827 968 1876 Scaligerum,
1012 1827 1046 1864 in
1081 1826 1269 1865 nonnullis
1302 1827 1413 1865 etiam
1446 1828 1535 1876 post
1567 1826 1751 1877 Scalige—

88 1905 190 1941 rum,
222 1897 262 1932 ut
293 1895 327 1931 in
360 1895 556 1945 Antverp.
594 1898 712 1933 1580.
756 1895 879 1943 Lugd.
920 1898 1039 1934 1592.
1080 1898 1118 1933 et
1156 1894 1311 1933 saeculo
1342 1894 1472 1933 XVII.
1507 1895 1542 1932 in
1576 1895 1751 1933 Francos.

92 1964 216 1999 1610.
279 1961 427 2000 Deinde
467 1962 563 2013 quod
605 1964 766 2000 carmina
809 1964 892 2013 ipsa
936 1975 1117 2014 usumque
1157 1963 1323 2001 criticum
1357 1963 1512 2012 attinet,
1545 1962 1752 2001 simillimas

89 2028 264 2068 Venetae
296 2030 420 2068 Rubei
454 2042 544 2068 esse
576 2031 765 2068 editiones
798 2043 893 2083 quae
925 2036 1017 2081 post
1048 2043 1128 2068 eam
1161 2031 1405 2080 prodierunt,
1447 2033 1485 2069 et
1515 2042 1584 2081 per
1614 2030 1752 2069 multos

88 2109 209 2135 anuos
240 2099 330 2147 post
363 2097 533 2136 Rubeum
570 2101 634 2136 aut
676 2111 802 2148 parum
843 2101 906 2138 aut
938 2098 1027 2136 nihil
1060 2101 1235 2137 mutatum
1267 2111 1377 2147 esse,
1417 2101 1522 2137 certe
1554 2099 1588 2136 in
1622 2099 1751 2149 Diris,

89 2165 186 2204 infra
217 2165 463 2204 ostendemus
494 2166 529 2204 in
563 2166 768 2205 Vicentina
803 2167 952 2219 iisque,
987 2179 1084 2219 quae
1115 2167 1356 2207 Vicentinam
1389 2171 1573 2219 sequutae
1604 2169 1706 2206 sunt.

177 2301 394 2351 Specimina
426 2302 603 2342 Venetae
636 2304 780 2352 Rubei,
815 2303 977 2342 collatae
1009 2315 1089 2342 cum
1130 2303 1282 2342 Veneta
1321 2302 1499 2352 Iensoni,
1540 2315 1620 2342 cum
1664 2303 1750 2342 cod.

89 2369 326 2415 Basileensi‚
362 2373 400 2409 et
431 2382 509 2409 cum
542 2372 744 2411 Vicentina
773 2373 1043 2424 Vossianoque
1074 2373 1260 2422 secundo,
1294 2373 1391 2411 satis
1423 2371 1536 2410 multa
1568 2373 1749 2422 proposui

88 2451 183 2489 pag.
216 2441 312 2477 351.
346 2442 440 2477 3ῖ1.
503 2438 563 2479 Ct'.
597 2452 693 2492 quae
725 2453 812 2479 mox
844 2441 999 2480 daturus
1031 2454 1110 2479 sum
1142 2442 1178 2479 iu
1217 2441 1478 2492 descriptIOne
1510 2440 1751 2479 vicentinae.

90 2506 183 2545 Alia
215 2506 328 2546 multa
360 2507 520 2546 vidimus
559 2508 666 2547 Diss.
699 2508 770 2548 III.

177 2644 328 2683 Versus
363 2648 428 2680 22.
463 2643 625 2682 Aeneid.
657 2644 722 2684 lib.
755 2645 807 2685 ΙΙ.
848 2658 928 2685 cum
961 2646 1194 2685 editionibus
1225 2646 1354 2697 primis
1386 2646 1568 2685 Romanis
1601 2647 1639 2686 et
1671 2657 1752 2685 cum

91 2711 244 2750 Veneta
277 2711 440 2750 Acuatis
474 2724 686 2752 eonnnunes
725 2713 841 2754 habet
873 2714 1022 2754 Veneta
1053 2714 1180 2755 Ruhei
1214 2718 1253 2755 et
1283 2714 1422 2753 familia
1454 2715 1549 2753 eius.
