2006 3365
270 147 368 190 126
823 137 1353 179 ANIMADVERSIONES

267 256 579 296 accommodatius
608 260 726 306 pater
757 257 828 292 est.
876 251 1139 303 Antiquissimi
1172 252 1422 300 interpretes,
1454 253 1492 289 ut
1523 249 1687 298 Badius,
1719 248 1766 287 de
1785 255 1905 301 patre

268 326 487 374 cogitabant
526 327 659 372 poetae
699 323 840 372 ipsius,
886 325 924 360 et.
962 322 1019 359 sic
1049 319 1177 358 Gloss.
1212 318 1260 356 V.
1292 318 1322 357 Ι.
1364 319 1423 369 qui
1460 318 1686 368 adscripsit:
1726 331 1838 356 mane
1882 329 1903 355 ο

272 395 405 433 Maro.
439 391 654 430 Scriverius
685 390 781 440 apud
815 390 1013 428 Burmann.
1044 396 1196 441 patrem
1227 387 1384 438 putabat
1414 387 1603 426 Battarum
1629 386 1777 424 fluvium
1808 385 1904 427 dici,

269 466 306 499 ut
338 460 494 498 Rhenus
523 466 641 511 pater
671 458 897 510 appellatur.

355 527 394 565 ln
426 528 642 577 posteriore
674 539 810 565 versus
842 532 948 576 parte
968 525 1104 576 aliquid
1133 525 1315 564 turbatum
1340 528 1410 563 est.
1455 524 1556 563 Libri
1584 523 1735 573 scripti,
1757 521 1906 560 Thuan.

269 597 404 635 Petav.
438 596 617 635 Vossian.
650 599 688 633 et
721 594 859 633 Medic.
891 595 986 645 apud
1022 596 1284 641 Burmannum,
1322 594 1467 644 meiquc
1499 593 1646 640 cuncti,
1689 594 1762 630 tum
1794 591 1905 637 editi,

267 664 442 714 exceptis
473 665 626 714 paucis,
669 665 789 715 iisque
822 675 891 701 non
924 663 1108 714 antiquis,
1150 663 1194 701 dc
1226 663 1362 714 quihus
1394 662 1517 700 statim
1549 659 1765 709 singulatim
1796 659 1907 697 dice-

269 738 345 781 tur,
379 734 487 771 etiam
520 732 705 771 Aldinae:

724 808 761 840 et
791 805 919 853 prima
949 803 1170 840 novissima
1202 800 1327 839 nobis.

269 869 470 921 pleraeque
501 881 581 907 cum
613 869 855 908 distinctione
887 871 1044 907 maxima
1077 872 1164 919 post
1194 861 1331 916 hobis,
1373 871 1435 906 aut
1467 879 1546 905 cum
1579 865 1686 915 colo,
1728 867 1768 904 ut
1798 865 1906 904 Rom.

270 939 298 977 l.
334 945 372 976 et
404 938 501 975 Ven.
534 937 674 976 Aclrat.
738 938 790 975 Ea
822 938 1016 976 distinctio
1058 937 1156 975 nulla
1199 941 1258 976 est
1296 938 1330 975 in
1372 937 1455 974 cod.
1495 935 1614 984 Angl.
1647 935 1737 973 Bas.
1769 933 1908 972 Mutin.

269 1007 544 1055 Ast-cusianis,
579 1006 709 1044 Aldiu.
743 1005 772 1044 l.
803 1006 926 1053 Lugd.
951 1009 1068 1044 1529.
1103 1007 1201 1044 Ven.
1238 1010 1356 1044 1555.
1396 1008 1512 1043 1558.
1547 1005 1635 1043 Bas.
1654 1004 1703 1042 H.
1720 1003 1763 1041 P.
1786 1005 1908 1040 1561.

271 1081 308 1113 ut
341 1074 433 1113 llaec
465 1075 668 1123 iungantur
700 1086 777 1112 cum
810 1075 1055 1126 sequentibus
1088 1075 1246 1113 Intueor
1284 1088 1459 1127 campos.
1520 1071 1701 1125 Quicquid
1733 1071 1805 1109 hoc
1836 1071 1908 1114 sit,

270 1145 354 1181 sive
387 1145 609 1191 iungantur,
641 1143 727 1180 sive
758 1155 830 1181 non
864 1143 1087 1190 iungantur,
1120 1144 1330 1192 corruptam
1351 1155 1439 1180 esse
1470 1149 1509 1180 et
1538 1141 1756 1192 particulam
1788 1151 1908 1191 appa-

272 1216 340 1249 ret.
402 1211 526 1263 Quare
568 1223 645 1248 eam
677 1210 737 1248 alii
770 1214 959 1249 tentarunt
989 1209 1074 1247 aliis
1105 1210 1235 1247 modis.
1266 1211 1367 1249 haec
1394 1214 1547 1262 prima,
1584 1212 1808 1249 novissima
1838 1221 1910 1247 no-

271 1281 330 1319 his
364 1281 440 1319 Int.
473 1294 507 1318 c.
541 1279 729 1327 Virgilius
763 1278 875 1327 Ami,
906 1278 1175 1327 Taurinensis,
1215 1278 1393 1327 mogunt.
1432 1279 1754 1318 1549.*F1·ancof.
1791 1281 1910 1315 1610.

271 1354 306 1387 et
350 1361 427 1387 cum
460 1352 597 1398 puncto
630 1352 717 1398 post
748 1347 861 1386 uobis
895 1346 1014 1385 Basil.
1052 1350 1172 1385 1543.
1211 1347 1334 1398 Lugd.
1370 1351 1491 1386 1556.
1552 1354 1645 1386 sunt
1675 1347 1711 1384 in
1741 1345 1910 1394 margine

272 1418 390 1456 ssasil.
427 1421 548 1456 1543.
591 1422 629 1455 et
669 1429 788 1465 marg.
830 1417 1001 1454 Francos.
1038 1419 1158 1454 1610.
1220 1430 1271 1454 (ιη
1310 1416 1407 1454 inter
1440 1416 1568 1454 varias
1600 1415 1782 1454 lectiones
1813 1413 1909 1464 apud

274 1486 478 1525 Arnoldum
510 1489 591 1533 est,
626 1487 754 1523 neseio
788 1486 896 1523 unde.
943 1498 1012 1533 en,
1047 1485 1142 1536 quod
1170 1486 1266 1523 inter
1291 1486 1410 1522 omnia
1441 1484 1551 1522 t'acile
1582 1484 1775 1534 optimum,
1808 1482 1911 1521 Ant-

275 1555 490 1605 verpiensis
525 1557 645 1592 1556.
691 1553 986 1602 Scaligeranae,
1032 1554 1152 1592 Antv.
1200 1557 1316 1593 1580.
1359 1553 1481 1601 Lugd.
1530 1556 1647 1592 1592.
1708 1551 1911 1600 Pithoeus,

277 1622 397 1661 ssoxh.
423 1623 543 1661 Burm.
568 1623 749 1660 Wernsd.
804 1623 932 1674 Atque
971 1624 1004 1660 in
1038 1636 1082 1661 eo
1114 1622 1422 1673 acquiescendum
1455 1622 1550 1660 haud
1575 1622 1705 1670 dubie,
1738 1622 1810 1660 etsi
1840 1619 1913 1658 hoc

274 1694 391 1742 ipsum
423 1705 468 1731 en
506 1690 595 1729 nihil
629 1703 717 1729 esse
750 1692 818 1729 nisi
852 1693 1098 1729 coniecturam
1132 1704 1292 1736 censeo,
1326 1691 1462 1729 illatam
1490 1692 1522 1728 in
1548 1690 1843 1739 Scaligeranas‚
1875 1693 1914 1726 et

274 1761 418 1812 quidem
446 1760 565 1798 invito
589 1759 968 1808 Scaliger‹),11escio
999 1760 1115 1808 unde,
1148 1762 1313 1798 sortasse
1345 1772 1392 1798 ex
1425 1759 1588 1796 editione
1620 1759 1912 1808 Antverpiensi.

274 1830 350 1866 Sed
391 1828 605 1880 quantillum
648 1827 719 1866 hoc
758 1829 988 1874 mutationiS,
1032 1833 1171 1867 mutare
1210 1835 1247 1867 et
1288 1830 1322 1866 in
1353 1842 1411 1867 en.
1477 1828 1536 1865 An
1577 1826 1748 1878 exempla
1778 1827 1912 1879 aliquis

274 1897 486 1944 desiderat‚
526 1902 565 1935 ut
597 1897 769 1934 confundi
801 1911 869 1945 en,
914 1904 951 1935 et
982 1911 1002 1935 a
1034 1897 1198 1935 librariis
1231 1893 1388 1935 eredat?
1429 1894 1632 1944 Cont'erat‚
1664 1897 1696 1934 si
1729 1894 1913 1945 exemplis

275 1979 370 2017 opus
401 1967 435 2004 in
469 1979 536 2014 eo‚
576 1966 671 2016 quod
706 1966 738 2003 si
770 1978 841 2003 non
873 1966 1101 2015 accidisset,
1133 1968 1257 2004 mirum
1289 1971 1415 2011 esset,
1446 1965 1632 2004 Tibullum
1657 1963 1726 2003 IV.
1759 1980 1814 2008 vr,
1851 1966 1914 2001 15.

276 2041 312 2073 et
345 2035 428 2087 quid
462 2036 511 2073 ibi
543 2036 593 2073 sit
624 2036 659 2073 in
691 2034 822 2083 libris3
861 2035 973 2084 Virg.
1008 2035 1087 2073 Ecl.
1121 2035 1228 2074 vm.
1263 2039 1299 2073 7.
1341 2035 1454 2085 Apud
1488 2035 1720 2085 Propertium
1752 2033 1822 2073 lV.
1856 2048 1912 2076 xx,

281 2107 343 2141 13.
377 2107 414 2142 4.
446 2108 549 2142 recte
581 2115 678 2141 nunc
708 2105 845 2142 fertur:

504 2173 607 2212 Num
637 2174 763 2210 minus
795 2175 957 2211 immites
988 2172 1110 2211 habui
1142 2174 1330 2212 Cornelia
1369 2173 1552 2212 Parcas?

591 2242 653 2280 En
686 2254 770 2280 sum
802 2241 907 2294 qnod
938 2242 1078 2290 dissitis
1112 2246 1281 2295 (sociaque
1312 2242 1470 2280 tenram·
1501 2256 1612 2280 onus.

278 2310 352 2349 etsi
390 2322 436 2348 en
477 2308 582 2347 solus
621 2308 909 2359 Groninganus,
957 2311 1062 2361 isque
1101 2323 1169 2348 non
1209 2312 1290 2347 sinz·
1333 2311 1455 2348 litura.
1517 2309 1670 2349 Caeteri
1712 2310 1768 2349 Et
1807 2322 1912 2355 sum,

278 2379 374 2430 quod
408 2379 493 2416 ferri
527 2379 683 2427 poterit,
718 2382 755 2416 ut
786 2384 978 2428 acceptum
1012 2383 1072 2418 est
1101 2392 1120 2416 a
1149 2380 1372 2428 Scaligero‚
1407 2383 1443 2417 ut
1472 2392 1539 2416 una
1568 2380 1619 2417 sit
1642 2378 1912 2426 interrogatio,

279 2447 422 2486 duobus
454 2446 649 2484 memhris:
683 2446 777 2484 Num
805 2449 922 2484 minus
954 2448 1111 2485 inunites
1134 2446 1309 2487 Cornelia
1344 2448 1483 2486 Parcas
1517 2444 1652 2486 habui?
1685 2460 1764 2485 num
1797 2447 1914 2484 minus

280 2519 422 2554 mortua
453 2511 560 2553 sum?
592 2515 669 2553 Sed
703 2514 763 2552 illa
796 2516 1043 2564 interrogatio
1076 2520 1113 2555 et
1144 2518 1341 2567 responsio
1374 2518 1543 2555 maiorem
1572 2517 1643 2555 vim
1673 2517 1913 2555 varietatem-

279 2597 351 2636 que
382 2585 511 2631 intert,
556 2595 675 2635 eoque
707 2583 857 2632 dignior
889 2589 948 2622 est
979 2584 1049 2624 hac
1080 2587 1163 2624 aevi
1197 2586 1364 2633 Augusti
1397 2586 1539 2634 elegia.
1601 2585 1822 2638 Quamquam
1855 2588 1916 2622 est

280 2654 388 2692 etiam
430 2652 499 2690 hac
537 2652 574 2690 in
606 2664 646 2690 re
678 2652 822 2690 moduS.
882 2652 982 2691 Idem
1015 2654 1234 2704 Propertius
1265 2653 1334 2692 lV.
1368 2670 1427 2704 vr,
1461 2659 1527 2694 59.
1563 2659 1628 2693 60.
1668 2652 1762 2692 haud
1803 2652 1915 2691 dubie

281 2722 456 2772 scripsit:

507 2790 563 2828 At
590 2797 709 2842 pater
740 2790 874 2830 Idalio
904 2794 1074 2831 miratus
1106 2791 1266 2830 Caesar
1296 2791 1347 2830 ab
1380 2800 1516 2832 astro:

594 2859 688 2898 Sum
719 2860 842 2908 deus,
874 2868 913 2900 et
943 2863 1070 2899 nostri
1101 2863 1312 2912 sanquireis
1344 2864 1429 2900 isla
1457 2861 1574 2913 fides.

283 2941 328 2965 en
360 2930 487 2967 nostri
517 2927 678 2966 Palatini
708 2928 803 2978 apud
837 2928 1099 2976 Geblrardum,
1140 2934 1314 2968 narrante
1344 2928 1608 2977 Broukhusio,
1650 2927 1723 2966 etsi
1752 2927 1799 2966 ab
1831 2927 1916 2978 ipso

285 2994 485 3035 Gebhardo
517 2996 719 3035 Aninnadv.
760 2998 796 3035 in
829 2998 1004 3048 Proper-t.
1044 2996 1133 3035 nihil
1174 2997 1249 3037 tale
1280 2998 1522 3037 observatum
1551 2997 1716 3047 reperio.
1776 2996 1916 3035 Verum
