2006 3365
463 182 516 221 lN
547 181 763 222 VALERH
796 182 1033 224 CATONIS
1063 182 1246 225 DlRAS.
1612 183 1679 226 77

44 297 300 347 excogitatum
332 296 402 336 sit:
435 297 596 348 ineptum
628 299 687 338 est
713 298 827 347 enim,
862 299 1025 337 eamdem
1051 297 1204 346 culicis,
1238 300 1325 349 post
1351 296 1511 341 obitum,
1544 296 1582 333 et
1606 292 1677 331 lio-

41 365 150 404 miuis
181 369 318 403 sortem
349 368 461 417 atque
492 366 739 405 conditionem
771 379 874 406 esse.
935 366 1153 418 Sapientius
1188 367 1348 406 Ovidius
1380 364 1508 403 Amor.
1540 361 1589 401 ll.
1622 377 1676 400 vi.

41 434 206 485 psittaco
239 434 427 474 Corinnae
459 438 642 473 secretam
673 434 800 473 sedem
833 434 1050 473 nemoralem
1083 434 1179 473 colle
1213 434 1283 472 sub
1315 432 1448 483 Elysio
1480 431 1677 481 assignat,

41 503 76 541 in
107 502 213 551 loco,
245 514 350 554 quem
384 502 492 550 dicit,
527 501 715 541 volucrum
748 504 900 553 piarum.
960 502 1016 540 At
1046 503 1141 552 apud
1174 502 1291 546 alios,
1337 505 1374 540 ut
1412 501 1508 551 apud
1540 499 1677 539 Theo-

40 570 170 610 critum
203 570 296 609 locis
328 570 512 620 laudatis,
556 565 658 621 ξὶὸης
689 578 868 618 mot-lem,
901 572 1118 616 interitum,
1150 568 1370 620 simpliciter
1395 569 1607 618 significat,
1640 570 1679 607 et

39 635 257 688 βήσεσθαι
291 636 351 682 εἰς
385 634 530 683 (lidae,
575 639 775 685 οιχέσθαι
821 638 880 681 εἷς
912 633 1036 688 (sidau,
1078 639 1216 691 perdi,
1252 642 1397 690 perire.
1458 637 1532 675 Iam
1562 651 1676 689 pere-

39 708 134 747 umli
173 708 277 746 notio
318 721 424 760 quum
457 708 491 746 in
524 708 721 745 inanimata
759 719 830 745 non
871 707 990 745 minus
1030 720 1135 759 quam
1167 707 1201 745 in
1233 706 1393 744 animata
1425 705 1554 752 cadat,
1589 703 1677 743 nihil

37 776 239 825 obstabat,
271 777 465 828 quominus
491 777 598 815 etiam
630 775 740 814 silva
772 777 811 814 in
838 774 983 815 Orcum
1013 776 1124 816 abire
1154 775 1356 814 diceretur.
1398 774 1538 811 Eodem
1570 773 1676 811 modo

36 856 106 883 nos
138 844 334 894 Germani,
367 845 439 884 etsi
472 844 544 882 hoc
575 843 698 883 dill'ert
728 844 825 882 inter
857 846 1070 897 utrumque,
1110 844 1205 897 quod
1239 855 1355 894 saepe
1386 842 1537 881 differre
1568 842 1676 880 vide·

36 926 116 951 mus
149 913 183 951 in
216 912 554 964 comparationibus
594 913 797 961 eiusmodi,
838 916 898 960 ut,
943 926 1038 965 quae
1077 918 1228 952 veteres
1266 912 1302 950 in
1343 923 1489 960 genere
1529 909 1677 948 dicendi

36 985 168 1020 ornato
198 994 243 1020 ac
273 982 422 1033 poetico
455 981 610 1029 dixere,
651 981 699 1019 iis
731 994 887 1032 prorsus
919 981 1053 1020 similia
1085 994 1153 1020 nos
1185 980 1410 1028 habeamus,
1451 978 1518 1018 sed
1550 978 1677 1017 humili

34 1051 169 1099 generi
199 1061 243 1089 ac
276 1049 424 1098 vulgari
456 1048 628 1101 loquendi
661 1050 922 1089 consuetudini
953 1052 1123 1102 propria,
1155 1054 1190 1089 et
1225 1054 1376 1088 contra:
1410 1048 1538 1086 eodem
1570 1047 1677 1086 modo

35 1130 127 1157 nos:
161 1131 242 1156 zum
272 1117 408 1156 Teufel
440 1116 580 1167 gehen.
644 1117 750 1171 Quod
783 1130 890 1169 quum
922 1118 1075 1170 proprie
1106 1122 1244 1157 tantum
1281 1119 1317 1156 in
1347 1116 1517 1156 hoinines
1549 1116 1675 1162 cadat,

36 1187 82 1226 de
113 1186 200 1226 aliis
233 1186 345 1226 rebus
377 1186 510 1225 dicitur
537 1187 729 1235 omnibus,
762 1190 833 1226 tam
861 1187 1055 1233 animatis,
1089 1199 1193 1239 quam
1215 1187 1445 1225 inanimatis:
1477 1185 1543 1224 der
1563 1183 1676 1224 Wald

34 1257 84 1295 ist
115 1269 195 1294 zum
226 1255 383 1306 Teufel3
417 1267 524 1293 wann
558 1256 640 1293 dein
675 1254 786 1294 Wald
819 1268 900 1293 zum
929 1254 1064 1294 Teusel
1095 1254 1223 1305 gehen
1258 1255 1364 1293 wird.
1408 1255 1470 1293 Ad
1495 1253 1592 1293 hanc
1616 1253 1677 1292 la-

34 1325 166 1364 tiorem
200 1325 308 1363 vocis
329 1319 504 1374 ‘'Aul'qg,
548 1323 609 1362 vel
642 1325 790 1374 potius,
831 1327 871 1363 ut
911 1325 947 1362 in
980 1323 1074 1364 locis
1105 1323 1311 1362 huiusmodi
1344 1323 1580 1363 scribendum
1613 1323 1676 1362 vi-

34 1393 165 1437 detur,
199 1387 322 1444 ᾅδης,
356 1393 670 1442 significationem
702 1392 937 1443 Aeschylum
971 1393 1110 1445 Agam.
1138 1392 1232 1432 667.
1266 1387 1371 1443 ᾅδην
1403 1390 1574 1428 πόντιον
1605 1404 1675 1427 πε-

36 1459 265 1511 φευγότες,
301 1462 472 1500 rovorari
504 1460 644 1510 malim,
676 1474 803 1513 quam,
835 1461 930 1514 quod
955 1460 1149 1500 Huschkio
1175 1461 1287 1500 Anal.
1311 1462 1394 1500 crit.
1414 1474 1450 1511 p.
1478 1463 1568 1499 124.
1590 1473 1675 1513 sqq.

34 1531 193 1582 placuit,
224 1530 268 1568 ad
303 1530 489 1568 notium-m
522 1530 711 1582 sepulcri.
772 1530 906 1581 Neque
938 1530 983 1569 de
1016 1529 1179 1581 Philippi
1210 1529 1315 1579 loco,
1357 1542 1472 1580 supra
1503 1519 1675 1578 laudato,

33 1600 235 1638 assentior.
298 1600 380 1652 Quo
413 1602 532 1637 tamen
565 1611 637 1637 non
670 1611 770 1647 nego
802 1597 915 1647 alibi,
949 1612 1054 1651 quum
1086 1593 1191 1650 ᾅδης
1222 1599 1378 1648 dicitur,
1411 1599 1574 1637 subesse
1605 1610 1676 1637 no-

34 1669 169 1707 tionem
210 1668 409 1720 sepulcri,
455 1670 514 1715 ut,
561 1679 632 1719 quo
674 1667 756 1705 loco
797 1667 892 1706 idem
934 1669 1048 1707 utitur
1084 1667 1325 1715 Huschkius‚
1366 1667 1504 1718 Epigr.
1543 1668 1675 1706 incert.

36 1751 200 1775 nccvm.
277 1737 346 1775 Est
386 1737 479 1774 enim
519 1735 613 1775 haec
656 1748 803 1788 quoque
842 1737 944 1775 notio
984 1749 1103 1788 prope
1151 1738 1347 1776 coniuncta
1384 1748 1462 1775 cum
1502 1736 1677 1786 primaria

33 1807 144 1845 vocis
176 1805 478 1854 significatione,
518 1806 549 1843 si
580 1809 758 1856 reputes,
801 1805 896 1857 quod
929 1819 1043 1857 supra
1084 1806 1194 1856 tetigi
1224 1806 1269 1844 ad
1303 1805 1421 1844 locum
1454 1804 1673 1856 Sophoclis.

34 1875 141 1915 Unde
182 1878 244 1913 est
282 1875 316 1913 in
359 1874 472 1914 nobili
504 1875 641 1914 Naevii
681 1875 948 1926 inscriptione:
1006 1875 1149 1929 Itaque
1181 1881 1394 1929 postquam
1435 1881 1497 1914 est
1535 1873 1675 1913 Orcino

33 1945 209 1983 traditus
240 1945 452 1984 thesauro:
486 1943 582 1996 quod
616 1957 708 1982 unus
741 1948 843 1983 recte
875 1944 1058 1995 explicuit
1078 1943 1257 1993 Scaliger
1280 1943 1325 1981 ad
1350 1943 1511 1981 Festum.
1554 1943 1592 1981 A
1618 1943 1675 1979 si-

33 2013 238 2051 militudine
270 2025 417 2062 eorum,
450 2014 509 2065 qui
543 2013 695 2064 proprie
726 2014 910 2052 thesauri
940 2011 1401 2055 dicebanturaGraecis,
1435 2012 1495 2063 qui
1528 2011 1674 2063 quidem

34 2082 145 2120 nobis
176 2094 271 2120 nunc
302 2081 492 2134 aliquanto
525 2082 647 2130 magis
679 2082 779 2130 noti,
823 2094 928 2134 quam
961 2083 1064 2120 suere
1096 2080 1322 2130 Scaligero‚
1365 2081 1454 2119 sacti
1486 2082 1573 2119 sunt
1603 2092 1675 2131 pe-

34 2151 307 2199 regrinatorum
338 2163 474 2202 opera,
507 2151 724 2190 thesaurus
757 2162 825 2202 per
856 2150 1136 2189 translationem
1169 2150 1302 2188 dicitur
1332 2148 1565 2200 sepulcrum,
1607 2149 1673 2187 sed

34 2221 218 2265 ore-inus,
263 2222 301 2258 ut
332 2222 481 2270 pateat,
523 2231 594 2258 non
628 2219 673 2257 de
704 2232 798 2258 vero
838 2230 1045 2257 sermonem
1085 2231 1173 2258 esse
1210 2217 1400 2257 thesauro.
1463 2217 1545 2271 Quo
1577 2217 1673 2256 haud

34 2289 146 2327 dubie
179 2289 286 2327 Ennii
316 2288 448 2337 locus,
490 2288 559 2327 iam
590 2289 637 2327 ab
670 2288 759 2327 lano
794 2288 924 2326 Dousa
962 2291 1068 2339 patre
1097 2287 1272 2326 Praecid.
1305 2300 1372 2339 pro
1403 2286 1557 2326 Tibullo
1590 2299 1673 2338 cap.

33 2358 103 2397 XI.
135 2357 326 2396 admotus:
371 2359 629 2397 Acheruntem
660 2357 795 2405 obibo,
839 2357 903 2397 ubi
932 2359 1069 2396 mortis
1109 2357 1289 2396 thesauri
1327 2357 1530 2405 obiacent,
1570 2357 1674 2394 rel'e-

34 2427 172 2465 rendus
204 2430 274 2464 est.
337 2425 496 2465 Scilicet
528 2426 752 2470 Acheruns.
792 2425 828 2464 h.
861 2439 893 2465 e.
927 2421 1052 2476 ᾅδης,
1092 2437 1279 2464 commune
1309 2429 1531 2464 mortuorum
1562 2436 1674 2463 rece-

35 2495 221 2546 ptaculum
252 2494 545 2533 subterrarwum.
664 2494 713 2534 Ut
744 2495 832 2534 illuc
872 2499 1066 2543 revertar,
1106 2486 1208 2530 ἅϊὸα
1245 2502 1401 2534 mortem
1442 2494 1523 2532 sine.
1553 2492 1674 2531 ambi-

34 2565 182 2613 gnitate
219 2562 408 2602 Nicander
443 2562 559 2602 Ther.
597 2568 685 2603 181.
747 2562 807 2603 Cf.
850 2564 880 2602 1.
912 2564 963 2603 Η.
997 2564 1164 2604 Vossius
1201 2563 1246 2602 ad
1279 2563 1391 2602 Arat.
1423 2565 1518 2601 298.
1635 2561 1674 2600 A

37 2631 182 2672 Catone
214 2632 300 2671 illud
334 2639 373 2670 et.
404 2644 473 2682 per
504 2645 545 2670 se
576 2632 700 2684 paullo
725 2634 949 2684 operosius,
980 2641 1118 2673 noscet
1149 2635 1225 2672 iter
1255 2633 1403 2672 (lucens
1435 2631 1565 2671 Erebo
1593 2631 1674 2669 Di-

35 2703 111 2750 tis,
143 2714 210 2753 pro
243 2700 400 2752 simplici
433 2700 503 2739 ibit
535 2703 574 2738 in
607 2700 774 2749 Orcum,
807 2704 845 2741 et
875 2702 926 2740 ita
958 2701 1093 2740 dictum
1125 2703 1206 2752 est,
1247 2705 1285 2740 ut
1325 2701 1421 2740 bene
1453 2700 1499 2739 dc
1529 2699 1674 2737 homine

36 2771 108 2809 dici
140 2783 278 2822 posse,
317 2769 615 2822 quemadmodum
653 2770 748 2820 apud
783 2770 1011 2821 Sophoclem
1042 2769 1184 2810 Trach.
1216 2771 1311 2809 874.
1362 2766 1517 2818 βέβηκε
1550 2763 1674 2818 Affli-

38 2851 157 2887 ιἐιρα
188 2834 262 2888 τήν
288 2833 559 2885 πανυστάτην
583 2833 691 2874 ὁδῶν
716 2835 895 2875 ἁπασῶν
920 2838 962 2885 ἐξ
989 2835 1192 2888 α’κινήτου
1218 2834 1365 2882 ποδός,
1385 2835 1674 2888 ap.[⁴}uripidem

36 2907 131 2947 Hec.
170 2911 288 2946 1105.
322 2900 344 2957 ἧ
378 2903 448 2943 τὸν
479 2904 522 2949 ἐς
549 2902 672 2943 Ἀΐδα
703 2907 1013 2957 ,ιιελανοχρώτα
1044 2904 1242 2958 πορθμὸν
1266 2900 1348 2958 ᾄξω
1374 2901 1523 2948 τάλαςε
1556 2905 1673 2942 minus

36 2977 134 3015 benc
165 2977 210 3015 de
240 2988 282 3015 rc
312 2976 532 3023 inanimata,
575 2978 615 3013 ut
644 2975 764 3026 silva,
804 2977 988 3016 videatur.
1048 2976 1255 3029 Aliquanto
1290 2975 1335 3014 ad
1369 2973 1548 3014 Catonem
1580 2984 1672 3024 pro-

36 3046 121 3096 pius
150 3045 297 3084 accedit
328 3043 522 3093 Catullus,
563 3043 624 3082 ubi
655 3046 729 3083 iter
766 3044 1050 3084 tenebricosum
1089 3044 1175 3096 quid
1208 3046 1269 3082 est
1298 3042 1420 3092 aliud,
1462 3054 1569 3094 quam
1599 3044 1674 3083 iter

38 3114 187 3154 ducens
218 3113 377 3155 Erebo?
436 3113 481 3152 Ei
513 3112 714 3165 oppositus
745 3115 805 3152 cst
836 3113 872 3151 in
903 3124 1016 3152 versu
1047 3112 1224 3164 praeced.
1257 3111 1394 3152 aether
1423 3123 1615 3164 cyaneus.
