2006 3365
617 119 886 161 RECENSIO
920 118 1216 160 LIBRORUM.
1662 122 1762 168 405

106 236 317 273 Antonium
340 234 621 275 Bar-cocmnaei
647 237 931 288 impressorum
957 235 1213 287 discipulum.
1276 235 1360 274 .M.
1402 241 1529 275 CCCC.
1558 241 1760 274 LXXXVI.

105 308 268 342 MENSE
306 308 548 342 OCTOBRJS.
625 303 859 353 Splendidus
905 306 1064 342 externa
1111 303 1209 342 facie
1248 302 1356 341 liber.
1428 302 1574 342 Utinam
1616 303 1762 342 interna

105 372 200 409 idem
233 371 374 409 virtute
415 371 648 421 splenderet.
726 372 866 410 Verum
905 371 1140 421 subscriptio
1182 372 1329 419 statim,
1372 383 1468 423 quae
1499 372 1532 409 ci
1565 384 1644 410 cum
1677 372 1760 410 Ve-

105 442 191 477 neta
231 442 348 477 1⁴82.
396 440 597 477 conmmnis
637 441 718 487 est,
767 451 816 477 ex
849 438 912 477 illa
958 438 1032 476 late
1071 425 1287 489 propagata
1327 438 1502 478 Venetae
1534 439 1659 479 Rubei
1701 440 1760 477 sa-

103 508 202 546 milia
247 508 377 546 librum
429 521 517 546 esse
561 509 703 557 arguit.
789 508 964 557 Heynius
1005 519 1086 545 eum
1129 507 1174 545 ad
1217 508 1373 545 verbum
1413 510 1451 546 et
1491 508 1536 546 ad
1582 508 1760 558 paginam

103 589 327 627 expressum
360 589 410 614 ex
443 577 611 614 editione
655 577 858 615 Vicentina
896 578 1013 614 1479.
1058 576 1162 613 dicit.
1235 575 1369 626 Neque
1402 588 1594 626 repugno,
1628 588 1760 628 quam-

102 657 208 696 quam
255 643 508 682 ‹lil‘ticillinnnn
557 648 617 683 est
660 644 798 696 aliquid
838 644 898 683 bis
944 644 978 681 in
1022 643 1137 681 rebus
1186 644 1279 682 certi
1329 645 1591 693 pronunciare.
1665 644 1760 696 Quis

103 713 197 751 enim
230 717 291 751 est
331 713 391 763 qui
432 711 617 761 colligere.
655 713 763 751 istam
810 712 986 750 infinitam
1027 711 1256 759 editionum,
1305 711 1535 750 Venetarum
1577 713 1759 758 maxime,

102 780 394 826 multitudinem,
437 783 501 818 aut
542 781 573 818 si
614 779 810 819 collectam
853 779 992 818 alicubi
1037 779 1252 827 invenerit,
1294 781 1534 826 examinare,
1577 783 1615 818 et
1652 792 1760 831 quum

102 851 292 896 cognatae
325 850 404 886 l‘cre
436 849 512 886 sint
551 859 705 896 omnes,
747 860 819 899 quo
862 847 1040 896 singulae
1072 847 1171 885 inter
1202 859 1245 884 se
1276 847 1397 895 gradu
1441 849 1631 895 cognatae
1662 848 1756 891 sint,

101 928 283 968 quaerere
317 912 449 954 velit?
515 917 701 955 Antonius
733 917 806 955 iste
837 915 934 954 band
967 916 1083 954 dubie
1114 916 1306 966 specimen
1340 916 1473 954 nitoris
1504 927 1549 954 ac
1580 916 1759 965 magnisi-

101 986 248 1023 centiae
279 984 394 1022 edere
427 984 578 1023 voluit:
612 989 648 1023 et
681 997 774 1023 sane
805 983 877 1022 hac
908 986 1016 1035 parte
1047 983 1196 1023 multum
1229 985 1366 1023 eminet
1396 983 1494 1023 inter
1524 982 1619 1023 alias
1650 982 1760 1022 buius

100 1053 259 1102 aetatis,
292 1065 387 1105 quae
418 1053 551 1103 partim
585 1053 656 1091 iam
690 1053 776 1091 visu
809 1053 1045 1091 iniucundae.

185 1258 393 1296 Inserenda
426 1261 486 1297 est
518 1257 593 1297 boc
623 1257 707 1297 loco
745 1258 952 1310 Pomponii
981 1258 1130 1298 Sabim·
1160 1259 1322 1308 menno,
1361 1258 1467 1297 cuius
1508 1260 1548 1297 in
1581 1259 1758 1298 Culicem

99 1327 451 1375 Commentarimn,
502 1330 540 1365 et
572 1327 607 1365 in
641 1326 712 1365 alia
745 1327 962 1377 Opuscula,
1010 1328 1171 1379 itemque
1213 1328 1249 1365 in
1283 1326 1462 1365 Bucolica
1493 1329 1531 1365 et
1563 1326 1758 1375 Georgica

100 1395 365 1435 Commentarii
386 1425 396 1443 ‚
428 1397 513 1433 sive
539 1394 836 1444 Connumntaria,
864 1396 1085 1446 prodierunt
1104 1397 1279 1435 Brixe’ae
1297 1396 1636 1434 liiccccmxxvn.
1683 1396 1756 1434 In-

97 1466 335 1516 terpretate'o
367 1468 490 1502 antem
521 1467 559 1503 in
591 1464 772 1503 Aeneide
797 1465 959 1514 Virqilii
990 1464 1126 1503 ibidem
1155 1463 1466 1502 Mccccxnxxx.
1499 1464 1571 1502 boc
1603 1466 1684 1514 est,
1717 1466 1758 1503 ut

98 1533 275 1581 videtur,
318 1533 626 1571 Mccccrxxxx.
690 1534 764 1581 Egi
796 1533 844 1571 de
883 1532 956 1572 boc
997 1533 1207 1583 interprete
1249 1533 1435 1582 singulari
1476 1534 1756 1584 disputatione,

97 1614 204 1653 qnam
238 1600 362 1651 paullo
395 1605 481 1639 ante
521 1602 827 1649 connnemoravi,
875 1602 936 1640 ubi
985 1602 1031 1639 de
1072 1601 1252 1639 Domitio.
1322 1601 1442 1641 Cuius
1484 1601 1756 1652 disputationis

97 1668 395 1719 supplementum
428 1673 536 1717 sunt,
583 1682 679 1720 quae
711 1669 848 1719 protuli
884 1669 1009 1708 indice
1054 1669 1278 1709 Scholarum
1313 1671 1505 1708 Bonnens.
1539 1669 1687 1707 hibern.
1721 1683 1755 1708 a.

100 1740 221 1776 182⁴.
284 1737 354 1775 Est
386 1737 500 1776 lulius
533 1738 763 1789 Pomponius
790 1738 982 1787 Sabinus,
1015 1742 1054 1778 ut
1085 1739 1135 1778 ibi
1170 1739 1322 1789 Heynio
1354 1739 1517 1777 maxime
1548 1741 1757 1790 praeeunte

95 1805 376 1852 demonstravi,
409 1807 525 1854 idem,
567 1807 627 1859 qui
662 1806 780 1855 vulgo
815 1807 1047 1857 Pomponius
1078 1807 1219 1846 Laetus
1252 1807 1324 1846 dici
1356 1807 1485 1847 solet:
1519 1819 1649 1845 verum
1681 1819 1754 1844 non

95 1874 180 1924 ipse
213 1875 442 1925 conscripsit
475 1875 568 1913 baec
608 1874 903 1923 commentaria,
946 1888 1068 1927 neque
1109 1876 1167 1914 edi
1201 1875 1345 1925 voluit,
1392 1876 1459 1914 sed
1494 1877 1660 1926 excepta
1691 1875 1756 1913 illa

95 1945 182 1980 sunt
214 1955 234 1980 e
267 1942 590 1992 praelectionibus
624 1943 840 1993 Pomponii,
888 1944 989 1982 edita
1030 1945 1149 1982 inscio
1192 1948 1306 1995 atque
1339 1945 1459 1982 invito
1492 1944 1701 1993 Pomponio
1733 1957 1755 1982 a

97 2009 256 2048 Daniele
289 2009 466 2049 Gaitano.
542 2011 624 2050 Nos
657 2024 701 2049 ea
734 2023 830 2050 nunc
862 2012 1030 2062 inprimis
1063 2013 1237 2064 quaestio
1269 2013 1432 2061 attinet,
1475 2024 1520 2049 an
1553 2012 1617 2050 illa
1650 2026 1754 2051 usum

96 2078 259 2117 babeant
300 2080 480 2117 criticum.
552 2080 705 2118 Habent
742 2083 863 2118 autem
905 2094 1010 2119 usum
1055 2081 1247 2128 criticum,
1290 2081 1363 2119 etsi
1405 2081 1636 2131 Pomponius
1677 2093 1754 2120 rem

95 2148 262 2186 criticam
294 2160 415 2200 neque
449 2152 520 2187 tam
553 2161 690 2199 saepe,
740 2162 846 2200 quam
890 2152 1098 2199 exspectes
1137 2154 1175 2188 et
1213 2150 1371 2200 cupias,
1415 2162 1534 2201 neque
1577 2152 1754 2189 accurate

93 2218 270 2266 attingit,
304 2218 370 2255 scd
406 2218 528 2266 magis
562 2218 633 2262 ita,
669 2220 708 2256 ut
740 2220 929 2257 coniicere
960 2230 1004 2256 ac
1037 2218 1230 2267 divinare,
1263 2218 1350 2269 qnid
1377 2217 1521 2267 legerit
1539 2219 1647 2269 ipse,
1681 2218 1753 2256 de-

93 2285 201 2324 beas,
265 2285 414 2323 Deinde
441 2286 651 2337 quaeritur,
684 2287 804 2325 sicubi
833 2286 1063 2336 singularem
1096 2290 1134 2325 et
1164 2299 1186 2325 a
1217 2287 1378 2336 vulgata
1399 2287 1590 2326 diversam
1616 2287 1752 2326 lectio-

94 2366 175 2392 nem
208 2353 388 2404 praebet,
429 2366 475 2391 an
509 2366 588 2392 eam
621 2367 669 2393 ex
702 2355 800 2393 libro
832 2357 984 2407 antiquo
1017 2357 1162 2406 scripto
1195 2356 1363 2406 petierit.
1444 2357 1502 2394 Dc
1543 2355 1752 2406 Opusculis

93 2422 251 2474 loquor:
285 2434 365 2459 nam
397 2422 441 2460 ad
477 2421 604 2472 Opera
638 2423 778 2462 maiora
811 2423 946 2475 aliquid
981 2425 1100 2463 luisse
1132 2424 1341 2474 Pomponio
1373 2436 1422 2462 ex
1454 2424 1563 2462 libris
1594 2424 1751 2473 scriptis

92 2491 253 2529 subsidii
288 2493 426 2529 eertum
460 2494 532 2529 est.
595 2490 656 2530 Cs.
690 2504 788 2530 {lunc
813 2492 1028 2531 Rubnlzenii
1056 2493 1101 2531 ad
1135 2493 1322 2543 lleynium
1350 2493 1569 2543 Epistulae,
1601 2504 1623 2530 a
1646 2493 1752 2531 Frie-

93 2560 274 2598 demanno
307 2560 452 2607 editae,
485 2573 522 2609 p.
557 2562 651 2599 679.
686 2560 846 2599 V01.11.
910 2562 950 2600 ln
984 2561 1190 2612 Opusculis
1222 2574 1346 2613 neque
1378 2562 1461 2611 ipse
1493 2560 1613 2599 libros
1646 2573 1751 2599 com-

93 2632 271 2666 memorat
303 2641 476 2679 nsqnam‚
523 2641 643 2680 neque
683 2628 832 2667 aliunde
864 2631 1113 2679 cognoscitur
1161 2629 1337 2668 librorum
1384 2642 1490 2668 manu
1525 2630 1750 2680 scriptorum

92 2696 234 2734 auxilia
265 2696 448 2735 babuisse
481 2697 746 2747 Pomponium,
780 2702 933 2748 practer
966 2699 1146 2746 Aetnam,
1180 2697 1316 2748 Cirin‚
1358 2701 1396 2737 et
1445 2696 1662 2738 catalecta.
1704 2697 1750 2735 di*

93 2766 228 2817 quibus
273 2768 423 2803 constat
463 2779 511 2803 ex
556 2765 618 2803 illa
656 2766 836 2816 Episcopi
887 2767 1105 2805 Aleriensis
1147 2767 1334 2817 Epistola.
1396 2766 1496 2805 Hinc
1529 2766 1665 2819 aliquis
1700 2767 1752 2804 ita

92 2837 256 2881 statuat,
298 2833 384 2870 nibil
427 2834 527 2871 alind
569 2834 795 2884 Pmnponio,
842 2848 949 2886 quum
994 2834 1240 2886 praelegeret
1288 2835 1507 2886 Opuscula,
1560 2836 1750 2885 copiarum

93 2902 234 2950 fuisse,
270 2904 421 2952 praeter
453 2905 597 2939 auctam
629 2902 749 2951 ipsius
782 2915 900 2953 opera
933 2905 1134 2943 Romanam
1165 2903 1333 2943 alteram.
1393 2904 1442 2943 Et
1472 2903 1569 2942 banc
1601 2904 1749 2955 quidem

92 2970 127 3008 in
159 2983 264 3009 manu
297 2971 415 3010 fuisse
457 2971 684 3022 Pomponio,
723 2973 762 3010 et
801 2984 849 3010 ex
882 2971 955 3010 bac
984 2985 1064 3011 eum
1096 2971 1339 3023 praelegisse
1370 2971 1609 3011 auditoribus
1641 2972 1748 3023 Opu-
