2006 3365
233 145 332 190 192
790 139 1311 180 ANIMADVERSIONES

346 258 395 298 V·
419 259 484 296 57.
510 256 640 304 (¹60·)
661 264 809 298 PmMA
833 263 1006 297 Fonn'r:
1033 263 1195 297 LETUM
1219 263 1326 296 Mun
1354 261 1465 296 νιΤΑ
1485 262 1687 296 υυιοιυε
1709 261 1869 296 ESSET.

231 326 477 365 Proverbium
510 337 655 372 eorum,
695 325 754 376 qui
795 323 1039 363 veliementer
1079 323 1217 375 aliquid
1251 324 1458 373 expetunt:
1500 322 1589 360 mori
1620 321 1731 372 volo,
1762 334 1869 374 quum

231 393 304 433 hoc
344 392 429 431 mihi
472 393 691 442 eontigerit.
759 392 982 443 Aeschylus
1023 390 1198 442 Clioepli.
1240 394 1334 431 438.
1377 385 1505 426 ἔπειτ’
1544 386 1623 439 ἐγώ
1660 389 1870 439 νοσφίσας

232 458 420 507 &anamma
477 462 679 513 Euripides
714 461 865 500 Electra
891 476 929 498 v.
960 462 1053 500 279.
1078 458 1282 510 θάνοιμι,
1313 455 1473 508 μητρὸς
1500 450 1587 506 αἷμ’
1613 454 1870 507 ἑπισφάξασ’

232 528 346 579 ἐμῆς.
410 531 538 570 otest.
571 534 690 569 1093.
718 530 857 569 Mattli.
885 527 924 565 εἰ
954 525 1031 578 γὰρ
1064 528 1189 565 τοῦτο
1224 525 1480 575 κατθάνοιμ’
1512 524 1629 566 ἰδών.
1692 526 1871 567 Callima-

230 598 350 638 clius:
385 596 611 648 τεθναίην,
645 592 701 633 ὅτ’
722 598 885 634 ἐκεῖνον
911 595 1237 635 α’ποηνεύσαντα
1265 597 1505 646 πυθοίμην,
1542 600 1579 636 et
1599 596 1746 635 similia.
1803 595 1870 635 Sic

228 667 412 706 Musaeus
445 681 592 720 quoque
624 684 662 706 v.
698 670 763 708 79.
806 666 959 705 αὐτίκα
991 667 1194 718 τεθναίην
1226 668 1389 714 λεχέων
1421 663 1674 715 ἑπιβήμενος
1700 662 1870 712 “Ηροῦς.

228 748 278 774 ex
310 736 391 776 loeo
426 737 648 783 Homerico,
694 741 732 776 ut
762 738 1024 777 animadvertit
1055 736 1318 784 Heinrichius,
1360 734 1397 773 h.
1431 735 1529 774 Ven.
1566 737 1658 773 154.
1694 738 1730 772 5.
1765 732 1869 781 βου-

228 804 382 854 λοιζιιην
414 818 486 841 κεν
516 802 661 841 ἔπειτα
696 810 768 846 ete.
831 806 908 845 Sed
942 806 1037 856 apud
1068 805 1247 845 Catonem
1278 804 1433 843 alterum
1466 803 1613 843 accedit
1644 802 1738 852 hoc,
1771 801 1869 856 quod

228 873 291 913 illo
323 875 369 913 de
400 886 560 924 magna,
593 887 686 927 quae
718 878 839 914 futura
870 880 975 914 esset
1008 878 1098 925 post
1128 875 1292 922 obitum,
1324 873 1447 923 gloria
1479 886 1549 912 sua
1580 873 1742 922 cogitat.

313 944 430 982 Posui
464 944 584 982 verba
615 956 687 994 quo
720 943 897 992 leguntur
928 944 1056 981 ordine
1090 945 1214 994 posita
1244 945 1279 982 in
1311 944 1562 991 Augustam,
1601 943 1636 980 in
1668 940 1867 984 Mediceo,

227 1013 260 1051 si
294 1012 387 1051 fides
415 1013 650 1061 Burnnanno,
683 1013 717 1050 in
751 1013 859 1051 Rom.
891 1011 921 1050 Ι.
943 1011 991 1050 ll.
1028 1012 1177 1051 Veneta
1203 1011 1345 1051 Aeliat.
1378 1012 1567 1050 Brixiensi
1601 1011 1655 1058 (in
1681 1023 1752 1062 qua
1778 1009 1871 1049 dul-

225 1084 355 1131 tins)‚
385 1082 483 1121 Ven.
523 1084 643 1119 1488.
668 1080 827 1120 Mediol.
866 1083 984 1119 1501.
1018 1080 1188 1129 Virgilio
1216 1080 1328 1130 Aldi,
1361 1081 1476 1119 Taur.
1505 1081 1595 1119 Bas.
1625 1083 1745 1118 1543.
1778 1078 1870 1117 Mo-

225 1154 334 1200 gunt.
374 1153 490 1189 1519.
525 1149 644 1200 Lugd.
680 1152 801 1188 1556.
834 1149 956 1188 Antv.
992 1151 1118 1188 1556.
1152 1153 1190 1188 ot
1225 1153 1346 1188 1580.
1408 1149 1512 1202 Quae
1544 1151 1631 1187 sunt
1663 1148 1761 1186 inter
1786 1147 1870 1186 Ve-

228 1224 349 1258 netam
390 1219 554 1258 Aeliatis
595 1222 632 1257 et
671 1219 907 1256 Brixiensem
950 1218 1113 1265 mediae,
1157 1218 1333 1257 Venetae
1372 1218 1473 1257 Rub.
1506 1217 1607 1256 lens.
1639 1217 1870 1264 Vieentina,

225 1289 319 1326 duae
352 1287 523 1326 Venetae
555 1288 773 1330 Burmanni,
815 1290 854 1326 et
886 1286 1058 1325 Venetae
1097 1288 1218 1325 1482.
1256 1288 1377 1325 1486.
1409 1285 1578 1325 Noriinb.
1610 1286 1711 1325 Ven.
1748 1288 1869 1323 1499.

230 1361 348 1395 1500.
414 1357 577 1406 Argent,
619 1368 698 1394 cum
737 1355 819 1394 eod.
862 1355 1020 1394 Vratisl.
1063 1355 1112 1394 ΙΙ.
1155 1359 1192 1394 et
1224 1354 1340 1394 Voss.
1380 1354 1431 1393 11.
1475 1354 1640 1393 eumdem
1681 1353 1869 1401 ordinem,

225 1427 292 1465 sed
336 1427 500 1474 vitiose,
543 1429 580 1464 et
611 1430 742 1464 contra
782 1428 955 1474 metrum,
998 1426 1150 1465 diutius
1192 1423 1346 1463 liabent.
1416 1423 1558 1464 Contra
1597 1422 1670 1462 hoo
1711 1423 1871 1472 ordine,

226 1497 315 1533 vita
346 1496 437 1534 milei
468 1495 649 1539 dulcius,
690 1493 916 1543 Timaeus,
958 1495 1100 1532 diserte
1132 1496 1297 1532 testante
1328 1493 1519 1542 Lasseno,
1555 1492 1679 1531 Paris.
1715 1491 1766 1531 11.
1798 1491 1869 1530 Ill.

226 1565 299 1603 lV.
340 1563 461 1612 Angl.
523 1563 674 1601 Mocae.
716 1562 745 1600 Ι.
779 1562 828 1601 ΙΙ.
863 1562 1019 1601 Vratisl.
1055 1563 1085 1601 1.
1130 1561 1246 1601 Basil.
1280 1567 1353 1601 tum
1385 1563 1485 1601 bona
1523 1560 1586 1599 illa
1616 1560 1871 1609 Mutinensis,

227 1632 412 1681 Aldinae,
447 1632 617 1670 Venetae
655 1633 774 1670 1544.
810 1634 932 1669 1555.
971 1634 1088 1671 1558.
1131 1631 1221 1669 Bas.
1257 1630 1304 1668 H.
1336 1630 1380 1669 P.
1420 1633 1536 1668 1561.
1570 1628 1870 1679 Scaligeranae,

226 1704 263 1740 et
296 1701 541 1739 recentiores.
603 1701 651 1739 Et
684 1700 740 1738 sie
772 1700 854 1738 cod.
888 1700 948 1752 qui
980 1700 1112 1739 dieitur
1144 1701 1268 1739 Pierii.
1332 1698 1427 1737 Mihi
1459 1702 1578 1737 tamen
1619 1699 1741 1749 magis
1781 1709 1870 1736 ere-

225 1769 341 1808 dibile
381 1770 473 1817 suit,
513 1770 605 1808 mihi
646 1771 733 1808 vita
765 1770 883 1807 fuisse
913 1781 936 1807 a
967 1768 1117 1808 librario
1158 1780 1386 1807 numerorum
1419 1768 1635 1816 elegantiae
1667 1767 1801 1817 cupido
1832 1766 1869 1804 in

223 1841 312 1877 visa
342 1839 432 1877 milti
455 1841 652 1884 mutatum,
688 1850 792 1890 quam
812 1837 884 1876 hoc
915 1839 950 1876 in
984 1837 1088 1876 illud.
1151 1836 1212 1877 Cf.
1246 1838 1341 1875 inl'ra
1373 1836 1479 1875 Diss.
1512 1835 1580 1874 Ill.
1607 1835 1669 1874 ubi
1701 1836 1745 1873 de
1776 1846 1868 1873 ver-

223 1921 266 1946 su
308 1907 477 1946 Catonis.
539 1907 671 1945 Tertia
715 1908 1032 1945 Ascex1sianaru1n
1066 1907 1093 1945 1.
1129 1906 1178 1945 ll.
1214 1906 1282 1944 111.
1325 1904 1465 1945 Cronss.
1507 1905 1630 1954 Lugd.
1680 1907 1798 1942 1529.
1831 1906 1870 1942 et

225 1977 395 2015 luntinae
427 1988 488 2026 ap.
523 1976 646 2014 Burin.
680 1976 869 2026 scriptun-a
902 1979 985 2022 est,
1030 1988 1135 2027 quam
1168 1975 1267 2014 istud
1299 1975 1544 2026 antiquiorum
1577 1973 1752 2012 librorum
1791 1984 1867 2010 ina-

222 2045 322 2083 xime
347 2044 518 2083 Venetiis
545 2045 724 2083 editorum
756 2046 883 2083 vitium
910 2045 1062 2083 (liutius
1093 2045 1338 2094 procreavit:
1371 2044 1448 2082 leto
1479 2044 1571 2082 mihi
1594 2045 1681 2081 vita
1714 2042 1866 2080 diutius

221 2121 344 2153 esset.
409 2115 612 2152 Praetereo
643 2115 780 2152 usitata
804 2114 920 2161 vitia,
955 2113 1122 2161 laetmn,
1155 2113 1253 2165 quod
1286 2114 1321 2151 in
1355 2112 1502 2158 inultis,
1536 2111 1597 2150 vel
1629 2111 1794 2159 loetum,
1829 2113 1868 2149 ut

222 2183 257 2219 in
285 2183 434 2222 Monac.
465 2184 494 2221 l.
523 2187 560 2220 et
579 2182 733 2221 Vratisl.
767 2184 795 2221 l.
822 2182 882 2220 vel
907 2184 1015 2220 etiam
1042 2183 1204 2228 lethum,
1233 2187 1270 2220 ut
1298 2183 1331 2220 in
1353 2181 1502 2219 Veneta
1525 2180 1628 2218 lens.
1675 2179 1716 2218 ln
1743 2180 1866 2218 Paris.

225 2251 293 2290 lV.
322 2250 599 2289 vehenwntiore
625 2252 864 2301 eoi-ruptione
889 2255 1004 2290 ictum
1030 2256 1101 2290 est.
1155 2252 1273 2289 michi
1297 2252 1463 2301 August.
1508 2252 1613 2288 vitta
1638 2249 1788 2288 Monac.
1813 2247 1863 2287 11.

337 2389 386 2428 V.
407 2391 472 2427 58.
493 2386 643 2435 (161.).
659 2398 755 2431 NON
776 2398 875 2431 MEA
898 2398 995 2431 NoN
1024 2398 1145 2431 nmo
1167 2397 1460 2430 monnnn'rnn
1477 2395 1696 2430 TEMPORE
1720 2395 1861 2428 FAMA.

222 2458 330 2497 Nam
362 2469 429 2508 pro
461 2469 536 2495 non
562 2457 725 2495 Ascens.
762 2458 789 2495 Ι.
824 2458 871 2495 ll.
908 2458 976 2496 lll.
1005 2457 1170 2505 Argent.
1200 2460 1320 2495 1502.
1348 2456 1488 2496 Cronll.
1514 2455 1699 2502 Aldinae,
1731 2455 1860 2504 Lugd.

228 2530 347 2565 1529.
390 2524 563 2563 Venetae
605 2528 725 2563 1544.
774 2529 890 2564 1555.
938 2529 1055 2564 1558.
1099 2526 1185 2564 Bas.
1226 2525 1274 2562 H.
1307 2526 1350 2564 P.
1387 2528 1509 2564 1561.
1551 2538 1628 2564 non
1658 2524 1766 2563 nullo
1799 2522 1859 2562 vel

221 2595 408 2634 nonnullo
448 2594 585 2632 Petav.
625 2594 772 2632 Timan.
807 2594 946 2633 Medic.
991 2607 1013 2632 a
1044 2607 1090 2631 m.
1122 2605 1178 2643 pr.
1212 2594 1372 2632 Parisini
1415 2598 1518 2643 tres,
1562 2593 1683 2642 AnglL
1717 2595 1754 2631 et
1784 2605 1860 2630 non

220 2665 329 2704 nullo
361 2664 469 2703 Rom.
501 2662 530 2700 I.
567 2662 662 2701 Ven.
700 2662 796 2701 Aeli.
830 2663 927 2701 Mut.
974 2662 1015 2700 In
1048 2661 1156 2699 Rom.
1189 2661 1237 2700 ll.
1271 2666 1309 2701 et
1340 2663 1493 2716 reliquis
1525 2667 1626 2701 recte
1655 2674 1732 2700 non
1763 2661 1857 2700 ullo.

220 2733 379 2772 nonullo
419 2733 585 2779 August.
662 2738 832 2770 moretur
874 2731 989 2769 Voss.
1032 2730 1081 2769 ll.
1126 2731 1223 2769 Ven.
1269 2733 1389 2770 1482.
1465 2738 1640 2782 tempora
1687 2730 1857 2778 August.

217 2803 364 2854 phanea
398 2802 516 2841 Paris,
551 2799 620 2839 lV.
653 2801 805 2840 Vieent.
838 2812 917 2838 cum
950 2801 1068 2839 Voss.
1101 2799 1149 2837 ll.
1183 2798 1280 2837 Ven.
1319 2802 1437 2839 1482.
1476 2801 1593 2838 1486.

336 2939 382 2977 V.
405 2942 471 2977 59.
491 2938 624 2985 (162.)
652 2946 825 2979 DULCIA
845 2945 977 2987 QUOM
999 2945 1202 2979 VENERIS
1220 2946 1435 2979 FURATUS
1454 2944 1631 2978 GAUDlA
1654 2944 1855 2978 PRIMUM.

221 3007 369 3047 Dulcia
393 3008 560 3058 August.
622 3019 732 3060 quom
758 3004 877 3056 Augl.
932 3006 1097 3057 furatur
1119 3005 1274 3045 Vratisl.
1295 3007 1324 3044 1.
1364 3007 1527 3057 primum
1553 3003 1689 3044 Petav.
1707 3003 1855 3044 Thuan.
