2006 3365
596 171 863 214 RECENSIO
900 171 1194 213 LIBRORUM.
1639 174 1741 219 427

87 287 366 328 catalectorum
399 285 532 326 libros.
600 287 644 326 ln
689 286 858 327 Culicem
900 286 1158 327 Coniectanea
1203 287 1353 326 multum
1394 288 1534 326 aucta:
1576 285 1742 324 accessit

86 357 181 396 liber
220 356 308 395 sive
348 356 560 394 membrana
601 356 653 394 A.
696 354 845 401 Contii,
893 357 998 394 cuius
1041 355 1142 394 nulla
1183 356 1321 395 mentio
1354 357 1389 394 in
1422 355 1482 394 ed.
1519 357 1638 393 1573.
1700 352 1742 391 ln

86 423 356 465 Coniectaneis
387 425 432 462 ad
466 424 580 462 Diras
613 423 701 462 nibil
735 426 931 472 mutatum,
973 424 1070 475 quod
1102 425 1294 472 gravius:
1340 436 1434 462 unus
1467 422 1574 462 locus
1604 421 1744 460 leviter

85 496 238 542 auctus,
271 492 368 531 alter
399 494 607 530 correctus.
671 492 875 530 Praeterea
906 491 1255 540 Lindenbruchius,
1288 491 1385 543 quod
1418 492 1486 530 iam
1520 502 1742 530 commemo-

87 564 203 600 ratum
235 564 317 608 est,
366 561 587 598 varietatem
627 559 801 598 lectionis
833 572 881 598 ex
914 559 1150 608 marginibus
1197 559 1393 608 relegavit
1424 560 1468 598 ad
1503 559 1608 598 tinem
1642 558 1742 597 libri.

87 628 378 667 Lindenbrneliii
412 628 534 677 ipsius
566 629 600 666 in
636 628 748 665 Diras
779 627 917 675 Notis,
950 640 1044 679 quae
1077 639 1219 678 paucae
1250 630 1361 676 sunt,
1408 628 1488 665 suis
1523 627 1619 666 locis
1652 639 1744 665 usus

87 711 181 735 sum.
243 696 369 735 Habui
402 697 510 734 etiam
544 697 709 739 tertiam,
744 695 806 734 vel
839 698 1005 747 (piartam
1038 696 1271 734 editionem:
1321 696 1542 734 Cataleeta
1580 695 1746 747 Viryz'lae‘t'

88 769 120 805 ἂι
150 765 319 805 aliorum
351 764 569 803 Poemretm
602 763 840 802 Latinorum
872 770 1044 802 veterum
1078 763 1322 802 Poemalia:
1368 763 1465 802 Cum
1497 764 1745 802 Commenta-

87 836 163 873 riis
198 834 363 885 Iosepln'
393 833 599 884 Scalissen'
638 831 715 870 Iul.
761 832 883 870 Caes.
925 831 1003 869 Fit.
1066 831 1255 882 Lugduni
1306 832 1582 879 Batavorum,
1623 831 1748 885 Apud

89 903 276 941 Ioannem
303 902 455 940 Maire.
488 904 606 939 1617.
668 899 865 938 Simillima
894 898 1293 949 Lindenbrucliianae,
1327 901 1378 938 ita
1411 903 1449 939 ut
1482 900 1577 938 idem
1610 900 1747 938 videa-

88 975 147 1009 tur
178 970 274 1008 liber
314 981 430 1017 esse,
473 971 612 1006 mutato
656 971 794 1007 tantum
835 966 958 1006 titulo.
1027 969 1076 1006 Et
1117 969 1242 1006 insunt
1283 970 1395 1007 notae
1437 966 1747 1007 Lindenbrucbii.

89 1038 167 1077 Sed
201 1038 310 1075 deest
341 1037 525 1087 praefatio
549 1035 862 1085 Lindenlmicbii,
897 1039 935 1076 et
967 1039 1056 1087 post
1086 1035 1208 1074 libros
1230 1034 1511 1075 Catalectorum
1535 1048 1628 1087 pag.
1649 1038 1747 1074 258.

88 1105 334 1154 Pervigilium
368 1104 532 1143 Veneris
565 1105 743 1143 insertum
777 1108 849 1144 est.

175 1173 295 1221 Hine,
329 1186 349 1211 a
382 1172 610 1222 Scaligero,
655 1174 762 1211 varia
794 1172 1026 1223 exemplaria
1057 1171 1169 1210 liuius
1201 1172 1343 1211 saeculi
1376 1172 1508 1211 decimi
1541 1172 1663 1218 sexti,
1710 1171 1749 1211 et

88 1242 229 1281 saeculi
277 1241 373 1293 quod
419 1242 611 1292 sequitur,
653 1242 876 1293 conquirere
919 1241 1077 1290 destiti,
1125 1241 1223 1293 quod
1270 1239 1359 1279 nihil
1393 1242 1522 1279 exiis
1552 1241 1597 1279 ad
1631 1240 1749 1279 Diras

89 1311 234 1363 quidem
267 1310 356 1348 novi
389 1308 482 1348 disci
517 1323 634 1360 posse
666 1309 935 1359 intelligerem.
996 1310 1091 1348 Nam
1134 1309 1220 1348 hinc
1261 1309 1452 1360 paullatim
1486 1310 1645 1348 rarescit
1675 1308 1750 1347 hoc

89 1379 235 1431 quidem
268 1390 392 1429 genus
424 1378 715 1429 exemplarium,
749 1378 846 1430 quod
867 1378 1062 1429 Opuscula
1095 1379 1295 1417 coniuncta
1327 1390 1406 1416 cum
1437 1378 1631 1428 Operibus
1652 1377 1750 1416 Vir-

88 1447 175 1497 gilii
223 1446 366 1486 babet:
415 1451 622 1497 coeperunt
663 1448 697 1485 in
731 1447 924 1497 Operibus
965 1447 1177 1485 consistere
1217 1447 1404 1493 editores,
1447 1445 1643 1498 Opuscula
1681 1457 1749 1484 ne-

90 1515 222 1565 glecta
264 1517 403 1554 iacere.
474 1516 580 1568 Quae
618 1519 740 1554 antem
781 1515 922 1554 addunt
966 1514 1183 1565 Opuscula,
1226 1514 1318 1553 nihil
1365 1514 1603 1566 protulerunt
1644 1514 1748 1552 novi.

93 1583 143 1623 Ut
175 1597 268 1637 quae
301 1597 391 1623 casu
424 1584 581 1631 oblata,
615 1584 828 1622 examinavi
863 1583 1031 1635 quidem,
1066 1584 1133 1622 sed
1167 1596 1252 1622 raro
1287 1583 1599 1622 commemoravi:
1633 1581 1751 1633 Lug]-

93 1654 330 1702 ‹lunensem‚
365 1666 472 1705 quam
504 1652 630 1703 paullo
663 1656 750 1691 ante
782 1652 1052 1701 memorabam,
1087 1653 1241 1705 Gryph.
1274 1655 1396 1691 1592.
1419 1653 1458 1690 et
1477 1653 1752 1704 Anlverplen-

91 1735 197 1770 sem,
232 1722 344 1774 apud
377 1722 530 1760 Lucam
568 1721 791 1769 Bellerum,
845 1724 963 1759 1580.
997 1732 1092 1772 quae
1124 1719 1267 1759 titulum
1299 1721 1381 1759 sere
1413 1732 1640 1758 communem
1672 1731 1753 1758 cum

88 1789 161 1829 hac
191 1790 437 1840 Lugdunensi
476 1792 594 1828 1592.
628 1793 666 1828 et
698 1800 777 1827 curn
812 1788 1091 1838 Antverpiensi
1128 1792 1250 1827 1566.
1299 1791 1338 1827 et
1379 1787 1518 1840 aliquid
1554 1787 1754 1826 varietatis

91 1861 126 1897 in
158 1860 329 1907 margine
363 1859 521 1907 editum,
554 1857 621 1895 sed
655 1857 742 1895 illud
777 1857 823 1895 ab
868 1868 912 1894 ea
954 1857 1160 1906 varietate,
1200 1868 1295 1908 quae
1328 1858 1361 1894 in
1394 1856 1593 1906 Antverp.
1633 1858 1753 1893 1566.

92 1931 130 1967 et
164 1928 290 1977 Lugd.
327 1931 448 1966 1592.
483 1925 647 1974 legitur,
692 1925 908 1973 diversum,
955 1928 992 1963 ct
1024 1924 1162 1962 nullius
1204 1925 1399 1973 utilitatis,
1439 1923 1613 1963 exbibet.
1674 1924 1754 1961 Eae

92 1997 190 2049 quod
224 2008 381 2047 prorsus
413 1994 556 2032 similes
589 1995 664 2032 sint
697 1994 871 2041 vulgatis
904 1997 991 2032 ante
1025 1993 1264 2045 Scaligerum
1297 1992 1604 2043 exemplaribus,
1649 1991 1754 2030 Ant-

92 2065 388 2115 verpiensibus‚
423 2063 528 2110 aliis,
562 2066 600 2102 et
632 2062 728 2114 quod
763 2062 898 2099 nullum
931 2062 1203 2100 emendationis
1230 2061 1512 2110 Scaligeranae
1543 2060 1754 2108 vestigium

93 2135 128 2171 in
161 2146 203 2171 se
236 2132 421 2180 habeant,
449 2144 554 2169 nemo
584 2131 798 2177 mirabitur,
827 2131 888 2182 qui
923 2130 1252 2180 consideraverit,
1283 2129 1379 2181 quod
1405 2129 1513 2168 modo
1539 2128 1754 2176 docuimus,

94 2203 199 2252 ipsas
231 2201 420 2239 editiones
446 2198 742 2248 Scaligeranas,
763 2201 905 2237 textum
938 2199 1035 2250 quod
1068 2199 1224 2245 attinet,
1259 2197 1346 2236 nihil
1377 2197 1528 2235 differre
1559 2209 1580 2235 a
1611 2196 1754 2247 priori-

93 2271 165 2308 bus
189 2269 277 2307 illis.
338 2269 395 2307 At
425 2280 556 2306 eruere
588 2267 870 2305 ememlationes
898 2266 1091 2318 Scaligeri
1126 2278 1176 2304 ex
1200 2264 1540 2305 Coniectaneorum
1574 2263 1694 2313 libro,
1718 2263 1755 2301 id

95 2337 248 2387 longum
281 2340 389 2387 erat,
422 2348 542 2388 neque
577 2335 703 2373 borum
730 2335 1083 2386 typographorum,
1113 2334 1276 2385 Belleri,
1303 2335 1397 2374 Ant.
1421 2332 1611 2384 Gryphii,
1644 2345 1753 2383 opus.

154 2462 423 2511 ,Scaligerum
450 2462 595 2513 excipit
623 2461 844 2511 Pithoeus,
879 2463 985 2501 cuius
1021 2462 1223 2500 editionem
1260 2461 1556 2510 Lugdunensem
1598 2457 1753 2496 habeo:

97 2533 403 2584 Epigsrammata
435 2537 472 2569 et
501 2532 711 2570 Poematia
738 2537 891 2570 velera.
940 2530 1112 2587 Quorum
1131 2531 1330 2584 pleraque
1361 2533 1434 2568 etc.
1480 2528 1604 2580 Apud
1632 2527 1756 2565 Iaco-

98 2601 181 2640 bum
200 2601 369 2639 Claeoue't.
389 2603 448 2636 M.
474 2604 521 2636 D.
552 2604 691 2636 XCVI.
718 2602 757 2638 8.
778 2602 815 2638 et
833 2600 867 2637 in
890 2599 984 2638 line:
1008 2600 1077 2638 Ea·
1090 2600 1363 2652 typoqraplaia
1380 2598 1545 2635 Antonii
1559 2595 1754 2643 Candidi,

100 2669 285 2719 Lnsjdnn.
307 2681 401 2720 quae
423 2672 543 2706 tamen
567 2668 769 2706 editionem
790 2669 1020 2718 primariam,
1040 2668 1271 2717 Parisinam,
1293 2667 1388 2705 satis
1413 2667 1590 2703 accurate
1616 2664 1758 2701 referre

100 2739 262 2776 videtur.
325 2737 513 2784 Constat,
548 2737 617 2774 nisi
649 2736 781 2783 fallor,
816 2737 914 2775 inter
945 2737 1053 2775 viros
1081 2736 1238 2784 doctos,
1274 2735 1512 2786 praecipuum
1538 2733 1581 2771 Ρ.
1606 2731 1756 2770 l’itboei

99 2808 290 2854 merItnm,
331 2805 442 2856 idque
483 2805 577 2843 satis
610 2805 784 2854 insigne,
829 2805 865 2843 in
899 2804 1127 2853 colligendis
1159 2807 1272 2855 atque
1304 2803 1526 2851 digerendis
1560 2801 1756 2851 epigram-

98 2875 208 2913 matis
241 2874 514 2924 poenmtiisque
547 2873 710 2922 positum
743 2884 843 2910 esse.
905 2873 1094 2921 Textum,
1137 2873 1197 2923 qui
1239 2872 1396 2919 dicitur,
1441 2874 1545 2909 certe
1578 2869 1755 2919 Opuscu-

100 2942 237 2991 lorum,
271 2942 304 2979 in
338 2953 406 2979 sua
438 2941 605 2978 editione
649 2952 719 2977 nun
754 2940 978 2988 diligentius
1011 2940 1217 2989 tractavit,
1256 2951 1363 2991 quam
1403 2940 1514 2977 antea
1546 2939 1690 2976 fecerat
1721 2937 1757 2974 in

101 3011 309 3050 accusanda
340 3010 506 3049 editione
530 3008 746 3058 Scaligeri:
780 3007 998 3060 plerumque
1029 3007 1221 3047 consentit
1252 3018 1331 3046 cum
1355 3006 1519 3047 editione
1547 3005 1756 3055 Scaligeri,
