2006 3365
219 143 318 189 196
784 136 859 176 AN
862 135 1310 177 IMADVERSIONFIS

221 259 309 296 sunt
346 257 441 295 surta
481 253 644 305 perlida,
693 253 792 291 snrta
831 252 967 304 quibus
1005 250 1168 289 fraudem
1209 250 1362 300 coniugi
1413 263 1503 290 suae
1550 251 1638 289 fecit
1675 249 1858 301 luppiter.

224 325 430 376 Aliquanto
463 321 640 360 subtilius
668 319 763 360 Cato
794 320 1004 359 mendacia
1032 321 1138 371 furti
1168 319 1257 358 dicit
1288 320 1414 357 varias
1445 320 1691 367 imitationes,
1724 320 1860 371 quibus

223 406 291 432 sua
322 393 419 430 surta
449 390 642 440 luppiter,
674 388 759 439 vel,
790 391 830 427 ut
861 389 913 427 ait
937 387 1055 436 Cato,
1089 401 1200 426 sumn
1230 389 1380 440 fartam
1412 387 1581 436 celabat,
1614 391 1651 426 et
1682 387 1860 425 dissimu-

223 461 345 509 labat3
385 459 540 506 variae,
574 458 734 496 maxime
764 457 994 503 animalium,
1028 459 1186 506 formae,
1227 469 1319 509 quas
1351 457 1384 494 in
1417 457 1525 495 furtis
1557 456 1725 507 luppiter
1755 468 1860 494 men-

222 529 314 568 titus
345 529 418 566 est.
479 527 718 577 Epigramma
749 526 845 576 apud
880 525 1097 565 Suetonium
1132 527 1238 574 Aug.
1272 540 1370 563 Lxx.

394 597 524 649 Impia
556 596 644 634 dnm
675 594 821 633 Phoebi
856 596 1017 634 Caesar
1048 594 1238 632 mendacia
1271 594 1382 640 ludit,

479 666 582 704 Dum
613 678 717 703 nova
751 665 929 703 divorum
961 670 1101 703 coenat
1134 664 1350 702 adallerz'a.

224 733 300 773 Sed
335 734 384 772 ibi
409 735 532 782 magis
563 735 766 783 perspicua
798 734 923 771 statim
955 733 1142 771 sententia
1174 736 1254 774 est,
1288 745 1393 783 quum
1427 731 1586 770 additum
1618 731 1668 770 sit
1695 729 1859 769 Phoebi.

222 804 287 842 Ab
320 804 417 841 omni
449 804 556 853 parte
587 802 717 839 similis
751 799 886 840 Catoni
919 800 1066 840 Statius
1100 799 1240 839 Achill.
1272 800 1302 838 l.
1337 802 1431 839 342.
1467 800 1536 847 (ll.
1576 802 1684 849 145.)
1723 799 1785 837 ubi
1816 799 1862 836 de

223 871 375 912 Achille
405 873 441 909 in
474 870 633 922 puellam
666 869 985 909 transformando:

737 940 883 990 incepti
915 959 968 965 —
998 938 1210 977 mendacia
1239 939 1354 989 furti.

225 1009 376 1061 Aliquid
417 1008 503 1046 huic
545 1010 698 1045 nostrae
738 1007 998 1045 observationi
1038 1006 1157 1045 simile
1198 1008 1231 1045 ei
1270 1007 1568 1055 obversabatur,
1611 1005 1673 1058 qui
1705 1004 1863 1055 glossas

225 1079 380 1128 scripsit
411 1078 445 1116 iu
479 1077 615 1115 Venet.
651 1076 750 1114 lens.
812 1075 990 1125 Explicat
1022 1076 1117 1112 enim
1147 1077 1383 1115 mendacia:
1417 1078 1655 1115 mutationes
1689 1086 1791 1113 suas
1823 1076 1864 1112 in

225 1150 368 1187 rarias
406 1147 576 1198 formas.
638 1144 828 1192 lungobat
859 1143 923 1181 illc
954 1146 1019 1182 sm·
1048 1145 1270 1183 mendacia.
1305 1145 1446 1196 faetus
1480 1144 1663 1196 quomodo
1695 1154 1864 1193 accepe-

226 1217 299 1265 rit,
339 1228 411 1254 non
452 1214 567 1252 addit.
631 1213 771 1251 Badius
810 1212 891 1250 sic:
939 1212 1121 1264 Iuppiter
1156 1214 1298 1264 saclas
1339 1227 1491 1266 semper
1526 1213 1737 1251 mendacia
1775 1214 1862 1258 sui,

226 1286 336 1336 idque
367 1284 634 1333 interpretatur
667 1282 715 1320 de
746 1295 791 1320 se
813 1281 957 1332 factas
988 1281 1171 1320 mendam.
1232 1281 1342 1319 lnuno
1374 1282 1407 1319 si
1437 1282 1522 1333 quid
1555 1282 1589 1319 in
1621 1280 1692 1319 bac
1722 1280 1866 1318 vitiosa

225 1355 411 1404 scriptura
441 1353 583 1403 factas
616 1354 750 1401 posset
782 1362 909 1388 verum
943 1361 1055 1397 esse,
1089 1351 1140 1388 ita
1170 1350 1387 1400 accipienda
1417 1352 1544 1388 esset:
1607 1349 1774 1399 luppiter
1804 1349 1865 1400 qui

226 1436 269 1462 sc
300 1422 456 1460 mutarit
496 1432 667 1469 semper,
706 1431 854 1470 semper
883 1418 978 1456 alias
1011 1431 1195 1469 personas
1227 1419 1355 1457 induit.
1416 1418 1627 1457 Heinsius:
1669 1424 1762 1457 ante
1801 1420 1866 1456 sui

226 1505 360 1545 nempe
389 1498 425 1530 ee
456 1490 665 1528 mendacia
694 1491 830 1539 pacti,
865 1499 943 1526 cum
974 1487 1045 1526 hac
1085 1486 1364 1537 explicatione:
1404 1488 1489 1539 quia
1526 1487 1660 1526 fefellit
1698 1485 1864 1526 maritale

226 1564 373 1611 pactum
405 1558 614 1597 adulteriis.
647 1557 713 1594 sed
747 1558 854 1595 etiam
887 1569 1003 1606 posse
1033 1558 1242 1595 mendacia
1273 1557 1439 1594 construi
1473 1568 1551 1594 cum
1582 1556 1761 1607 qaudiis.

310 1630 418 1681 facti
460 1638 578 1674 marg.
622 1625 746 1674 Lugd.
794 1629 912 1663 1529.
946 1625 1043 1662 Ven.
1088 1627 1208 1663 154⁴.
1253 1628 1372 1663 1555.
1407 1626 1534 1664 nescio
1566 1626 1676 1663 unde.
1708 1625 1864 1676 Iupiter

229 1699 350 1737 Paris.
382 1696 451 1735 lV.
493 1695 574 1734 cod.
608 1695 698 1732 Bas.
732 1696 770 1732 et
802 1693 910 1732 Vrat.
950 1694 999 1732 ll.
1040 1706 1119 1732 cum
1158 1693 1360 1742 Romanis,
1403 1694 1498 1732 Mut.
1537 1693 1693 1734 Mediol.
1743 1696 1862 1732 1501.

227 1767 429 1807 mendacia
460 1764 547 1802 Vic.
580 1763 687 1802 Brix.
720 1761 816 1801 aliae
848 1762 1058 1801 nonnullae.

311 1902 362 1941 V.
392 1905 457 1940 64.
489 1900 623 1950 (161.)
668 1910 765 1943 eum
793 1909 971 1942 inNoNE
997 1909 1135 1943 Pinus
1163 1909 1297 1951 QUAM
1324 1909 1538 1943 conNx
1562 1909 1733 1943 mc'rus
1759 1910 1801 1943 U.
1827 1909 1867 1942 E.

230 1975 403 2013 coniunx
432 1971 603 2019 August.
636 1972 674 2007 et
704 1968 853 2007 Thurin.
888 1969 1031 2007 diserte
1062 1973 1236 2007 monente
1269 1969 1427 2007 Vossio.
1461 1972 1498 2007 et
1530 1970 1585 2007 sic
1617 1970 1749 2020 scripti
1781 1969 1868 2020 ple-

229 2044 358 2094 rique,
391 2039 453 2078 vel
486 2051 613 2077 omnes
645 2040 830 2086 tortasse,
869 2041 982 2090 atque
1023 2038 1111 2076 editi
1144 2041 1231 2076 ante
1265 2037 1463 2087 Virgilium
1496 2037 1587 2077 Aldi
1621 2042 1659 2078 et
1690 2037 1867 2077 Aldinas.

231 2113 376 2150 «luctas
408 2108 578 2147 Noriml).
618 2110 735 2147 1492.

318 2247 367 2285 V.
388 2249 453 2284 65.
473 2244 609 2295 (168.)
636 2253 814 2287 GAUDIA
842 2253 1035 2286 LIBAvl'r
1060 2253 1254 2286 DULCEM
1280 2253 1497 2286 FURATUS
1524 2253 1566 2286 A.

322 2315 487 2356 Gamlicc
512 2311 674 2365 libauit]
702 2312 785 2348 τῶν
811 2308 1083 2362 ἀφροδισίων
1110 2308 1338 2360 (ἐπήρξατο.
1371 2312 1525 2352 allusum
1557 2313 1602 2352 ad
1627 2313 1782 2352 Homeri
1812 2312 1869 2352 lo-

234 2399 332 2432 cum,
367 2381 533 2425 ἰλιίιίδος
564 2382 597 2427 ξ.

408 2444 497 2488 οἷον
530 2446 598 2486 ὅτε
631 2447 870 2498 πρώτιστον
903 2447 1169 2499 ἐμισγέσθην
1202 2447 1400 2500 φιλότητι

408 2519 468 2564 εἰς
502 2516 626 2568 εὐνήν
659 2519 892 2570 φοιτῶντε,
926 2519 1079 2570 φίλους
1111 2516 1293 2568 λήθοντε
1324 2519 1493 2570 τοκῆας.
1582 2529 1766 2564 SCALIG,

238 2593 351 2633 Addo
382 2591 552 2630 Nomium
594 2589 762 2627 XXXII.
796 2592 862 2627 30.
895 2602 953 2640 sq.
1016 2588 1187 2627 Venuste
1219 2588 1387 2639 Statius,
1431 2589 1603 2628 laudatus
1636 2588 1870 2628 Wernsdor-

239 2664 310 2713 lio,
351 2660 423 2699 etsi
463 2671 533 2696 non
575 2658 677 2695 addit
717 2657 881 2707 diserte,
922 2668 1069 2694 amores
1102 2658 1220 2695 fuisse
1253 2659 1433 2702 furtivos,
1474 2658 1598 2697 Theb.
1630 2658 1680 2697 X.
1714 2661 1779 2695 61.
1812 2670 1870 2708 sq.

242 2732 345 2785 Ipsa
383 2729 468 2768 illic
504 2728 636 2777 magni
670 2725 846 2763 thalamo
888 2726 1095 2777 desponsa
1131 2726 1349 2775 Tonantis,
1390 2728 1555 2780 Expers
1591 2726 1795 2774 connubii,
1834 2733 1872 2765 et

242 2799 377 2838 timide
393 2798 579 2851 positura
600 2806 793 2840 sororem,
814 2793 980 2832 Lmnine
1006 2794 1178 2833 demisso
1198 2799 1313 2847 ymeri
1330 2796 1441 2835 Iovis
1461 2796 1601 2835 oscula
1622 2796 1744 2843 libat,
1765 2796 1872 2834 Sim-

241 2869 359 2921 φήην,
392 2873 429 2905 et
460 2864 626 2902 nondum
654 2863 781 2914 fartis
814 2862 979 2914 offensa
1008 2865 1154 2900 mariti.
1215 2864 1263 2902 Et
1296 2864 1354 2902 liic
1385 2866 1529 2916 quidem
1562 2866 1723 2915 egregie
1755 2877 1872 2903 vere-

246 2937 411 2974 cnndiffln
435 2932 618 2971 describit
649 2930 884 2979 virginalem.
948 2930 1022 2970 Alii
1051 2930 1292 2971 vehementer
1315 2945 1551 2984 repugnasse
1583 2932 1757 2971 lunonem
1782 2946 1873 2971 nar-

245 3009 341 3043 rant.
403 3001 463 3042 Cf.
496 3003 541 3040 de
571 3000 678 3039 Iovis
708 3002 745 3039 et
776 2999 932 3038 Iunonis
962 3001 1177 3051 amoribus,
1218 3003 1452 3054 nuptiisque,
1484 3000 1795 3041 Hemsterhusins
1826 3003 1872 3042 ad
