2006 3365
564 156 634 196 DE
663 155 818 197 POESI
850 155 1187 198 CATONIANA.
1598 163 1694 207 321

60 269 164 322 Quae
195 268 317 308 multis
350 281 475 321 parum
507 272 588 311 sore
618 273 752 310 suavia
783 273 970 323 suspicor.
1031 273 1242 313 Veteribus
1270 274 1380 314 aliter
1405 274 1524 313 vlsum
1550 277 1633 324 est,
1666 275 1700 313 si

58 339 153 378 tides
187 339 309 378 Gellio
345 339 428 378 Vll.
453 355 524 378 xx.
558 342 684 389 0111113,
718 344 914 393 postquam
945 341 993 380 de
1024 342 1182 391 Virgilii
1216 355 1330 381 versu
1363 342 1510 393 Georg.
1530 342 1579 382 ll.
1603 345 1697 381 22⁴.

63 408 194 447 Talem
228 409 342 447 dices
375 415 468 447 arat
500 411 669 461 Capua,
709 417 747 448 et
779 412 914 448 vicina
954 410 1122 450 Vesevo
1167 411 1253 450 Ora
1291 414 1406 464 iuqo,
1445 425 1551 464 quem
1584 424 1698 451 cano-

56 489 131 515 rum
164 477 412 530 simulatque
455 479 648 516 iucundum
690 490 778 517 esse
816 477 954 517 hiatum
997 479 1112 527 dicit,
1160 482 1198 518 et
1243 480 1290 518 de
1331 480 1425 519 locis
1468 481 1696 530 Homericis,

54 544 160 583 Iliad.
192 546 321 585 XXll.
358 550 450 585 151.
484 549 521 584 2.
562 544 733 596 προρέει
775 544 919 583 εἰκυῖα
950 545 1142 599 χαλάζῃ,
1177 540 1204 598 ἢ
1234 545 1354 596 χιόνι
1386 549 1560 600 ψυχρῇ,
1596 542 1622 600 ἧ
1653 547 1696 596 ἐξ

53 607 211 667 ὕδατος
250 612 519 666 κρυστάλλῳ,
565 620 602 655 01
647 615 793 666 odyss.
836 614 905 653 XI.
954 618 1048 654 595.
1096 613 1205 651 λᾶαν
1248 608 1334 652 ἄνω
1380 610 1552 653 ὤθεσκε
1599 615 1697 655 nom*

53 678 208 731 λόφον,
243 683 444 732 disseruit,
477 684 523 723 de
554 682 714 732 Catulli,
748 686 941 734 poetarum
973 683 1270 733 elegantissimi,
1305 697 1421 724 versu
1452 686 1620 725 XXVII.
1654 687 1693 725 4.

51 752 231 791 Ebriosa
263 754 384 791 acina
415 752 676 801 ebriosioris,
709 751 782 791 1100
812 754 1054 802 praeceptum
1085 754 1175 791 est:
1210 767 1325 808 quum
1355 754 1489 793 (licere
1515 754 1691 802 ebrioso,

47 826 213 873 posset,
247 828 306 870 et,
343 823 448 873 quod
477 827 565 861 erat
595 823 815 868 usitatius,
863 819 1007 858 acinum
1039 822 1080 859 in
1111 827 1248 861 neutro
1277 836 1422 874 yenere
1451 823 1692 876 appellare3

51 903 191 929 amans
221 896 349 929 tamen
380 891 516 930 hiatus
548 890 661 928 illius
694 889 895 928 Homerici
927 892 1195 939 suavitatem,
1230 890 1381 930 ebriosa
1404 891 1508 931 dixit
1529 899 1694 946 propter

50 960 299 1012 insequentis
332 972 357 998 a
389 960 550 997 litterae
581 964 819 997 concentum.
880 956 956 996 Iam
988 958 1106 1007 igitur
1146 959 1287 998 cuinam
1318 959 1447 999 borum
1489 961 1582 1000 tides
1621 961 1692 1000 ha-

49 1027 171 1065 benda
204 1024 303 1066 erit?
334 1023 487 1066 Genio?
518 1027 588 1065 Est
618 1038 710 1065 sane
741 1025 912 1077 locuples
944 1027 1055 1065 testis
1079 1026 1246 1076 Gellius,
1280 1041 1385 1080 quem
1418 1029 1508 1068 illud
1539 1030 1586 1069 ab
1617 1029 1691 1069 alio

47 1096 204 1148 quodam
235 1096 444 1148 antiquiore
476 1095 696 1145 accepisse,
729 1097 814 1144 aut,
855 1095 888 1133 si
931 1096 1015 1146 ipse
1046 1096 1354 1136 observationem
1398 1099 1552 1149 fecerit,
1599 1098 1692 1138 1111111

47 1164 249 1213 docuisse,
293 1163 390 1216 quod
429 1163 583 1212 linguae
621 1162 758 1202 latinae
790 1163 946 1212 ingenio
978 1167 1247 1218 poetarumque
1278 1168 1541 1207 consuetudini
1574 1180 1690 1220 repu-

46 1236 168 1282 gnet,
200 1232 396 1284 probabile
427 1233 490 1272 311.
552 1232 614 1271 An
648 1232 711 1270 illo
744 1232 972 1271 confidemus
1004 1246 1142 1282 sensu,
1177 1246 1282 1287 quem
1314 1238 1540 1275 contrarium
1576 1250 1692 1288 prae-

46 1306 156 1353 cepto
189 1314 277 1340 esse
309 1301 420 1341 Gellii
462 1297 569 1340 dixi?
629 1302 714 1353 Ego
746 1300 908 1349 hiatum,
940 1301 1026 1348 vel,
1068 1305 1108 1342 ut
1138 1315 1208 1341 nos
1240 1315 1336 1342 nunc
1367 1305 1492 1343 dicere
1524 1317 1690 1345 consue-

44 1372 189 1420 vimus,
222 1370 439 1420 elisionem,
473 1370 593 1423 qualis
625 1374 684 1409 est
703 1370 884 1409 Ebrios-a
908 1372 1059 1419 acina,
1093 1383 1161 1422 per
1192 1384 1235 1410 se
1268 1385 1340 1411 non
1371 1372 1588 1425 molestam,
1621 1374 1688 1413 sed

43 1441 152 1479 etiam
185 1451 339 1477 suavem
372 1440 567 1478 veteribus
599 1440 723 1490 poetis
756 1440 874 1478 fuisse
916 1439 1066 1489 latinis,
1108 1441 1219 1480 eredo
1260 1440 1398 1481 Gellio.
1459 1441 1509 1482 Ut
1540 1444 1687 1482 omnino

44 1512 191 1552 errant,
225 1509 284 1560 qui
317 1508 598 1546 excusationem
632 1508 781 1546 elisioni
813 1507 860 1546 ab
893 1509 1125 1548 necessitate
1157 1510 1309 1549 metrica
1335 1510 1554 1562 petendam,
1587 1516 1624 1550 et
1651 1512 1688 1551 in

43 1577 153 1616 laude
184 1577 361 1629 lucroque
392 1576 464 1615 1100
494 1578 653 1627 positum
687 1578 826 1626 l'uisse,
859 1577 1044 1626 defugere
1065 1577 1282 1628 elisionem,
1317 1580 1548 1619 existimant.
1603 1581 1688 1620 Re-

44 1647 160 1695 ctius,
194 1649 232 1684 ut
264 1658 367 1683 unum
400 1646 447 1684 dc
477 1646 750 1698 antiquioribus
783 1646 1265 1695 commemorem,Ioannes
1289 1647 1685 1694 IovianusPontanus

41 1715 76 1752 in
109 1714 288 1764 dialogo,
335 1715 391 1753 cui
426 1714 563 1753 Aetius
596 1727 726 1752 nomen
760 1716 843 1763 est,
885 1713 1083 1763 singulare
1114 1719 1250 1766 poetas
1281 1717 1473 1755 artificium
1504 1718 1684 1768 posuisse

38 1783 72 1820 in
105 1782 284 1825 elisione,
315 1783 400 1829 vel,
434 1787 473 1822 ut
503 1783 566 1821 ille
597 1783 722 1821 dicere
754 1782 875 1830 solet,
909 1782 1157 1833 explosione,
1184 1788 1289 1823 recte
1314 1785 1468 1837 suisque
1492 1785 1589 1824 locis
1615 1787 1683 1825 ad-

37 1850 198 1889 hibenda
230 1853 373 1890 statuit.
436 1852 558 1891 Recte
591 1852 685 1890 idem
716 1851 762 1889 ab
806 1851 986 1899 elisione,
1031 1853 1116 1891 sive
1159 1853 1409 1904 explosione,
1451 1854 1682 1905 complosio-

37 1932 140 1968 nem,
175 1933 279 1972 quam
313 1921 430 1970 dicit,
462 1920 684 1969 distinguit,
727 1918 850 1972 qualis
891 1923 951 1959 est
989 1920 1143 1960 Glauco
1182 1927 1221 1960 et
1256 1922 1475 1976 Panopeae
1513 1929 1552 1962 et
1584 1923 1681 1963 Inoo

38 1990 301 2037 M'elieerlae,
342 1988 556 2028 Dardanio
588 1989 814 2037 Anchisae,
858 2000 929 2039 qua
961 1988 1023 2026 ille
1054 1989 1216 2028 Latinos
1250 1991 1316 2029 vix
1349 1990 1555 2040 delectari,
1606 1993 1678 2031 nisi

36 2058 72 2097 in
106 2059 152 2096 iis
186 2071 279 2110 quae
311 2070 332 2096 a
363 2057 521 2095 Graecis
553 2060 638 2095 sunt
685 2059 863 2107 accepta,
905 2057 1192 2107 animadvertit,
1239 2061 1278 2098 et
1308 2058 1446 2098 hiatum
1480 2060 1575 2099 inter
1606 2062 1678 2100 duo

37 2140 194 2175 versuS,
227 2126 346 2178 qualis
379 2129 438 2164 est
472 2127 605 2165 vicina
642 2124 811 2164 VeserO
845 2124 932 2165 Ora
964 2128 1068 2177 iaqo.
1130 2126 1236 2180 Quae
1268 2128 1389 2167 omnia
1421 2128 1567 2168 Gellius
1599 2128 1623 2167 l.
1650 2129 1676 2168 1.

35 2196 169 2234 miscet
200 2209 324 2247 parum
356 2198 543 2234 accurate.
606 2194 687 2233 Etsi
721 2193 793 2232 1100
825 2194 897 2232 ista
928 2207 1074 2247 quoque
1107 2195 1282 2247 exempla
1304 2197 1489 2248 probant,
1523 2210 1594 2237 non
1617 2199 1676 2237 ni-

34 2265 103 2303 mis
136 2265 373 2315 pertimuisse
417 2276 633 2302 concursum
677 2262 859 2301 vocalium
892 2266 1026 2314 poetas
1058 2263 1208 2303 latinos.
1269 2263 1469 2305 Caeterum
1501 2279 1573 2306 non
1606 2280 1675 2318 ap-

32 2333 153 2384 probo
184 2334 304 2370 omnia
334 2332 515 2381 Pontani,
557 2333 617 2384 qui
658 2333 693 2369 in
725 2330 950 2371 declarando
985 2331 1157 2371 elisionis
1189 2334 1347 2373 artificio
1380 2335 1443 2374 1110
1474 2335 1550 2374 11110
1581 2337 1673 2375 sub-

33 2401 134 2439 tilins
166 2402 270 2450 agit,
303 2405 340 2440 et
371 2401 450 2438 dum
483 2401 517 2438 in
551 2413 620 2439 uno
652 2402 732 2438 fere
759 2400 922 2449 Virgilio
955 2400 1112 2450 haeret,
1146 2405 1350 2454 temporum
1383 2417 1454 2443 non
1487 2405 1673 2444 observat

32 2470 304 2508 diversitatem.
366 2468 457 2507 lllud
491 2469 585 2507 enim
617 2469 827 2520 quaeritur,
859 2470 948 2521 quid
981 2470 1050 2510 bae
1082 2472 1116 2509 in
1141 2484 1182 2510 re
1202 2471 1249 2509 ab
1270 2474 1544 2526 antiquioribus
1574 2486 1671 2524 poe-

31 2540 79 2577 tis
111 2539 283 2577 differant
322 2538 578 2585 recentiores,
620 2538 705 2576 inde
745 2549 766 2576 a
804 2537 1003 2588 Virgilio:
1045 2552 1127 2578 nam
1168 2543 1480 2592 temperantiores
1526 2543 1560 2581 in
1602 2555 1671 2580 usu

29 2606 199 2645 elisionis
230 2606 488 2654 recentiores,
523 2606 632 2643 etiam
653 2605 875 2656 Virgilium,
910 2620 1026 2653 esse,
1060 2621 1166 2661 quam
1198 2611 1303 2648 fuere
1333 2613 1509 2661 veteres,
1542 2614 1667 2660 certa,

29 2682 140 2726 puto,
175 2688 235 2714 res
268 2678 338 2714 est.
400 2675 449 2712 Et
490 2686 614 2712 eorum
657 2674 801 2726 quidem
848 2675 1126 2726 exemplorum,
1171 2689 1266 2729 quae
1305 2691 1327 2717 e
1357 2677 1504 2719 Catone
1536 2681 1669 2730 posui,

28 2746 154 2795 priora
195 2747 280 2782 octo
318 2745 367 2781 ita
408 2745 619 2792 comparata
664 2746 768 2789 sunt,
814 2746 852 2782 ut
890 2756 1025 2794 negem
1069 2746 1294 2784 recentioris
1334 2746 1489 2786 scholae
1520 2752 1667 2798 poetam

28 2813 209 2852 elisiones
242 2812 420 2851 eiusmodi
455 2815 556 2849 tanto
590 2823 737 2850 nurnero
763 2812 1006 2850 admissurum
1032 2813 1150 2851 fnisse
1182 2814 1216 2851 in
1250 2817 1322 2852 tam
1355 2815 1463 2853 brevi
1490 2818 1664 2855 carmine.

28 2881 167 2919 Verum
199 2882 233 2919 id
267 2894 336 2919 non
369 2882 402 2918 in
435 2880 593 2918 elisione
624 2881 785 2930 positum
819 2887 899 2929 est,
933 2882 998 2920 sed
1032 2883 1067 2919 in
1101 2894 1164 2928 00,
1214 2883 1310 2934 quod
1344 2884 1394 2921 ibi
1428 2884 1534 2921 elisio
1567 2887 1666 2923 tacta

27 2954 196 2989 extremo
235 2963 360 2989 versu.
421 2949 584 2999 Disputo
622 2947 716 2987 baec
756 2962 805 2988 ex
836 2963 902 2988 usu
935 2954 1141 3001 poetarum.
1213 2951 1381 2989 Evolvat
1421 2951 1555 3003 aliquis
1589 2952 1666 2991 Lu-

26 3021 210 3060 cretium:
243 3019 366 3059 multis
399 3018 492 3058 locis
533 3017 724 3056 elisionem
764 3019 932 3058 inveniet
971 3019 1005 3056 in
1045 3031 1089 3057 ea
1130 3031 1268 3057 versus
1300 3019 1405 3056 sede.
1466 3020 1594 3059 Velnti
1628 3024 1664 3061 in

130 3099 284 3130 Valerius
310 3098 402 3130 Cato.
1324 3091 1385 3134 21
