2006 3365
211 158 234 200 1
244 157 277 201 8
774 145 1303 191 ANIMADVERSIONES

213 270 272 308 De
295 282 365 321 qua
388 269 513 309 itidem
539 270 642 307 recte
666 267 807 306 monuit
825 265 1089 305 Casaubonus.
1132 262 1184 304 Ut
1205 265 1390 303 enimnec
1411 262 1681 313 βατταςιίζειν
1702 264 1857 304 verbum

211 352 234 377 a
265 339 392 378 Bam)
424 350 539 387 rege,
572 348 643 374 nec
673 333 928 384 βαττολογιίι
961 335 1009 373 ab
1042 334 1170 373 eodem
1203 333 1264 372 vel
1297 333 1344 371 ab
1377 334 1538 373 obscuro
1565 335 1718 387 quodam
1745 337 1859 385 poeta

213 407 457 446 derivandum
491 409 572 454 est,
606 405 660 443 ita
689 416 759 443 nec
791 401 1007 451 βατάλους
1038 403 1124 441 sive
1155 399 1395 450 βιιττάλους
1426 415 1446 440 a
1478 405 1624 441 „omine
1655 403 1776 442 natan
1807 403 1858 442 fi..

213 476 353 515 bicinis
385 475 508 513 dictos
540 485 630 512 esse
655 473 837 512 credibile
862 476 941 512 est:
975 472 1041 511 sed
1069 474 1137 510 suit
1160 473 1267 510 etiam
1292 468 1496 518 βάταλος,
1520 472 1607 511 sive
1628 469 1857 519 βάτταλυς,

213 545 383 595 primitus
416 556 495 581 vox
527 544 647 592 facta,
679 545 718 580 ut
750 540 1001 581 Casaubonus
1033 541 1194 591 indicat,
1227 541 1271 579 ad
1305 540 1515 579 imitandum
1543 554 1672 579 sonum
1705 541 1861 590 linguae

214 612 386 664 puerilis.
446 612 591 651 Videat
629 611 767 663 aliquis
805 623 912 663 quam
952 610 1024 649 sibi
1063 609 1198 648 similia
1229 610 1324 648 sint:
1366 606 1576 659 βάτταρος
1608 613 1646 649 et
1676 607 1862 658 βάταλος

215 694 246 719 s,
281 678 512 728 βάτταλος,
557 679 761 719 Battum-us
795 682 833 718 et
863 679 1077 718 Bastulus.
1138 677 1242 717 Nihil
1275 679 1345 716 nisi
1378 678 1540 730 liquidae
1572 679 1668 717 inter
1699 691 1742 717 se.
1773 691 1862 730 per-

215 752 377 788 nnnatae
409 753 518 798 sunt3
551 762 596 788 ac
627 749 815 788 fatendum
841 753 902 788 est
927 747 1023 786 hanc
1047 750 1220 797 sormam,
1252 760 1346 799 quae
1370 747 1528 786 litteram
1556 748 1576 783 λ
1599 746 1728 795 habet,
1755 748 1864 786 etiam

216 820 395 869 aptiorem
427 818 634 870 meliusque
666 819 799 857 saetam
831 830 920 856 esse
952 817 996 855 ad
1029 817 1237 855 imitandam
1279 816 1432 866 linguae
1462 816 1707 855 balbutientis
1740 816 1866 854 molli-

216 889 315 926 tiem.
363 887 401 926 R
426 888 518 925 enim
546 886 706 925 litteram
738 887 988 937 pronunciare
1019 898 1091 924 non
1124 898 1264 936 posse,
1298 885 1492 924 balborum
1525 889 1606 924 est:
1640 898 1712 937 quo
1746 885 1866 935 perti-

216 959 279 995 net
311 954 510 995 Ciceronis
542 954 647 993 lusus
679 956 713 993 in
747 955 893 994 nomine
926 955 1060 1003 Hirri,
1093 954 1215 1005 Epist.
1248 954 1346 993 Fam.
1380 955 1429 993 ΙΙ.
1464 970 1504 992 x.
1559 954 1654 993 Illud
1687 955 1867 992 incertum

219 1026 397 1064 videatur
429 1038 540 1074 esse,
582 1037 627 1062 an
667 1024 712 1062 ad
745 1023 842 1062 hanc
884 1025 992 1062 vocis
1035 1020 1219 1069 βάταλυς
1259 1025 1442 1073 originem
1483 1027 1521 1063 et
1552 1022 1868 1072 significationem

219 1107 347 1133 (nunes
379 1093 618 1132 revocandae
650 1093 728 1131 sint
766 1092 847 1130 eius
885 1093 994 1130 vocis
1035 1092 1360 1141 significationes,
1402 1105 1496 1145 quae
1528 1091 1744 1132 Casauboni
1776 1103 1869 1129 sen-

221 1164 338 1202 tentia
369 1163 452 1201 l'uit.
515 1162 618 1200 Sane
649 1173 721 1199 non
755 1161 879 1199 statim
912 1164 1015 1210 patet
1046 1160 1117 1198 hac
1150 1161 1235 1208 via,
1269 1163 1451 1213 ‹piomodo
1483 1158 1668 1208 βάταλος
1698 1161 1870 1208 ηιοίΙθυι,

219 1233 492 1283 essemilmmm
524 1231 740 1281 significare
772 1231 956 1279 coeperit.
1018 1230 1151 1278 Magis
1183 1230 1292 1267 etiam
1332 1229 1550 1279 singulare,
1590 1230 1685 1282 qnod
1720 1230 1871 1279 Harpo-

222 1301 341 1338 cratio
374 1300 507 1347 tradit,
541 1298 703 1350 Eupolin
736 1294 924 1345 βάταλον
956 1298 1104 1336 dixisse
1136 1293 1207 1333 τὸν
1239 1295 1448 1345 πρωκτόν.
1483 1301 1530 1337 ef.
1558 1298 1749 1338 Plutarch.
1782 1299 1873 1337 Vita

222 1368 420 1407 Demostli.
452 1382 490 1419 p.
517 1370 611 1407 847.
646 1368 689 1406 E.
752 1367 834 1406 Nisi
868 1366 941 1405 linc
973 1368 1023 1406 ita
1053 1367 1098 1405 ad
1131 1368 1338 1417 primariam
1371 1368 1688 1418 significationem
1722 1370 1873 1417 etymo-

221 1439 436 1490 log-iamque
468 1449 655 1486 revoces,
688 1439 727 1475 ut
758 1435 855 1475 hanc
888 1449 976 1475 esse
1009 1435 1187 1487 puerilem
1221 1436 1282 1474 vel
1315 1436 1359 1474 ad
1394 1439 1539 1487 captum
1564 1448 1759 1486 puerorum
1790 1434 1874 1473 effi-

223 1511 316 1545 ctam
348 1508 469 1557 partis
501 1506 600 1544 illius
632 1505 924 1556 appellationem
956 1506 1083 1552 dicas,
1126 1505 1382 1543 numerandam
1423 1505 1523 1543 inter
1554 1504 1734 1543 nutricum
1767 1500 1876 1538 ὓπο-

224 1573 486 1624 κωριίῑματα,
522 1588 595 1627 quo
628 1574 673 1612 de
704 1586 851 1623 genere
883 1573 1022 1626 aliquid
1055 1571 1233 1621 Scaliger
1265 1574 1299 1611 in
1333 1574 1446 1623 virg.
1480 1572 1676 1612 Catalecta
1707 1586 1744 1623 p.
1778 1574 1873 1611 2⁴4.

224 1659 283 1697 sq.
317 1645 376 1683 ed.
408 1644 612 1683 Lindenbr.
701 1643 810 1681 Haec
842 1645 921 1682 utut
952 1643 1049 1690 sint,
1083 1653 1289 1691 cognomen
1323 1645 1429 1680 certe
1460 1641 1748 1689 Demosthenis,
1782 1638 1874 1677 Βά-

224 1714 351 1757 ταλος
383 1712 444 1751 vel
479 1710 723 1757 Βάτταλος,
759 1724 830 1750 non
863 1711 936 1749 alio
967 1710 1075 1748 modo
1108 1709 1391 1761 explicandum,
1425 1711 1491 1749 sed
1526 1723 1571 1749 eo
1604 1711 1735 1759 modo,
1769 1723 1876 1762 quem

226 1796 344 1834 nuper
376 1783 686 1834 approbaverunt
718 1782 789 1819 viri
823 1780 948 1828 «loeti,
981 1778 1214 1817 Seliael'erus
1247 1780 1434 1830 Apparat.
1467 1780 1511 1818 ad
1545 1778 1744 1818 Demosth.
1763 1779 1811 1818 T.
1825 1780 1875 1818 11.

226 1867 264 1903 p.
285 1856 380 1892 251.
443 1852 657 1890 Passovius
682 1851 778 1889 Lex.
808 1849 873 1887 Gr.
904 1863 939 1887 v.
975 1845 1184 1898 βάταλος,
1217 1848 1262 1887 de
1298 1849 1388 1887 vitio
1422 1849 1743 1898 pronmneiatimiis
1775 1850 1880 1887 aeci-

228 1921 399 1972 piendum
427 1932 516 1958 esse
542 1920 732 1958 existimo.
787 1916 1011 1961 Βάτταλος
1045 1930 1175 1955 nomeu
1203 1920 1262 1955 est
1285 1918 1394 1955 etiam
1420 1917 1516 1967 apud
1541 1917 1728 1967 Hedylum
1755 1918 1878 1968 epigr.

230 2007 299 2028 νιι.
332 1993 371 2029 ut
402 1989 496 2027 alius
528 1989 706 2027 (militam.
768 1987 908 2026 Verum
948 1987 1008 2039 qui
1052 1987 1146 2034 sint,
1187 1998 1282 2037 quos
1320 1989 1472 2036 spectat
1503 1985 1695 2035 Gyraldus
1729 1986 1880 2025 Poetar.

228 2060 319 2098 hist.
352 2073 389 2109 p.
428 2062 519 2096 138.
552 2057 595 2097 E.
627 2056 701 2095 Tu.
725 2056 774 2095 ll.
808 2069 914 2108 quum
948 2056 1103 2094 scribit:
1136 2056 1238 2095 Sunt
1271 2057 1338 2109 qni
1369 2058 1408 2093 in
1449 2055 1691 2106 Verye'lianis
1721 2069 1877 2108 poema-

231 2132 285 2168 [ῖς
312 2142 385 2182 pro
414 2128 554 2165 Balaro
577 2125 746 2163 Batulum
768 2132 975 2178 reponant.
1015 2138 1087 2175 esso
1114 2124 1212 2163 nihil
1239 2131 1405 2173 saalum·
1437 2124 1470 2162 id
1500 2136 1575 2172 ego
1599 2136 1719 2176 aeque
1745 2125 1882 2173 ignoro

232 2201 344 2249 atque
377 2195 486 2244 illud,
519 2206 614 2247 quae
646 2195 745 2244 sint,
776 2196 816 2231 ut
847 2193 941 2231 idem
973 2194 1109 2232 scribit
1139 2193 1295 2240 ibidem,
1329 2200 1492 2231 caetera
1524 2206 1629 2247 quae
1653 2194 1701 2231 de
1722 2192 1883 2232 Raram

234 2280 260 2305 (1
292 2264 566 2317 8οΓἰρ1ονἰ1ηι3
608 2264 837 2301 traduntur.
909 2264 969 2300 An
1012 2274 1117 2300 error
1157 2262 1316 2309 subest,
1361 2263 1400 2299 ut
1431 2261 1574 2299 Erasmi
1607 2262 1660 2304 is.
1702 2275 1807 2314 quem
1840 2262 1884 2301 P.

234 2334 455 2384 heopardus
486 2333 680 2371 Emendat.
704 2332 795 2373 XV.
816 2347 900 2369 xx1.
935 2327 1088 2380 tangit?
1145 2329 1354 2369 Ballarnm
1374 2330 1572 2378 Erasmus,
1607 2333 1644 2368 et
1674 2333 1763 2381 post
1786 2331 1885 2369 Era-

236 2417 350 2442 snmm
374 2402 425 2440 A.
447 2401 632 2441 Scliottus
664 2401 708 2439 ad
740 2401 953 2439 Proverbia
988 2399 1217 2448 Diogeniani
1249 2411 1286 2449 p.
1310 2402 1402 2437 204.
1436 2398 1585 2448 dicunt,
1619 2412 1724 2451 quem
1756 2412 1885 2438 omnes

237 2473 298 2511 alii
332 2471 519 2520 Battum,
554 2470 714 2508 nobilem
747 2470 845 2508 illum
878 2469 1006 2506 ducem
1040 2468 1222 2506 coloniae.
1274 2467 1467 2507 Batulum
1499 2468 1596 2520 quod
1628 2470 1780 2513 attinet,
1814 2468 1886 2506 ali-

240 2554 346 2593 quem
379 2543 499 2578 tanuen
532 2540 652 2577 fuisse
679 2539 869 2589 suspicor,
903 2539 963 2590 qui
991 2537 1145 2576 Batale
1168 2549 1236 2588 pro
1268 2536 1441 2576 Barim-e
1464 2542 1527 2575 aut
1553 2537 1712 2576 ediderit
1738 2539 1772 2575 in
1798 2549 1886 2575 car-

240 2612 336 2649 mine
369 2607 553 2657 Catonis,
594 2609 658 2645 ant
697 2607 934 2645 scribendum
976 2618 1065 2644 esse
1104 2605 1259 2643 dixerit.
1319 2605 1404 2644 Non
1436 2609 1527 2656 puto
1568 2607 1663 2645 enim
1700 2606 1782 2643 sine
1813 2605 1888 2644 ulla

244 2680 469 2718 auu-,toritnte
510 2677 727 2726 Seyl'ertum
767 2677 802 2714 in
842 2674 1088 2714 Grammatica
1129 2674 1210 2714 Lat.
1243 2674 1288 2712 P.
1320 2674 1368 2712 ΙΙ.
1407 2688 1444 2725 p.
1479 2678 1573 2714 299.
1616 2675 1672 2712 sic
1709 2675 1888 2725 seriptum

244 2761 397 2786 versum
429 2746 624 2786 laudasse:
658 2744 812 2784 Ratale
842 2757 1019 2797 eyyneas
1052 2750 1275 2795 repetamus
1302 2747 1473 2783 carmine
1497 2757 1631 2783 voces.
1671 2743 1889 2793 Seysertum

248 2816 332 2855 mihi
365 2815 589 2854 monstravit
612 2813 827 2852 Lobeckius
849 2812 874 2851 l.
900 2813 924 2850 l.
953 2813 1159 2851 Praeterea
1182 2812 1396 2851 Lobeckius
1429 2813 1472 2851 ad
1507 2810 1722 2851 casauboni
1756 2811 1889 2863 dispu-

250 2887 423 2923 tationem
456 2883 552 2922 illam
584 2882 687 2921 addit
707 2881 927 2930 Archigalli
951 2893 1104 2926 nomen,
1137 2880 1362 2931 Bactaces,
1388 2884 1426 2920 et
1446 2879 1724 2929 Battabaces,
1750 2879 1795 2918 de
1818 2892 1890 2931 quo

252 2953 423 2992 Wessel.
442 2953 486 2990 ad
514 2952 626 2992 Diod.
651 2951 799 3000 Fragm.
825 2950 866 2988 1..
896 2964 1042 2987 xxxx-1.
1076 2962 1113 3000 p.
1135 2952 1228 2989 360.
1254 2949 1302 2990 Τ.
1322 2949 1371 2990 Χ.
1405 2949 1501 3002 quod
1533 2960 1664 2987 nomen
1696 2960 1766 2986 non
1793 2948 1891 2987 mul-

252 3024 326 3060 tum
358 3022 500 3060 distare
530 3033 552 3059 a
582 3021 729 3059 nomine
762 3018 961 3059 Batcalns
993 3019 1096 3058 dicit.
1157 3018 1207 3057 Et
1237 3017 1310 3057 alio
1342 3016 1598 3068 Aglaophami
1629 3016 1734 3068 loco,
1768 3016 1815 3058 T.
1840 3016 1889 3056 11.
