2006 3365
584 157 653 197 DE
683 157 840 198 POESl
874 156 1077 197 CATONI
1088 158 1116 195 A
1126 156 1213 195 NA.
1624 155 1726 200 289

83 275 213 314 undae
257 271 436 323 epithetis
477 272 715 319 alterutrum,
757 284 880 324 neque
917 272 1124 310 desiderari
1165 270 1358 321 epitheton
1397 269 1547 308 littoris
1595 268 1722 308 credo.

82 342 121 381 In
152 341 226 379 alio
259 344 371 391 poeta
402 342 532 378 saetam
566 341 882 389 emendationem,
908 353 1130 388 resonans,
1165 339 1378 377 laudarem:
1412 338 1446 376 in
1481 335 1629 376 Catullo
1650 349 1723 375 non

80 410 275 457 desidero,
309 413 346 447 et
378 422 485 461 quum
518 412 732 460 repugnent
765 408 871 457 libri,
905 409 1075 458 repudio.
1138 408 1186 445 Et
1218 407 1315 459 quod
1349 408 1384 444 in
1417 405 1549 446 Culice
1581 418 1618 444 v.
1655 409 1721 444 70.

79 477 213 518 dubiis
246 477 441 528 epitheton
474 479 644 526 restitui,
678 490 749 516 non
783 478 956 525 restitui,
999 476 1095 527 quod
1138 475 1338 514 coloribus
1385 487 1458 513 non
1492 486 1606 525 posse
1637 475 1720 512 sine

78 546 247 597 epitheto
278 559 366 584 esse
398 550 586 596 putarem,
618 547 684 584 sed
717 546 813 598 quod
849 545 1018 593 vestigia
1050 543 1160 581 huius
1191 543 1467 592 elegantissimi
1498 542 1658 593 epitheti
1683 543 1722 580 in

79 614 187 653 libris
219 616 383 666 repperi.

164 682 377 721 Monuimus
409 682 670 721 collocationis
700 681 974 720 artificiosioris
1006 680 1076 717 iam
1101 679 1198 729 apud
1225 677 1410 718 Catullum
1443 679 1617 730 exempla
1648 692 1722 719 ex-

78 755 180 790 stare
211 753 306 789 satis
337 751 462 789 multa.
524 751 632 789 Nunc
662 750 769 789 locos
808 748 1006 787 nonnullos
1049 747 1194 787 Culicis
1232 747 1468 796 videbimus,>
1511 761 1583 800 quo
1615 748 1721 787 simul

77 820 295 868 ostendam,
334 832 405 871 qua
449 820 604 857 criticen
635 819 783 857 ratione
815 819 849 855 in
882 817 952 856 hac
983 817 1137 855 iuvenili
1171 818 1280 867 poesi
1312 816 1551 855 factitandam
1583 824 1721 867 putem.

164 887 305 928 Culicis
347 901 483 926 versus
528 890 594 926 34.
643 887 786 935 vulgo,
828 886 862 924 id
903 890 962 926 est
1003 887 1037 924 in
1078 886 1163 924 cod.
1205 884 1440 934 Basilecnsi‚
1486 886 1521 923 in
1560 885 1724 924 Venetis

77 957 217 997 Achat.
250 961 286 995 et
318 957 465 1005 Rubei,
507 956 714 995 Mutinensi
747 968 917 1006 quoque,
960 959 1032 993 tum
1066 955 1100 992 in
1135 953 1337 992 Vicentina
1376 956 1414 992 et
1445 953 1640 992 Vossiano
1673 953 1723 992 II.

77 1027 129 1065 ita
160 1039 202 1064 se
233 1025 377 1064 hahet:
424 1025 578 1065 Mollia
605 1024 679 1063 sed
709 1026 818 1063 tenui
846 1024 950 1076 pede
980 1037 1140 1062 currere
1171 1025 1349 1061 carmina
1374 1036 1511 1062 versa.
1572 1022 1724 1062 Veneta

77 1094 218 1134 Achat.
251 1098 388 1133 tantum
420 1094 664 1142 negligenter
694 1093 830 1131 omittit
861 1107 1044 1141 currere,
1078 1093 1161 1130 sine
1194 1091 1349 1129 lacunae
1375 1091 1525 1130 indicio.
1586 1091 1642 1131 At
1673 1091 1724 1129 li-

77 1164 134 1203 bri
165 1164 305 1215 antiqui
340 1163 554 1201 Vossianus
585 1161 634 1200 N.
668 1164 734 1200 Sl.
768 1161 1044 1210 Augustanus,
1086 1164 1123 1200 et
1154 1173 1247 1212 quae
1279 1172 1359 1198 mea
1391 1161 1608 1199 coniectura
1639 1163 1722 1211 est,

77 1232 311 1272 Petavianus
344 1235 381 1270 et
411 1230 640 1279 Timaneus,
673 1231 746 1268 etsi
777 1229 864 1268 nihil
898 1242 947 1268 ex
980 1229 1039 1268 his
1070 1230 1268 1268 annotavit
1299 1228 1490 1279 Vossius,
1524 1229 1596 1266 nisi
1629 1243 1726 1268 ver-

77 1315 163 1340 sum
194 1314 282 1339 esse
314 1301 350 1338 in
381 1300 568 1338 Thuaneo
601 1311 668 1349 pro
699 1313 836 1347 versu,
873 1298 944 1338 hoc
976 1299 1136 1337 ordine:
1180 1297 1336 1336 Mollia
1368 1311 1403 1336 s.
1435 1304 1464 1336 t.
1494 1298 1599 1350 pede
1629 1311 1726 1336 ear-

77 1373 182 1409 mina
213 1383 373 1408 currere
403 1381 537 1407 versa.
600 1367 705 1421 Quae
736 1367 910 1405 librorum
943 1368 1132 1417 scriptura
1162 1367 1287 1405 statim
1331 1367 1473 1405 evertit
1513 1378 1585 1405 non
1626 1367 1726 1405 infe-

78 1439 184 1477 licem
209 1437 345 1489 alioqui
367 1438 615 1475 coniecturam
636 1436 827 1485 Scaligeri
857 1450 1093 1489 percurrere
1117 1437 1310 1474 earmina.
1371 1434 1476 1473 Nihil
1503 1435 1727 1486 mutandum,

79 1508 186 1546 modo
218 1507 382 1556 recipias
415 1518 573 1545 versum
604 1517 625 1543 e
657 1504 742 1543 cod.
774 1503 986 1543 Thuaneo:

308 1575 462 1613 Mollia
495 1573 569 1612 sed
609 1576 717 1612 tenui
752 1574 856 1624 pede
885 1577 1065 1613 carmina
1097 1587 1256 1613 currere
1285 1586 1468 1621 versum,

336 1644 474 1682 ''iribus
507 1648 607 1694 apta
640 1645 729 1681 suis
763 1642 922 1681 Phoebo
955 1643 1056 1681 duee
1085 1643 1224 1682 ludere
1252 1641 1417 1693 yauclet.

77 1713 229 1766 gaudet
259 1713 401 1763 pagina
431 1725 590 1750 versum
621 1725 783 1750 currere
813 1713 1023 1761 earmina;
1052 1712 1204 1762 {laudet
1230 1710 1381 1750 ludere.
1414 1724 1561 1749 versas
1594 1710 1728 1749 dicitur

79 1785 258 1822 carmina
289 1795 471 1830 currere,
506 1784 545 1818 ut
576 1782 770 1819 eat-rimus
803 1793 978 1834 aequor,
1013 1779 1100 1828 vel,
1135 1780 1231 1832 quod
1264 1780 1391 1830 aptius
1423 1779 1657 1830 exemplum,
1691 1782 1730 1818 ut

79 1852 113 1888 in
133 1850 277 1899 Ecloga
296 1849 364 1889 lv.
392 1852 456 1887 46.
484 1849 605 1888 Talia
624 1850 830 1888 saecla—
851 1851 1010 1888 currite.
1046 1849 1124 1887 Sed
1157 1849 1425 1887 recordandum
1454 1849 1488 1887 in
1526 1851 1639 1899 poeta
1658 1860 1728 1886 nos

79 1919 226 1957 versari
259 1918 384 1969 paullo
416 1917 568 1956 duriori.
629 1918 715 1956 Non
748 1917 895 1957 multum
929 1917 1055 1968 placet
1086 1917 1200 1956 semel
1235 1929 1313 1955 cum
1341 1918 1564 1955 accusativo
1596 1920 1634 1955 et
1665 1917 1726 1954 in·-

79 1988 244 2033 finitivo,
277 1986 431 2025 alterum
464 1998 542 2023 cum
574 1987 759 2024 infinitivo
782 1986 1004 2036 simpliciter
1036 1988 1198 2025 iunctum
1230 1985 1384 2023 verbum
1416 1986 1580 2035 yaadet.
1642 1984 1725 2023 De-

79 2055 165 2093 inde
199 2055 325 2093 (lurum
357 2057 438 2102 est,
471 2054 517 2092 ad
550 2066 680 2093 vocem
710 2057 870 2107 payz'na
901 2058 1096 2093 revertere
1120 2055 1346 2101 orationem,
1383 2067 1489 2105 quum
1516 2066 1630 2092 versu
1656 2056 1723 2092 30.

78 2124 150 2162 alio
184 2135 394 2162 conversus
425 2135 547 2161 sermo
575 2124 701 2161 fuerit.
763 2122 879 2176 Quem
910 2122 972 2161 hic
996 2123 1284 2161 Friesemannus
1316 2127 1353 2161 et
1376 2122 1552 2172 lleynius
1577 2122 1723 2162 Vossi-

76 2207 194 2232 anum
225 2194 534 2239 connnemorant,
577 2191 610 2228 is
650 2190 714 2229 ille
746 2191 830 2242 ipse
863 2204 884 2230 a
914 2204 971 2230 me
1002 2191 1174 2230 laudatus
1206 2190 1413 2229 Thuaneus
1443 2193 1524 2240 est,
1557 2194 1595 2230 ut
1626 2193 1722 2231 infra

76 2262 273 2301 docebitur
303 2261 410 2300 Diss.
446 2260 514 2300 IV.
577 2259 661 2300 Cul.
700 2263 790 2299 125.

331 2330 512 2382 Hospita
543 2330 633 2369 dum
663 2332 785 2368 nimia
816 2333 941 2369 tenuit
972 2329 1183 2369 dulcedine
1218 2336 1376 2381 captos.

75 2403 203 2438 recte:
246 2411 326 2437 nam
367 2400 421 2437 sic
453 2398 561 2447 libri,
608 2410 678 2436 una
709 2399 860 2438 Veneta
893 2398 1034 2438 Aehat.
1068 2398 1265 2451 Hospitia
1309 2398 1397 2436 dam
1433 2400 1559 2437 tenuit
1597 2401 1719 2438 nimia

74 2469 114 2508 d.
147 2482 181 2507 c.
271 2480 310 2505 v.
350 2469 437 2505 146.
472 2471 508 2506 7.
548 2467 606 2505 ed.
652 2467 781 2517 Hcyn.
814 2480 885 2519 qua
916 2468 1023 2506 soleo
1056 2468 1107 2506 uti
1141 2469 1175 2504 in
1211 2467 1388 2505 versibus
1421 2468 1685 2505 numerandis:

333 2537 410 2575 His
443 2536 607 2575 suberat
645 2537 794 2587 yelidis
825 2551 995 2576 manans
1026 2551 1048 2576 e
1076 2536 1260 2589 fontibus
1296 2535 1428 2584 unda,

331 2606 446 2663 Quae
475 2606 629 2645 levibus
659 2607 864 2658 placidum
896 2608 1001 2645 rit-is
1035 2611 1156 2645 sonat
1187 2611 1277 2643 orta
1309 2605 1513 2658 liquorem.

73 2676 250 2716 Observa
292 2675 597 2713 collocationem:
636 2675 792 2714 levibus
833 2675 1039 2729 placidum
1069 2689 1102 2713 r.
1192 2679 1361 2727 superat
1392 2673 1527 2711 Petav.
1560 2672 1710 2712 Thuan.

71 2746 243 2794 August.
276 2748 315 2783 et
345 2744 465 2783 voss.
498 2746 564 2782 81.
627 2743 771 2783 Deinde
802 2751 899 2784 acta
929 2757 997 2796 pro
1029 2750 1119 2783 orta
1150 2756 1242 2782 nnus
1268 2742 1387 2780 Voss.
1407 2745 1475 2782 81.
1533 2742 1581 2781 Et
1608 2743 1709 2795 pla-

71 2815 203 2853 cidam
243 2813 499 2853 Mutinensis:
545 2811 610 2850 sed
658 2825 751 2864 quae
794 2814 991 2852 manifesta
1030 2814 1147 2862 vitia,
1192 2825 1237 2851 ea
1283 2824 1353 2850 non
1394 2814 1532 2850 ariiioto
1571 2812 1705 2850 onmia.

70 2881 165 2921 Turn
195 2884 324 2934 pergit
352 2884 466 2933 poeta
497 2894 535 2919 v.
558 2883 651 2921 148.
679 2893 785 2933 quem
815 2881 934 2921 locum
966 2893 1017 2921 ex
1048 2894 1128 2920 mea
1159 2884 1379 2932 conceptum
1412 2881 1600 2919 sententia
1633 2893 1706 2920 ex-

71 2949 182 2989 hibeo
201 2964 211 2989 :

327 3021 382 3059 Et
415 3032 578 3073 quaqua
606 3020 784 3071 yos-minas
814 3022 946 3057 (evium
979 3031 1057 3057 vox
1087 3019 1282 3068 obstrepit
1313 3030 1459 3061 aures,

174 3098 327 3130 Valerius
353 3098 445 3130 Cato.
1371 3075 1431 3120 19
