2006 3365
625 194 891 235 RECENSIO
923 195 1213 235 LIBRORUM.
1635 199 1734 242 331

98 320 136 358 p.
169 310 265 347 293.
307 307 398 346 Alia
438 308 473 346 in
512 308 617 347 Diris
660 322 697 347 v,
732 313 796 348 41.
836 310 997 349 Parisini
1028 310 1098 350 lV.
1142 311 1311 350 confusio
1343 313 1423 357 est,
1469 311 1529 350 bis
1560 310 1736 361 ponentis

98 376 262 414 eumdem
295 388 467 426 versum,
500 376 666 415 diversis
697 377 814 428 locis,
847 390 891 417 ac
923 379 1076 417 diverso
1108 380 1214 418 modo
1247 384 1492 431 conceptum:
1524 379 1621 417 unde
1651 377 1734 417 col-

96 442 197 493 ligas
229 447 292 483 aut
323 444 394 483 dno
427 446 524 484 inter
554 459 596 483 se
627 446 783 485 diversa
813 446 1040 497 exemplaria
1071 452 1157 485 ante
1183 447 1314 486 oculos
1340 449 1456 487 fuisse
1478 447 1630 486 librario
1656 448 1732 492 isti,

94 516 156 551 aut
189 525 294 551 unum
327 513 543 564 exemplar,
587 515 621 552 in
663 527 733 566 quo
776 514 949 553 librarius
989 515 1152 553 eumdem
1184 528 1332 553 versum
1365 516 1538 555 consulto
1569 516 1628 555 his
1660 528 1732 566 po-

92 582 233 619 suisset
265 583 466 630 continuO,
514 584 629 633 primo
669 587 901 633 corruptum,
943 582 1076 620 deinde
1115 583 1341 622 emendatum
1372 587 1483 636 atque
1514 585 1730 633 genuinum.

90 647 400 699 Interpolationis
433 663 527 702 quae
558 652 713 701 proprie
745 652 900 699 dicitur,
932 650 970 688 h.
1000 663 1034 689 e.
1068 651 1314 689 correctionis
1347 664 1395 690 ex
1428 653 1581 700 ingenio
1614 656 1652 691 et
1682 653 1731 692 de

88 716 273 755 industria
305 720 447 763 sactae,
480 719 575 768 apud
610 718 788 758 Catonem
821 718 919 757 nulla
953 725 1055 758 certa
1086 719 1255 767 vestigia
1287 720 1469 770 repperi,
1493 724 1556 759 aut
1587 733 1728 772 pauca,

88 784 124 822 in
156 784 263 823 libris
294 787 594 838 antiquioribus,
628 791 885 838 praeterquam
916 788 950 825 in
984 787 1179 826 codicibus
1211 787 1363 826 Monac.
1384 787 1411 826 l.
1445 792 1482 827 et
1514 789 1673 828 Vratisl.
1696 789 1727 828 1.

89 851 233 892 Culicis
265 856 544 893 emendationes
576 855 773 893 nonnullas
805 855 890 894 olim
923 858 1043 894 factas
1072 856 1358 907 deprehendere
1376 856 1461 894 milii
1484 858 1517 894 in
1535 857 1728 896 Vossiauo

88 926 154 960 81.
187 923 296 961 visus
328 936 430 967 sum,
464 923 568 962 Diss.
597 923 664 961 111.
706 936 744 974 p.
780 928 873 963 291.
906 937 944 975 p.
972 927 1067 963 297.
1129 923 1189 964 Cf.
1223 936 1318 976 quae
1350 924 1395 963 de
1434 924 1563 963 codice
1594 924 1726 963 Helm-

85 991 268 1029 stadiensi
299 992 466 1030 dicturus
498 1005 588 1030 sum.
662 992 796 1044 Neque
835 992 898 1031 ille
936 993 1081 1037 codex,
1125 1005 1175 1031 ex
1213 1006 1284 1045 quo
1324 994 1478 1043 primum
1509 993 1607 1032 edita
1639 995 1726 1032 sunt

84 1057 228 1098 Romae
259 1059 473 1110 Opuscula,
506 1059 651 1109 Culex,
673 1061 810 1110 Dirae,
842 1073 1000 1111 prorsus
1032 1074 1172 1112 expers
1204 1061 1314 1100 huius
1347 1061 1444 1100 labis
1476 1062 1558 1101 fuit.
1607 1060 1725 1101 Certe

83 1129 345 1167 remeantibus
377 1128 458 1166 Dir.
489 1131 554 1167 69.
587 1127 683 1167 hanc
714 1130 879 1179 speciem
913 1128 1047 1180 habet,
1080 1133 1119 1168 ut
1149 1129 1411 1180 interpolatum
1435 1142 1522 1168 esse
1548 1130 1651 1169 dicas
1673 1142 1723 1169 ex

83 1208 155 1245 eo,
189 1196 284 1248 quod
318 1197 352 1234 in
384 1197 541 1248 scriptis
574 1198 716 1235 nostris
749 1200 808 1235 est
839 1198 1031 1247 omnihus,
1064 1199 1314 1238 rimantibus.
1347 1198 1432 1238 add.
1460 1211 1556 1251 quae
1588 1200 1622 1237 in
1640 1197 1722 1238 Cu-

80 1264 163 1303 licis
195 1278 232 1302 v.
267 1268 360 1304 385.
395 1268 432 1304 et
465 1279 501 1304 v.
531 1269 619 1305 118.
652 1267 770 1304 monui
802 1265 908 1304 Diss.
934 1267 1002 1306 Ill.
1037 1281 1073 1318 p.
1099 1270 1195 1306 299.
1228 1270 1265 1306 et
1297 1281 1334 1318 p.
1368 1271 1463 1306 303.
1496 1271 1534 1306 et
1564 1268 1611 1306 de
1635 1266 1719 1306 Cui.

80 1336 174 1373 369.
199 1337 261 1372 70.
284 1333 373 1371 ibid.
402 1346 439 1384 p.
470 1338 563 1373 293.
625 1335 708 1372 Nisi
743 1336 826 1386 quis
858 1347 952 1386 quae
985 1334 1044 1373 bis
1076 1335 1170 1374 locis
1203 1337 1420 1384 Romanae,
1453 1338 1491 1374 et
1522 1336 1720 1374 derivatae

79 1415 100 1441 e
119 1402 300 1441 Romanis
331 1402 448 1447 aliae,
481 1404 527 1441 ah
561 1405 779 1453 optimorum
813 1403 989 1442 librorum
1010 1406 1232 1455 scriptorum
1259 1406 1481 1444 auctoritate
1510 1404 1718 1444 deflecten-

78 1473 129 1511 tia
162 1471 330 1519 babent,
371 1472 491 1509 omnia
529 1473 750 1521 excogitata
788 1473 834 1510 ab
875 1472 1067 1523 Episcopo
1108 1473 1301 1512 Aleriensi
1345 1487 1432 1512 esse
1465 1473 1717 1512 contenderit.

80 1541 176 1579 Post
217 1539 310 1578 baec
350 1552 456 1578 nemo
504 1543 687 1592 quaeret,
732 1541 816 1592 quid
855 1541 901 1579 de
943 1542 1233 1592 interpolatione
1272 1542 1447 1581 insolenti
1488 1542 1570 1593 illa,
1614 1555 1720 1594 qnam

79 1609 254 1659 Ileynius
301 1609 372 1647 sibi
425 1610 459 1646 in
520 1607 651 1648 Culice
697 1609 1010 1648 animadvertisse
1059 1610 1169 1649 visus
1209 1614 1288 1655 est,
1338 1612 1511 1649 sentiam.
1594 1611 1720 1649 Aliam

79 1690 154 1715 rem
187 1689 275 1715 esse
307 1678 340 1715 in
373 1675 474 1725 Ciri,
509 1676 739 1724 Catalectis,
772 1678 921 1723 Aetna,
956 1678 1083 1728 dicas,
1116 1691 1210 1731 quae
1241 1692 1312 1718 non
1345 1681 1493 1719 suerunt
1526 1679 1721 1718 luvenalis

79 1744 172 1784 Ludi
205 1745 375 1794 Libello,
407 1745 549 1797 qualem
582 1759 602 1784 e
635 1746 828 1785 codicibus
862 1747 1051 1792 novimus,
1086 1748 1369 1799 comprehensa.
1430 1748 1471 1787 In
1505 1747 1583 1788 Ciri
1614 1760 1721 1797 sane,

81 1817 119 1853 ut
150 1816 269 1853 fatear
300 1815 395 1866 quod
431 1827 557 1853 verum
591 1820 671 1862 est,
705 1816 875 1854 eae-cutio
907 1814 1031 1854 multis
1064 1815 1172 1854 locis.
1234 1817 1312 1857 Sed
1345 1819 1510 1856 fortasse
1543 1818 1651 1856 etiam
1684 1818 1722 1856 in

82 1883 180 1930 ciri,
214 1885 246 1921 si
279 1884 398 1921 codex
432 1883 494 1922 ille
528 1883 845 1923 Vratislaviensis
877 1887 948 1923 tam
992 1884 1114 1923 bonus
1154 1886 1225 1934 sit,
1266 1899 1371 1937 quam
1418 1887 1567 1925 videtur
1606 1899 1720 1935 esse,

81 1951 142 1989 vel
176 1952 207 1989 si
240 1952 368 1990 melior
408 1965 452 1989 eo
493 1952 589 1990 alius
631 1953 807 1991 inventus
847 1953 982 2001 suerit,
1024 1952 1167 2005 reliqua
1211 1953 1441 2005 lenioribus,
1483 1967 1589 2006 quam
1625 1966 1723 1993 nunc

40 2015 43 2022 ²
81 2023 188 2071 putet
217 2019 371 2072 aliqniS,
407 2021 728 2059 emendationibus
761 2024 1007 2071 peragentur.

168 2089 226 2127 De
257 2089 546 2137 mutationibus,
588 2102 681 2140 quae
714 2091 836 2127 sactae
868 2093 955 2128 sunt
986 2090 1020 2126 in
1053 2089 1278 2128 carminibus
1311 2089 1493 2140 Catonis,
1524 2095 1721 2144 postquam

82 2169 126 2195 ea
159 2157 359 2205 divulgare
390 2170 524 2196 recens
570 2158 723 2197 inventa
763 2171 824 2196 ars
871 2157 1154 2209 typographica
1193 2160 1341 2210 coepit,
1380 2160 1514 2199 brevis
1556 2162 1721 2200 narratio

82 2226 178 2264 haec
211 2230 309 2264 esto.

168 2295 249 2346 Qua
281 2296 430 2344 primum
479 2296 593 2333 forma
634 2295 774 2345 Dirae,
814 2308 892 2334 nam
933 2299 1015 2335 utar
1044 2296 1245 2334 brevitatis
1278 2308 1414 2335 caussa
1443 2296 1515 2336 hac
1545 2297 1720 2349 appella-

82 2365 205 2412 tione,
239 2376 310 2414 qua
342 2364 450 2402 etiam
483 2364 662 2413 Eelogam
695 2364 942 2414 complector,
981 2366 1016 2403 in
1057 2365 1225 2404 Romana
1255 2365 1285 2404 l.
1326 2370 1439 2417 atque
1479 2366 1583 2416 hinc,
1628 2380 1722 2417 pau-

82 2432 139 2471 cis
179 2432 350 2480 mutatis,
391 2434 426 2470 in
465 2433 632 2471 Romana
662 2432 711 2472 11.
744 2434 984 2483 prodierunt,
1028 2447 1049 2473 e
1094 2435 1225 2473 codice
1266 2447 1338 2473 non
1378 2435 1569 2474 admodum
1600 2436 1721 2486 hono,

81 2514 154 2550 ea,
208 2501 240 2538 si
282 2513 385 2538 unam
436 2502 659 2551 editionem,
698 2501 759 2540 vel
806 2514 910 2540 unam
956 2502 1133 2541 librorum
1176 2503 1357 2541 editorum
1400 2503 1560 2542 classem
1600 2516 1721 2543 exce-

80 2571 207 2621 peris,
254 2569 313 2607 diu
355 2571 491 2608 intacta
531 2572 686 2620 mansit,
728 2570 789 2609 vel
830 2572 862 2610 si
899 2583 972 2609 non
1019 2572 1177 2619 intacta,
1219 2574 1338 2610 tamen
1377 2573 1428 2611 ita
1470 2573 1543 2611 sibi
1590 2572 1719 2611 similis

82 2639 239 2686 mansit,
281 2640 319 2676 ut
356 2638 482 2675 eadem
529 2639 601 2676 dici
644 2639 794 2678 debeat.
866 2640 1057 2679 Romanae
1094 2639 1179 2678 illae
1216 2641 1302 2678 l'ons
1340 2644 1452 2693 atque
1501 2642 1721 2679 sumlamen-

82 2710 155 2746 tum
194 2709 297 2745 fuere
341 2706 539 2755 editionis,
581 2720 674 2759 quae
725 2708 924 2760 insequuta
969 2711 1051 2758 est,
1099 2708 1304 2747 Mutinensi
1349 2722 1495 2759 genere
1533 2712 1720 2759 excepto,

82 2777 200 2815 omnis
247 2779 334 2813 ante
391 2774 564 2813 Aldinam
619 2780 736 2815 1517.
827 2777 1046 2816 Mutinense
1100 2790 1225 2827 genus
1274 2791 1379 2829 quum
1436 2779 1540 2827 dico,
1597 2778 1720 2817 Muti-

82 2857 232 2883 nensem
268 2847 387 2881 1475.
423 2856 502 2881 eum
553 2856 617 2893 ea,
665 2857 714 2883 ex
769 2859 840 2898 qua
889 2859 1075 2898 expressa
1121 2851 1179 2886 est
1216 2847 1472 2892 Mutinensis,
1513 2847 1717 2897 intelligo:

83 2926 177 2965 quae
209 2914 243 2951 in
277 2926 347 2951 uno
380 2916 504 2952 certe.
548 2926 666 2964 eoque
699 2915 795 2952 bono
836 2915 932 2954 libro
965 2917 1127 2967 scripto,
1168 2917 1199 2954 si
1240 2927 1313 2953 non
1356 2917 1388 2953 in
1428 2916 1618 2965 pluribus,
1660 2916 1718 2954 in-

84 2982 232 3031 nititur,
284 2982 356 3020 etsi
396 2982 455 3033 qui
496 2980 556 3019 ille
599 2983 734 3031 suerit,
779 2984 988 3032 ignoratur.
1062 2985 1147 3023 Hoc
1186 2985 1305 3033 igitur
1343 2997 1487 3033 genere
1527 2989 1718 3035 excepto,

85 3052 121 3089 in
169 3054 272 3091 tanto
326 3051 505 3102 temporis
556 3051 711 3101 spatio,
771 3052 867 3104 quod
919 3053 1015 3092 inter
1065 3051 1254 3091 Romanas
1308 3054 1501 3104 principes
1551 3056 1589 3093 et
1642 3053 1717 3092 Al-
