2006 3365
294 141 397 188 374
878 136 1246 178 DISSERTATIO
1282 138 1352 178 IV.

295 257 422 306 putet,
456 252 592 299 facile,
637 254 676 292 ut
705 251 822 301 alios,
866 264 916 291 ex
947 252 1112 290 editione
1142 252 1371 303 descriptum
1412 266 1500 293 esse
1541 257 1693 294 vetusta
1737 255 1935 305 coniiciat3

296 325 354 362 sin
388 335 452 370 ea,
486 332 579 373 qnae
611 333 660 359 ex
692 320 755 359 illo
783 320 988 358 afferuntur
1016 320 1168 369 singula
1199 321 1434 372 perpendas,
1460 321 1567 362 aliter
1587 324 1821 362 statuendum
1853 324 1936 361 erit.

294 392 380 431 Non
412 388 593 428 credibile
626 391 708 438 est,
740 400 836 440 quae
869 401 918 427 ex
952 388 1244 427 Ilelmstadiensi
1277 390 1321 427 ad
1349 388 1528 429 Catonem
1554 393 1858 437 u'ernsdorlius.
1892 391 1935 429 ad

296 458 460 498 Culicem
493 461 531 495 et
563 455 666 496 Cirin
709 456 910 506 Heynius,
951 458 995 495 ad
1029 458 1188 495 Aetnam
1221 458 1279 496 Fr.
1312 457 1473 496 Iacobus
1504 460 1764 509 protulerunt,
1798 461 1936 508 singu-

294 528 385 566 laria
418 539 467 565 ex
499 530 627 577 parte,
661 530 699 565 et
729 539 751 565 a
781 527 971 577 scriptura
1003 526 1161 575 vulgata
1202 527 1297 565 satis
1344 526 1461 575 longe
1503 529 1746 576 recedentia,
1787 529 1821 566 in
1864 527 1937 566 ulla

293 597 460 635 editione
490 597 642 648 antiqua
675 597 794 634 fuisse
827 597 960 634 onmia.
1023 595 1084 634 Ad
1119 595 1298 634 Catonem
1331 608 1426 646 quae
1457 596 1610 646 protulit
1628 597 1935 641 Werusdorlius,

294 677 387 717 quae
419 677 494 714 ego
526 667 702 715 repetere
742 666 837 703 satis
882 664 1018 708 habui,
1058 677 1164 715 quum
1206 662 1290 701 milii
1332 664 1375 701 ad
1431 664 1699 703 Bibliotliecam
1737 665 1833 703 illam
1867 678 1936 703 non

293 733 450 785 amplius
482 734 607 772 aditus
641 737 768 784 pateat
801 737 871 772 tam
904 732 1050 781 facilis,
1096 746 1202 783 quam
1242 732 1394 782 patebat
1431 733 1607 781 Langero
1641 735 1819 783 vivente,
1853 735 1936 772 viro

293 803 431 853 optimo
465 805 504 841 et
534 804 640 854 quasi
679 807 835 853 paterna
877 814 971 850 erga
1009 815 1065 839 me
1107 800 1401 839 benevolentia:
1448 802 1492 839 ad
1527 800 1732 849 Catonem,
1767 803 1935 855 inquam,

293 882 389 923 quae
420 871 576 922 protulit
607 884 657 909 ex
702 870 1000 909 llelmstadiensi
1044 870 1355 918 Wernsdorfius,
1397 882 1441 908 eo
1488 871 1643 907 maxime
1684 871 1938 909 uiemorabilia

295 941 403 989 suut,
436 940 532 992 quod
567 939 784 978 confirmare
816 941 928 990 atque
970 938 1217 977 corroborare
1257 940 1514 977 auctoritatem
1548 939 1767 977 Aldinarum
1801 940 1936 978 viden-

294 1010 374 1056 tur,
409 1012 446 1046 ut
480 1007 562 1046 Dir.
597 1010 663 1047 ἴδ’.
705 1008 847 1046 Tamen
888 1019 959 1044 non
1000 1007 1147 1045 multum
1186 1008 1479 1045 Ilelmstadiensi
1523 1008 1783 1057 tribuendum,
1830 1009 1938 1046 etiam

295 1076 548 1115 consentienti
581 1088 659 1115 cum
690 1075 863 1126 Aldinis,
897 1075 1050 1123 censui,
1085 1077 1155 1113 nisi
1188 1075 1248 1114 alii
1281 1075 1364 1114 libri
1384 1077 1622 1114 accederent.
1684 1076 1777 1115 Illud
1810 1077 1938 1115 doceri

294 1144 429 1193 velim,
463 1157 509 1183 an
540 1145 587 1183 ab
619 1145 747 1183 eadem
778 1157 884 1182 manu
917 1145 992 1182 sint
1023 1145 1155 1183 omnia.
1217 1145 1321 1182 Duas
1355 1146 1455 1183 cerni
1488 1146 1522 1183 in
1556 1145 1640 1183 cod.
1667 1145 1825 1184 Helmst.
1858 1158 1937 1183 ma-

293 1225 364 1252 nus
397 1213 680 1252 Wernsdorfius
713 1213 884 1252 Prooem.
919 1214 952 1251 in
988 1212 1150 1251 Aetnam
1181 1213 1230 1252 T.
1254 1213 1321 1252 lv.
1347 1226 1383 1264 p.
1409 1217 1476 1252 31.
1509 1214 1746 1263 observavit,
1779 1218 1817 1254 et
1847 1226 1936 1252 sae-

293 1284 378 1334 pius
409 1286 536 1322 monet
566 1283 611 1321 ad
645 1283 804 1323 Aetnam
836 1283 1012 1322 lacobus.

381 1419 495 1460 Alios
533 1421 686 1460 codices
729 1419 909 1470 Catalogi
950 1419 1272 1459 Bibliothecarum
1317 1418 1589 1458 monstrabunt.
1649 1419 1849 1458 Mediceos
1880 1421 1937 1459 in-

296 1490 421 1529 dicavi
452 1503 579 1541 supra.
641 1490 676 1529 A
711 1490 882 1528 Bottario
915 1490 1009 1537 duo,
1053 1489 1086 1526 in
1119 1489 1255 1540 quibus
1288 1488 1426 1537 Dirae,
1458 1491 1704 1527 recensentur
1734 1490 1859 1528 Praet'.
1892 1490 1937 1528 ad

297 1558 525 1608 Fragmenta
567 1557 663 1598 Cod.
697 1557 811 1607 Virg.
846 1558 970 1597 Vatic.
1016 1572 1053 1609 p.
1086 1558 1195 1597 Xlll.
1236 1560 1274 1596 et
1305 1571 1342 1608 p.
1374 1557 1463 1596 XX.
1496 1556 1592 1596 Cod.
1625 1559 1714 1598 Vat.
1752 1562 1870 1598 1586.
1904 1563 1942 1598 et

299 1625 394 1667 Cod.
421 1626 582 1665 Urbinas
602 1630 696 1665 350.
759 1625 917 1665 Omnino
950 1626 1040 1665 utile
1072 1628 1163 1675 erit,
1196 1627 1228 1664 si
1261 1628 1344 1678 quis
1375 1627 1571 1675 imaginem
1605 1627 1770 1665 codicum
1802 1640 1941 1677 eornm,

298 1696 334 1734 in
367 1696 503 1748 quibus
535 1695 650 1733 Dirae
683 1697 720 1733 et
751 1694 944 1745 Opuscula
976 1694 1155 1743 Virgilii,
1201 1708 1296 1747 quae
1328 1696 1523 1743 dicuntur,
1568 1695 1639 1733 alia
1670 1697 1937 1745 inveniuntur,

298 1767 509 1803 accuratam
541 1765 738 1802 informare
769 1776 837 1802 suo
877 1764 997 1801 animo
1030 1762 1145 1811 velit,
1180 1764 1409 1814 perlustrare
1450 1764 1723 1802 Praelationem
1754 1765 1943 1815 Bottarii‚

300 1833 474 1872 Bandinii
517 1831 774 1881 Catalognm,
817 1837 854 1871 et
894 1834 955 1884 qui
994 1832 1056 1870 alii
1104 1831 1282 1881 Catalogi
1328 1845 1408 1870 cum
1450 1831 1573 1884 aliqua
1605 1845 1691 1870 cura
1724 1834 1810 1871 sacti
1844 1837 1944 1872 sunt.

298 1902 592 1940 Animadvertet
633 1904 756 1940 autem
796 1902 948 1940 c0111ces
991 1904 1070 1939 t'erc
1112 1914 1241 1939 omnes
1282 1903 1479 1938 carminum
1511 1912 1606 1952 quae
1637 1902 1763 1940 insunt
1794 1914 1944 1940 numero

298 1970 441 2009 similes
473 1982 562 2008 esse
601 1969 681 2019 his,
722 1983 815 2022 quos
856 1983 931 2019 ego
976 1969 1183 2019 descripsi.
1255 1969 1344 2016 Sic,
1389 1970 1460 2008 etsi
1498 1969 1570 2007 hoe
1603 1982 1673 2007 uon
1706 1971 1868 2020 pertinet
1898 1970 1944 2008 ad

299 2040 480 2089 carmina,
520 2042 661 2077 mature
705 2043 911 2089 coeperunt
957 2039 1003 2077 de
1042 2039 1190 2087 origine
1236 2038 1486 2076 Troianorum
1528 2039 1692 2076 notitiam
1732 2039 1945 2089 praefigere

299 2108 466 2146 Aeneidi
489 2121 498 2145 ι
532 2108 691 2145 vidimus
724 2108 761 2146 in
789 2107 1011 2146 Monacensi
1032 2107 1060 2145 l.
1094 2110 1131 2145 et
1156 2106 1313 2146 Vratisl.
1336 2106 1364 2144 Ι.
1399 2105 1458 2146 Ct'.
1478 2105 1573 2146 Cod.
1592 2106 1802 2145 Alexandr.
1825 2110 1943 2146 1670.

299 2188 361 2227 ap.
393 2177 599 2215 Bottarium
631 2189 667 2227 p.
699 2176 809 2215 XlX.
871 2179 908 2215 et
952 2189 1001 2214 ex
1041 2176 1103 2214 tali
1136 2176 1292 2227 quodam
1326 2176 1456 2215 codice
1488 2176 1649 2226 profecit
1680 2176 1712 2214 is
1744 2177 1804 2228 qui
1837 2175 1944 2214 Vos-

299 2246 442 2283 sianum
472 2244 522 2283 ΙΙ.
556 2246 723 2296 scripsit.
785 2245 837 2283 Iis
870 2245 998 2293 libris,
1032 2245 1077 2283 de.
1110 2245 1245 2296 quibus
1278 2256 1421 2282 rumore
1442 2247 1601 2292 tantum,
1625 2256 1746 2296 eoque
1766 2245 1943 2295 obscuro,

301 2316 479 2362 constat,
513 2313 811 2351 annumerandus
845 2313 1255 2362 Caesaraugustanus:
1288 2312 1365 2350 Iac.
1391 2310 1562 2350 Gronov.
1593 2312 1638 2350 ad
1670 2312 1719 2352 N.
1750 2313 1944 2352 Heinsium

298 2382 425 2434 Epist.
459 2381 560 2432 Syll.
594 2381 717 2420 Burm.
765 2381 813 2420 T.
845 2381 916 2420 Ill.
949 2395 986 2432 p.
1021 2387 1116 2420 555.

387 2517 574 2570 Superest
606 2520 644 2557 ut
676 2518 905 2568 exemplaria
936 2517 1112 2556 librorum
1145 2519 1325 2557 editorum
1350 2518 1546 2565 nonnulla,
1579 2519 1614 2557 in
1647 2519 1783 2572 quibus
1806 2518 1944 2571 aliquid

299 2588 479 2639 scriptum
510 2600 531 2626 a
563 2588 657 2626 viris
689 2587 812 2625 doctis
843 2588 1096 2625 annotationis
1128 2589 1303 2638 repperi,
1335 2599 1565 2626 recenseam.
1628 2588 1757 2640 Atque
1790 2589 1825 2627 in
1858 2589 1943 2627 Lei-

300 2657 409 2696 densi
443 2657 588 2709 quidem
620 2656 858 2695 Bibliotheca
899 2659 1047 2706 praeter
1086 2656 1149 2694 illa
1189 2656 1285 2703 duo,
1331 2656 1376 2693 de
1407 2657 1544 2708 quibus
1575 2657 1611 2695 in
1643 2658 1835 2696 codicibus
1866 2657 1943 2695 Pe-

299 2726 453 2765 taviano
492 2724 777 2775 Tlmaneoque‚
819 2728 857 2763 et
897 2726 931 2762 in
964 2725 1157 2764 Vossiano
1191 2724 1219 2762 l.
1261 2725 1398 2763 dictum
1438 2727 1519 2774 est,
1561 2725 1633 2763 alia
1670 2725 1741 2764 duo
1773 2727 1943 2765 versavi.

298 2794 416 2833 Unum
451 2793 685 2844 Appendic-is
719 2792 859 2841 Vir-gii.
893 2794 953 2832 ed.
989 2793 1137 2843 Scalig.
1175 2797 1293 2832 1595.
1327 2794 1545 2844 exemplar,
1592 2806 1641 2831 ex
1673 2792 1856 2832 Biblioth.
1889 2793 1941 2832 Is.

301 2863 457 2912 Vossii,
491 2861 613 2902 Catal.
647 2861 745 2900 ssibl.
782 2861 893 2900 Univ.
936 2862 978 2901 L.
1011 2862 1055 2900 P.
1099 2876 1134 2913 p.
1171 2866 1263 2901 215.
1305 2863 1407 2901 llist.
1448 2866 1543 2902 507.
1584 2863 1643 2901 cui
1680 2861 1731 2900 Is.
1776 2862 1942 2901 Vossius

300 2934 371 2970 tam
403 2933 438 2970 in
469 2932 575 2970 Diris
605 2943 710 2984 quam
742 2931 777 2969 in
809 2930 893 2969 aliis
925 2931 1121 2982 opusculis
1154 2931 1460 2983 carmiiiibusque
1492 2932 1619 2969 varias
1652 2929 1839 2968 lectiones
1872 2930 1943 2969 ad-

302 3001 468 3051 scripsit.
543 3001 684 3041 Verum
715 3002 802 3040 sunt
832 2999 918 3039 illae
949 3002 1030 3040 sere
1075 3012 1227 3051 omnes,
1271 2999 1369 3052 quod
1408 2999 1549 3039 diserte
1589 3001 1711 3038 monet
1752 2998 1942 3049 Vossius,
