2006 3365
491 168 546 211 IN
577 167 797 211 VALERII
830 166 1068 212 CATONIS
1099 168 1279 212 DIRAS.
1642 171 1707 219 19

68 297 105 338 p.
138 284 232 325 904.
265 297 286 324 e
317 284 487 324 doctrina
518 286 762 335 recentioris,
805 288 843 325 ut
874 287 1041 335 videtur,
1081 287 1364 338 superstitionis
1400 283 1572 336 magicae
1604 297 1706 325 eom·

67 356 264 402 memorat,
296 353 440 405 plenam
472 355 636 404 portenti
667 352 854 404 radicem,
886 354 1171 403 Butram-m,
1208 357 1312 395 cuius
1343 368 1399 394 me
1430 367 1526 394 nunc
1558 355 1707 406 primum

68 423 196 461 audire
228 434 356 460 nomen
386 424 518 460 fateor.
567 423 606 461 Id
635 433 710 471 ego
735 424 944 473 putaverim
969 423 1153 461 detortum
1176 436 1224 462 cx
1250 424 1442 473 baccare,
1475 436 1568 476 quae
1592 423 1709 461 berba

68 490 286 542 depellebat
316 491 508 539 fascinum,
541 491 709 541 Virgilio
742 495 862 537 teste,
896 491 976 530 Ecl.
1011 491 1098 529 vll.
1132 493 1198 530 27.
1231 494 1278 530 ct'.
1312 493 1427 532 Serv.
1460 493 1495 531 in
1527 492 1607 533 Ecl.
1640 492 1709 531 lv.

71 562 133 599 19.
178 559 335 598 Graecis
360 557 592 606 βάκκαρις,
620 557 851 607 βάκχαρις,
885 560 1031 598 dicitur.
1062 563 1099 598 et
1125 559 1341 599 baccharis
1368 562 1491 600 radis
1513 562 1608 600 inter
1631 573 1710 599 me-

68 627 273 666 dicamenta
302 640 363 679 ap.
396 627 493 666 l‘lin.
520 628 568 666 H.
589 628 637 666 N.
658 626 806 666 XXVI.
842 639 896 665 xi.
960 625 1093 665 Ilabeo
1125 627 1172 666 de
1198 625 1432 668 battaritide
1463 631 1710 668 coniecturam

68 696 245 745 alteram,
278 696 324 735 de
356 709 427 748 qua
459 697 590 735 differo
623 693 771 741 dicere,
806 708 912 748 quim}
944 693 1056 734 valde
1087 697 1138 735 sit
1169 697 1333 735 incerta.
1386 697 1498 747 Apud
1533 694 1711 737 Catonem

67 765 151 804 libri
184 765 272 803 nibil
306 766 484 813 offerunt,
537 765 634 816 quod
666 763 826 803 dubitari
866 765 912 802 de
951 765 1137 815 scriptura
1176 765 1335 803 nominis
1366 760 1570 804 Battaras
1602 767 1713 806 sinat.

68 832 174 872 Leve
206 838 287 883 est,
320 837 357 873 et
388 835 543 884 saepius
576 832 691 871 obvia
718 832 754 871 in
781 832 839 871 bis
863 832 1001 872 litteris
1028 832 1260 871 librariorum
1285 834 1541 883 consuetudo,
1574 846 1713 873 memo-

68 901 199 940 rabilis
232 906 376 947 tamen,
410 901 505 953 quod
539 902 573 940 in
605 899 752 939 duobus
783 900 892 940 libris
923 901 1086 952 antiquis
1119 911 1270 952 semper
1300 900 1484 941 Baetra-e
1514 901 1714 953 scribitur,

68 981 140 1008 non
172 970 376 1020 Παίων-ε,-
409 969 555 1019 levius,
589 970 684 1022 quod
719 969 803 1008 libri
832 970 921 1009 editi
954 982 1025 1008 non
1058 970 1188 1020 paud,
1223 973 1404 1009 attamen
1430 983 1501 1009 non
1527 972 1714 1024 antiquis-

68 1041 172 1087 simi,
205 1040 346 1078 vitiose
378 1037 589 1078 Baecarem
621 1037 803 1077 exhibent
835 1038 870 1076 in
903 1036 1009 1077 titulo
1036 1038 1221 1077 carminis.
1267 1038 1488 1078 Videbimus
1513 1040 1621 1079 etiam
1643 1039 1716 1079 alia

68 1108 189 1157 vitia,
225 1107 477 1157 Baccarmn,
517 1106 754 1146 Bachiraecm.
812 1106 889 1146 Sed
923 1120 1028 1159 quam
1058 1107 1164 1145 modo
1200 1109 1528 1147 coimmunorabam
1563 1109 1715 1147 duorum

69 1176 244 1215 librorum
277 1177 496 1227 scripturam
529 1175 731 1220 Bactara,
773 1175 809 1214 in
842 1180 998 1214 mentem
1039 1174 1124 1212 mibi
1164 1178 1321 1214 revocat
1360 1173 1559 1214 Ciceronis
1591 1177 1714 1228 Epist.

69 1246 114 1284 ad
140 1245 357 1284 Trebatium
391 1245 453 1285 lib.
477 1245 561 1284 Vll.
587 1255 639 1282 ix.
674 1244 814 1294 locum,
847 1245 894 1283 de
926 1256 997 1296 quo
1031 1256 1101 1282 non
1133 1244 1353 1292 gravabor,
1387 1257 1483 1296 (piae
1513 1244 1598 1283 mibi
1624 1245 1717 1284 baec

69 1315 251 1353 scribenti
283 1315 498 1353 coniectura
530 1317 615 1352 nata
647 1314 719 1363 sit,
752 1326 960 1364 exponere.
1024 1314 1155 1364 ltaque
1186 1312 1232 1350 de
1264 1324 1308 1351 eo
1341 1325 1412 1352 non
1445 1311 1594 1360 dubito,
1631 1315 1716 1366 quin

71 1386 174 1421 reete
207 1384 386 1430 fecerint,
428 1382 488 1434 qui
521 1383 572 1421 ibi
610 1378 784 1421 Battara
818 1383 947 1433 reponi
982 1383 1193 1430 iusserunt,
1234 1382 1331 1433 «prod
1366 1395 1494 1421 nomen
1527 1384 1584 1421 sic
1614 1385 1713 1422 scri-

72 1457 174 1503 ptum
206 1452 395 1489 invenitur
427 1449 460 1489 in
495 1451 600 1490 libris
633 1464 704 1490 non
737 1450 1040 1499 contemnendis,
1074 1452 1110 1488 et
1142 1452 1215 1488 tum
1248 1449 1283 1487 in
1312 1451 1419 1488 mnus
1446 1450 1588 1490 codicis
1616 1453 1716 1490 scri-

72 1524 181 1571 ptura
214 1520 393 1568 Baetra,
428 1523 499 1558 tum
525 1521 559 1558 in
584 1517 758 1559 Baltera
789 1519 900 1569 latet,
933 1522 972 1557 ut
1003 1521 1154 1570 praeter
1176 1517 1272 1557 alios
1297 1518 1414 1557 libros
1439 1519 1598 1564 babent,
1621 1533 1716 1573 quae

72 1601 168 1627 inune
199 1588 284 1626 mibi
317 1592 470 1639 praesto
503 1591 609 1637 sunt,
644 1588 792 1627 Veneta
822 1597 889 1638 per
910 1585 1179 1626 BernardInum
1203 1587 1392 1625 Benalium
1417 1591 1538 1627 1493.
1562 1589 1715 1628 Ascen-

70 1659 176 1696 siana
208 1657 326 1696 1511.
377 1655 482 1710 Quod
516 1657 599 1694 aliis
631 1656 778 1707 placet,
820 1655 1018 1700 Vacerra,
1052 1655 1136 1708 quis
1167 1655 1240 1694 sibi
1275 1657 1501 1706 persuadeat
1532 1659 1715 1709 eorrumpi

71 1729 143 1765 tam
175 1724 381 1764 admirabili
414 1725 519 1763 modo
552 1725 746 1777 potuisse,
790 1738 896 1777 quum
936 1725 970 1762 id
1004 1736 1134 1762 nomen
1174 1737 1223 1763 ex
1263 1724 1425 1776 epistola
1464 1726 1714 1776 praecedente

71 1798 193 1834 notum
230 1797 523 1845 consuetumque
563 1805 651 1830 esse
692 1792 855 1831 librariis
887 1790 1093 1832 debuerit?
1152 1791 1221 1831 Illo
1254 1789 1336 1832 loeo
1370 1806 1440 1832 nou
1473 1793 1648 1833 haesisse
1679 1795 1715 1833 in

71 1864 215 1902 nomine
243 1863 421 1903 Vacerra
452 1859 648 1910 librarios,
680 1859 752 1900 boc
784 1860 959 1899 haesisse
990 1862 1103 1913 atque,
1135 1861 1169 1900 In
1203 1863 1322 1900 onmia
1353 1861 1423 1900 alia
1450 1859 1620 1902 abiisse?
1660 1864 1714 1903 At

71 1944 162 1971 vero
192 1931 328 1984 aliquid
362 1934 480 1970 tamen
514 1930 622 1969 etiam
655 1927 702 1968 iis
735 1930 841 1968 libris
874 1930 1110 1969 triluwndum
1143 1942 1232 1969 esse
1264 1934 1374 1981 puto,
1408 1929 1441 1969 in
1467 1931 1606 1983 quibus
1632 1931 1714 1972 Va-

71 2014 186 2040 cerra
210 2005 289 2039 cst.
332 2000 457 2050 Igitur
488 2000 701 2039 Vacerram
733 2011 860 2037 verum
893 1998 1049 2036 bominis
1081 2010 1210 2037 nomen
1244 2012 1351 2041 esse,
1387 1999 1613 2050 adscriptum
1640 2014 1712 2039 ex-

72 2069 285 2120 plicationis
318 2080 453 2107 caussa
484 2068 530 2107 ab
563 2067 685 2120 aliquo
711 2068 976 2117 grammatico,
1015 2066 1228 2106 Ructat-am
1251 2080 1344 2106 vero
1372 2079 1581 2117 cognomen
1607 2070 1712 2108 eius-

72 2139 153 2176 dem
184 2138 274 2188 viri,
307 2138 372 2176 sed
407 2137 594 2185 ioculare,
627 2148 716 2175 csse
748 2136 928 2180 coniicio,
964 2136 1083 2175 lictum
1107 2138 1171 2175 aut
1191 2149 1213 2175 a
1236 2134 1446 2186 Cicerone,
1479 2139 1543 2176 aut
1568 2137 1614 2176 ab
1639 2137 1711 2177 alio

73 2207 243 2259 quopiam
275 2207 424 2245 inditum
458 2207 660 2245 vacerrae.

158 2274 278 2326 Igitur
307 2274 465 2314 hnmano
496 2275 629 2324 generi
662 2271 936 2312 vindicavimus
975 2271 1205 2313 Bastar-nm.
1268 2272 1314 2312 Et
1346 2271 1417 2312 boc
1448 2274 1591 2326 quidem
1623 2277 1712 2326 post

73 2344 309 2383 Iacobsium.
371 2344 559 2395 Superest
595 2346 634 2382 ut
665 2342 763 2395 quali
805 2344 886 2382 fere
918 2342 1131 2382 conditione
1163 2342 1269 2381 homo
1302 2343 1411 2381 suerit
1442 2345 1708 2383 monstremus.

72 2412 180 2466 Quod
220 2413 270 2450 ita
300 2424 543 2463 peragemus,
589 2415 630 2451 ut
668 2410 774 2450 simul
814 2411 934 2449 bonus
974 2421 1146 2450 numerus
1184 2423 1359 2449 versuum
1392 2409 1573 2462 Catonis,
1615 2426 1709 2466 quos

73 2482 213 2520 caeteri
245 2481 470 2530 interpretes
503 2481 623 2531 magis
654 2481 727 2534 sibi
765 2479 982 2529 intelligere
1020 2479 1094 2518 visi
1133 2482 1239 2529 sunt,
1284 2492 1389 2532 quiam
1422 2480 1707 2532 intellexerunt,

73 2550 108 2588 in
140 2550 222 2588 lucc
253 2553 411 2600 ponatur
441 2560 529 2587 sua.

158 2618 381 2657 Distinctum
415 2620 470 2656 est
502 2617 658 2656 Catonis
691 2627 862 2666 carmen,
903 2616 1044 2666 Dirae,
1084 2615 1261 2655 versibus
1293 2617 1580 2657 intercalaribus
1612 2619 1706 2657 satis

73 2686 218 2735 inultis,
250 2700 344 2738 quos
375 2686 470 2723 inl'ra
501 2685 682 2725 collectos
714 2686 811 2724 dabo
842 2698 994 2734 omnes,
1033 2697 1128 2723 nunc
1160 2697 1227 2724 eos
1260 2688 1398 2724 tantum
1430 2687 1704 2737 spectabimus,

74 2758 109 2795 in
142 2755 277 2808 quibus
314 2754 451 2806 aliquid
493 2754 536 2791 ad
576 2753 671 2793 banc
708 2755 986 2806 quaestionem,
1028 2766 1132 2805 quam
1171 2754 1377 2804 agitamus,
1418 2755 1588 2794 momenti
1629 2757 1701 2794 cst.

74 2825 170 2864 Sunt
200 2827 343 2874 autem,
378 2824 525 2873 praeter
555 2823 744 2861 exordium
777 2822 970 2872 carminis,

357 2892 551 2939 Battara,
584 2904 759 2941 cyaneas
791 2899 1013 2944 repetamus
1045 2892 1218 2932 carmine
1248 2906 1391 2932 voces:

355 2962 533 3000 Diris-as
567 2962 700 2997 iterum
730 2960 849 2999 sedes
880 2967 915 2998 et
949 2972 1044 2999 rara
1074 2974 1288 3009 canamus,

358 3030 495 3079 Rara,
529 3027 669 3083 quibu-s
701 3028 814 3067 dirae
846 3030 917 3067 etc.

1358 3098 1389 3141 2
