2006 3365
226 124 328 170 430
814 121 1185 166 DISSERTATIO
1217 122 1288 162 IV.

225 236 257 276 l.
289 236 349 276 Fr.
393 236 599 285 Gronovii‚
643 236 689 274 ad
729 249 769 274 v.
803 240 841 278 7.
875 239 941 276 28.
977 240 1043 275 42.
1078 240 1144 275 Η.
1183 240 1274 276 169.
1313 241 1402 277 1Ῑ2.
1443 240 1532 277 174.
1595 238 1731 277 Libros
1774 236 1886 278 adhi-

226 305 307 345 buit
337 304 485 353 nullos,
523 315 569 342 ac
600 316 647 342 ne
680 316 786 342 unam
819 305 967 356 quidem
1000 305 1202 346 editionem
1236 305 1363 356 paullo
1394 307 1641 358 antiquiorem
1674 307 1858 358 inspexit.

317 441 442 479 Habui
482 441 593 479 etiam
638 440 827 491 libellum,
876 443 936 494 qui
979 442 1113 493 paucis
1154 441 1323 493 pagellis
1366 445 1544 482 constat:
1596 443 1685 481 val.
1728 442 1888 483 Catonis

226 508 465 549 Grammatici
497 509 628 547 Dirae.
704 509 766 548 Ad
801 511 943 548 unicam
991 514 1102 561 atque
1149 511 1421 562 infrequentem
1464 510 1690 562 Christoph.
1723 511 1887 550 Arnoldi

227 577 430 615 editionem
462 577 599 616 diebus
632 577 908 616 canicularibus
940 578 1246 628 interpretandas
1279 580 1472 618 recensuit
1503 579 1560 618 M.
1594 580 1702 630 Aug.
1737 579 1886 629 Georg.

226 645 351 683 Mirus
381 645 563 684 Iolrannei
594 645 753 686 Rector.
799 646 1023 696 Luneburgi
1061 647 1181 686 1718.
1221 651 1282 686 12.

314 782 358 821 Ρ.
392 783 592 821 Burmanni
626 783 795 822 Secundi
826 783 957 834 labor,
990 785 1051 837 qui
1083 783 1198 822 Diras
1231 784 1267 821 in
1290 783 1557 833 Anthologiae
1590 784 1750 823 Latinae
1769 783 1888 823 Tomo

227 850 277 890 ll.
311 851 447 899 edidit,
490 864 534 890 eo
578 851 726 890 multum
772 853 946 892 utilitatis
988 852 1129 900 babet,
1177 853 1274 904 quod
1315 852 1378 890 ille
1410 854 1550 903 primus
1584 856 1738 891 veteres
1771 852 1889 891 libros

227 921 395 970 scriptos
438 919 636 959 adhibuit:
679 921 930 959 petavianum
964 924 1001 960 et
1039 920 1288 970 Thuanenm‚
1327 933 1348 959 a
1389 921 1477 960 Nic.
1510 922 1672 960 Heinsio
1705 920 1889 971 collatos,

227 988 463 1031 Mediceum,
508 988 556 1026 al)
600 988 777 1027 Orvillio.
855 989 927 1042 Qui
966 990 1017 1027 sit
1066 990 1293 1030 Vossianus
1339 990 1560 1039 Burmanni,
1601 1002 1716 1040 snpra
1755 989 1891 1028 dictum

227 1058 317 1094 est:
351 1057 414 1094 ubi
446 1057 555 1094 etiam
587 1056 634 1094 de
668 1056 863 1096 Leiclensi
896 1058 1095 1095 Burmanni
1127 1058 1384 1096 dubitationes
1418 1061 1570 1096 nostras
1602 1058 1889 1108 proposuimus,

228 1128 267 1162 et
297 1124 345 1162 de
377 1124 476 1163 MS.
509 1123 667 1172 Pierii,
712 1137 817 1176 quem
850 1125 1085 1163 Burmannus
1129 1126 1240 1175 dicit,
1282 1139 1440 1176 prorsus
1480 1127 1659 1165 incertam
1693 1138 1768 1164 rem
1801 1137 1891 1164 esse

228 1193 436 1231 docuimus.
499 1192 647 1231 Dictum
679 1196 739 1230 est
772 1193 881 1231 etiam
913 1205 1005 1243 pag.
1042 1196 1137 1232 402.
1185 1194 1232 1232 de
1272 1194 1381 1232 libris
1428 1195 1562 1240 editis,
1610 1194 1747 1246 quibus
1791 1194 1891 1233 Bur-

227 1273 382 1298 mannus
416 1273 507 1298 usus
540 1263 601 1299 est
634 1272 755 1312 neque
786 1261 922 1310 bonis,
956 1274 1075 1313 neque
1107 1263 1201 1301 satis
1233 1263 1413 1314 antiquis.
1476 1262 1626 1301 Deinde
1657 1264 1891 1301 Burmannus

228 1329 370 1379 primus
411 1328 623 1379 publicavit
663 1329 712 1368 N.
756 1329 907 1368 Heinsii
949 1331 984 1368 in
1032 1328 1212 1369 Catonem
1254 1331 1563 1369 observationes.
1624 1331 1766 1370 Verum
1797 1330 1889 1380 has,

229 1409 276 1436 ne
309 1398 477 1435 iniuriam
520 1399 697 1436 faciamus
741 1399 922 1447 Heinsio,
968 1411 1040 1436 non
1079 1400 1243 1450 scriptas
1286 1412 1376 1438 esse
1407 1399 1454 1438 ab
1487 1399 1647 1437 Heinsio
1680 1411 1726 1438 eo
1758 1399 1891 1449 modo,

230 1478 303 1517 quo
336 1465 565 1504 exhibentur
596 1479 617 1504 a
657 1467 894 1516 Burmanno,
948 1468 1061 1506 multo
1105 1471 1227 1507 autem
1268 1469 1388 1506 minus
1432 1480 1476 1506 eo
1510 1467 1670 1506 consilio
1704 1468 1892 1518 scriptas,

231 1539 271 1573 ut
313 1535 545 1584 ederentur,
588 1536 786 1574 tenendum
828 1540 901 1574 est.
973 1536 1072 1575 Sunt
1110 1536 1222 1585 illae,
1262 1537 1359 1588 quod
1409 1537 1543 1587 partim
1590 1537 1697 1586 ipsae
1729 1548 1819 1587 prae
1850 1547 1895 1574 se

231 1605 381 1651 ferunt,
425 1604 560 1653 partim
599 1603 748 1642 aliunde
779 1604 1045 1654 probabinms,
1094 1618 1114 1643 a
1148 1606 1357 1643 Burmanno
1399 1605 1582 1644 conflatae
1623 1617 1672 1643 ex
1703 1604 1893 1654 diversis,

232 1675 271 1710 et
303 1672 459 1709 diverso
501 1674 671 1721 tempore
711 1674 889 1722 scriptis,
934 1676 971 1711 et
1010 1675 1236 1712 festinanter
1267 1675 1424 1724 scriptis
1458 1673 1603 1712 Heinsii
1635 1673 1894 1711 annotationi-

230 1740 316 1778 bus.
379 1739 419 1777 Id
453 1752 561 1791 quum
594 1740 888 1779 observationes
921 1753 1013 1791 prae
1054 1754 1097 1779 se
1143 1744 1243 1780 ferre
1289 1743 1396 1792 ipsas
1437 1742 1538 1790 dixi,
1582 1740 1657 1780 hoc
1696 1741 1893 1789 volebam,

232 1812 304 1846 tam
336 1807 513 1856 diversa,
560 1810 632 1845 tam
666 1808 763 1846 inter
794 1821 837 1846 se
873 1810 1082 1858 pugnantia
1115 1822 1234 1860 saepe
1267 1811 1301 1847 in
1335 1811 1501 1848 eunulem
1535 1809 1654 1848 locum
1686 1810 1895 1847 observata

231 1876 383 1915 lleinsii
417 1888 528 1924 esse,
575 1878 612 1914 ut
654 1879 839 1926 appareat
876 1888 947 1914 non
990 1889 1108 1927 posse
1140 1880 1212 1915 tam
1245 1878 1402 1916 diversa
1444 1878 1574 1916 eodem
1615 1878 1759 1927 scripta
1805 1889 1895 1916 esse

231 1948 415 1993 tempore.
478 1943 537 1981 De
568 1955 670 1981 more
702 1956 770 1982 suo
814 1944 1073 1983 tumultuarias
1113 1945 1469 1984 observatinnculas
1501 1946 1694 1984 scribendi
1726 1947 1762 1984 in
1794 1957 1895 1983 mar-

232 2012 388 2060 ginibus
420 2011 564 2050 diserte
596 2015 758 2050 testatur
791 2013 972 2051 Heinsius
994 2013 1117 2063 Epist.
1150 2015 1194 2052 ad
1228 2014 1258 2052 Ι.
1286 2014 1332 2053 G.
1357 2014 1589 2063 Gmevimu,
1622 2015 1670 2053 Τ.
1702 2014 1772 2052 IV.
1791 2012 1893 2064 Syll.

233 2081 360 2120 Burni.
380 2093 416 2130 p.
437 2084 532 2118 420.
565 2081 708 2130 Soleo,
741 2084 793 2120 mi
818 2082 994 2131 Graeci,
1015 2085 1172 2135 qezoties
1205 2085 1440 2135 scriptorem
1473 2097 1523 2122 ea:
1547 2085 1730 2135 antiquis
1760 2096 1894 2134 quem-

234 2162 398 2202 cumque
426 2149 568 2200 paullo
602 2152 812 2188 intentiore
843 2163 943 2188 eura
979 2151 1262 2202 pet-leyendum
1301 2153 1396 2191 milri
1432 2164 1632 2205 propono,
1675 2165 1750 2199 ea,
1792 2164 1896 2204 qnae

235 2219 339 2256 inter
371 2217 577 2268 leyendzmz
609 2225 844 2266 ocem-runt,
889 2219 1243 2258 animadversione
1281 2233 1355 2258 non
1389 2221 1577 2270 indiqna,
1617 2221 1790 2271 maryini
1821 2233 1895 2258 ex·-

233 2285 450 2338 emplaris,
486 2285 592 2338 quod
623 2288 663 2323 in
694 2299 810 2324 mmm
842 2293 932 2334 est,
967 2287 1175 2335 adlinere,
1212 2291 1286 2326 etc.
1347 2288 1576 2326 Monstrabo
1610 2289 1719 2326 etiam
1751 2287 1894 2336 libros,

233 2366 388 2404 quorum
420 2353 655 2401 marginibus
685 2354 869 2391 Heinsius
903 2355 937 2392 in
963 2353 1144 2393 Catonem
1177 2368 1246 2393 sua
1277 2355 1483 2404 alleverat,
1516 2368 1612 2408 quae
1644 2360 1781 2406 postea
1811 2355 1896 2394 col-

233 2421 332 2471 legit
363 2426 475 2474 atque
507 2423 717 2471 composuit
750 2423 996 2460 Burmannus.
1059 2423 1142 2462 Fuit
1175 2423 1368 2473 exemplar
1400 2424 1640 2462 Florentinae
1663 2424 1760 2462 lunt.
1788 2424 1896 2462 cuius

233 2491 394 2539 margini
427 2490 475 2528 N.
515 2490 696 2528 Heinsius
729 2491 967 2529 coniecturas
1011 2504 1124 2540 suas,
1165 2494 1202 2529 et
1245 2492 1440 2530 variantes
1479 2505 1528 2530 ex
1569 2491 1669 2531 Aldo
1709 2491 1895 2530 lectiones

233 2558 462 2597 adleverat:
511 2559 713 2597 Burmann.
757 2560 881 2609 Epist.
922 2560 968 2597 ad
1013 2559 1202 2609 Hoppium
1250 2560 1369 2598 Antii.
1411 2560 1495 2599 Lat.
1526 2561 1575 2599 T.
1607 2560 1638 2598 Ι.
1670 2573 1708 2611 p.
1744 2575 1893 2598 xxxw.

234 2627 330 2664 idem
363 2626 475 2674 illud,
508 2628 542 2665 in
577 2639 648 2679 quo
682 2628 898 2677 Excerpta,
941 2639 1035 2679 quae
1067 2627 1112 2664 ad
1146 2627 1308 2665 Pierium
1341 2630 1458 2667 refert
1491 2629 1738 2667 Burmannus.
1800 2628 1894 2666 Tum

235 2694 308 2733 duo
342 2694 508 2734 habebat
547 2696 781 2734 Burmannus
813 2708 835 2734 a
865 2699 1000 2746 patruo
1034 2708 1101 2734 suo
1140 2695 1338 2734 Parisinae
1370 2696 1521 2735 Pithoei
1554 2697 1731 2735 editionis
1763 2709 1894 2734 exem-

234 2762 378 2814 plaria,
411 2776 484 2802 non
517 2764 635 2802 solum
669 2765 835 2802 codicum
866 2765 1116 2802 vetustiorum
1145 2764 1384 2802 variantibus
1402 2764 1652 2813 lectionibus,
1685 2765 1752 2803 sed
1785 2765 1894 2803 etiam

236 2833 466 2870 coniecturis
511 2831 660 2870 Heinsii
701 2834 774 2870 tam
819 2832 864 2870 ad
917 2832 1221 2882 Epigrammata,
1269 2846 1375 2884 qiizim
1422 2834 1468 2871 ad
1517 2833 1662 2885 reliqua
1702 2833 1895 2872 Poematia

236 2900 402 2949 maiora,
438 2900 574 2952 ubique
606 2900 775 2938 referta:
810 2901 1008 2937 Burmann.
1042 2901 1164 2950 Epist.
1198 2901 1243 2939 ad
1278 2902 1469 2952 Hoppium
1501 2915 1539 2953 p.
1561 2917 1645 2939 L111.
1708 2899 1769 2940 Cf.
1793 2901 1894 2939 Bur-

237 2979 359 3005 mann.
391 2967 436 3006 ad
468 2967 552 3006 Dir.
578 2971 646 3006 84.
679 2970 770 3007 134.
797 2971 890 3007 136.
951 2968 1000 3008 Et
1031 2969 1089 3007 sie
1119 2967 1208 3007 alibi
1242 2969 1477 3008 Burmannus
1509 2970 1747 3008 coniecturas
1768 2969 1893 3008 Hein-
