2006 3365
498 175 553 215 IN
592 174 813 216 VALERII
843 173 1079 215 CATONIS
1114 172 1295 213 DIRAS.
1613 175 1712 219 129

76 290 313 343 producitur,
353 293 390 330 et
421 290 565 342 quidem
598 291 634 328 in
666 291 742 329 arsi
772 302 907 328 versus
946 288 1085 327 heroici
1118 289 1266 341 quinta,
1305 299 1400 341 quae
1431 286 1541 336 alibi,
1580 287 1711 337 paucis

76 361 197 411 iisque
239 358 494 408 singularibus
538 357 745 409 exemplis,
789 361 827 397 ut
857 358 991 396 llorat.
1032 358 1153 396 Serm-
1187 357 1215 395 I.
1251 373 1316 406 ιιι,
1350 358 1386 394 ἶ.
1447 356 1491 395 Ιο
1525 356 1708 404 Bacche,

74 428 272 478 exceptis,
313 428 360 465 ab
393 427 463 465 bac
493 427 751 477 productionis
782 426 931 464 licentia
971 429 1119 463 exemia
1158 428 1230 462 est.
1295 424 1490 475 Apponam
1522 424 1630 463 locos
1662 436 1712 462 cx

75 497 229 543 ordine,
261 500 394 535 auctos
427 499 513 545 post
535 495 749 533 Santenimu
783 506 853 532 uno
882 493 1072 544 alteroque
1101 492 1287 543 exemplo.
1330 493 1430 532 Ante
1452 506 1583 532 vocem
1607 494 1712 546 hya-

74 565 232 604 cinthus
278 564 558 614 productionem
597 563 744 601 admisit
782 561 971 611 Virgilius
1003 560 1084 598 Ecl.
1119 561 1186 599 Vl.
1220 565 1285 598 53.
1334 561 1478 611 Georg.
1513 561 1583 600 IV.
1619 563 1712 601 137.

74 634 175 672 Aen.
207 632 276 671 xl.
312 637 377 671 69.
451 638 538 671 aute
570 646 608 670 v.
639 632 877 683 hymenaeus
911 627 1083 669 Catullus
1114 628 1234 667 LXII.
1264 633 1300 666 4.
1334 629 1461 679 Epitli.
1496 630 1536 669 P.
1570 634 1607 670 et
1637 629 1710 669 Th.

74 704 141 740 20.
175 701 315 740 LXVI.
353 705 413 739 11.
458 700 644 749 virgilias
676 699 776 738 Aen.
808 697 898 738 VII.
932 702 1026 735 399».
1059 696 1108 735 X.
1142 699 1235 735 720.
1267 696 1399 735 Valer.
1431 697 1588 737 Flaccus
1605 699 1713 738 VIII.

75 773 170 809 259.
233 769 378 822 Quibus
411 769 566 808 accedat
596 771 752 819 propter
792 766 927 805 hiatum
959 766 992 803 in
1025 766 1102 803 arsi
1135 765 1242 816 pedis
1273 765 1388 816 quinti
1421 766 1534 815 Virg.
1568 765 1712 816 Georg.

73 838 142 876 III.
178 843 242 877 60.
303 838 397 877 Num
433 839 549 887 igitur
581 836 615 874 bi
648 836 720 874 loei
752 835 911 873 litteram
942 835 965 873 h
998 835 1240 872 consonantis
1273 835 1357 872 viee
1389 835 1519 883 fungi,
1554 839 1592 874 et
1621 847 1714 885 pro-

74 907 266 946 ducendae
298 906 473 957 syllabae
509 905 568 943 vel
602 906 710 944 etiam
742 903 959 942 excusando
990 902 1105 941 biatui
1139 903 1258 941 fuisse
1294 901 1493 941 adhibitam
1525 900 1715 954 probant?

74 975 159 1014 Non
192 978 296 1025 puto.
357 974 450 1013 Illud
483 973 728 1012 animadverti
761 976 846 1011 ante
878 972 997 1010 omnia
1029 971 1234 1019 debuerat,
1266 970 1362 1009 lianc
1392 971 1499 1023 quasi
1532 971 1715 1011 domesti-

74 1055 152 1083 cam
193 1044 320 1081 sedem
359 1055 489 1081 vocum
527 1043 769 1095 hymenaeus
810 1044 848 1080 et
885 1041 1125 1093 hyacinthus
1164 1039 1288 1078 sedem
1328 1052 1437 1088 esse,
1477 1040 1511 1078 in
1553 1043 1716 1080 exeunte

74 1124 188 1150 versu
229 1110 396 1150 heroico.
458 1110 580 1150 Recte
622 1110 667 1149 de
706 1109 778 1148 hac
817 1121 857 1148 re
898 1109 1030 1147 dudum
1071 1109 1266 1159 praecepit
1305 1107 1332 1146 I.
1373 1107 1420 1146 H.
1462 1108 1630 1148 Vossius
1669 1109 1715 1148 ad

72 1181 186 1229 Virg.
219 1179 365 1229 Georg.
398 1179 467 1218 IV.
503 1181 596 1218 137.
640 1178 721 1218 Ecl.
756 1178 824 1218 Vl.
858 1182 923 1216 53.
986 1176 1102 1229 Quem
1133 1177 1226 1216 alias
1258 1177 1456 1226 defugiunt
1487 1179 1625 1228 poetae
1656 1177 1715 1216 la-

73 1249 138 1288 tini
169 1248 278 1287 liuius
318 1249 477 1296 aetatis,
518 1249 698 1296 ionicum,
742 1247 801 1285 vel
840 1247 949 1285 etiam
988 1245 1208 1294 molossum,
1249 1246 1283 1284 iu
1323 1247 1426 1284 exitu
1468 1258 1605 1285 versus
1642 1245 1715 1285 he-

72 1318 185 1365 roici,
231 1329 301 1355 uua
341 1329 437 1355 voce
479 1316 806 1367 comprehensum,
858 1328 936 1353 eum
980 1327 1052 1354 non
1094 1315 1314 1364 defugiunt,
1360 1315 1426 1353 sed
1469 1315 1604 1366 cupide
1644 1328 1714 1366 po-

73 1389 184 1435 nunt,
242 1387 274 1424 si
325 1398 370 1424 ea
414 1399 492 1423 vox
533 1397 675 1435 graeca
720 1385 791 1423 sit:
854 1386 903 1423 ita
952 1384 1087 1435 cupide
1132 1384 1300 1435 quidem,
1353 1389 1392 1423 ut
1440 1386 1548 1423 etiam
1594 1384 1715 1424 licen-

75 1455 159 1493 tiam
193 1454 383 1492 metricam
416 1466 487 1492 non
525 1454 787 1502 reformident,
837 1453 943 1491 modo
981 1453 1106 1491 sedem
1147 1452 1243 1491 illam
1282 1466 1384 1491 suam
1427 1455 1597 1492 usitatam
1637 1467 1716 1493 vox

73 1523 282 1573 peregrina
313 1522 494 1561 obtineat.
540 1522 671 1574 ltaque
703 1523 761 1560 sic
793 1525 984 1574 utrumque
1017 1521 1259 1570 vocabulum,
1289 1523 1528 1574 hymenaeus
1555 1525 1592 1561 et
1612 1523 1716 1575 hya-

73 1592 255 1639 cinthus,
291 1594 327 1629 et
358 1592 440 1628 sine
473 1591 621 1629 licentia
647 1591 799 1628 metrica
824 1591 1010 1641 reperitur
1035 1589 1128 1629 loeis
1154 1603 1259 1642 quam
1282 1590 1472 1641 plurimis,
1504 1604 1598 1643 quos
1622 1605 1713 1631 enu-

75 1672 218 1698 merare
250 1659 339 1696 nibil
373 1660 526 1705 attinet,
559 1662 597 1697 et
629 1670 706 1697 cum
738 1658 888 1697 licentia
920 1659 967 1697 iis
1000 1657 1117 1708 loeis,
1150 1671 1244 1711 quos
1275 1661 1448 1710 apposui.
1508 1659 1614 1713 Quae
1643 1662 1717 1701 alia

76 1728 174 1767 banc
204 1728 248 1766 ad
282 1740 356 1766 rem
389 1728 563 1779 exempla
593 1728 755 1775 faciunt,
789 1731 827 1766 et
858 1726 1038 1778 permulta
1070 1731 1179 1777 sunt,
1211 1731 1249 1767 et
1274 1729 1452 1767 neminem
1485 1728 1622 1777 latent,
1655 1731 1715 1783 qui

73 1796 278 1846 Virgilium
312 1801 350 1836 et
372 1796 546 1836 Ovidium
578 1798 764 1846 attigerit.
809 1796 1063 1836 Usitatissima
1089 1795 1183 1835 baec
1213 1798 1364 1847 species
1390 1800 1468 1836 est:
1502 1800 1540 1837 in
1561 1799 1716 1839 Actaeo

74 1867 333 1919 Aracyntho,
375 1880 457 1905 eum
488 1865 692 1905 Phocaico
729 1867 990 1918 Erymantho,
1031 1872 1069 1906 et
1104 1866 1330 1905 Taenarius
1363 1867 1566 1915 Eurotas,
1601 1867 1714 1918 Virg.

74 1934 156 1972 Ecl.
189 1933 238 1973 II.
272 1937 339 1972 24.
373 1934 486 1974 Ovid.
519 1935 672 1974 Metam.
696 1934 744 1973 11.
772 1937 865 1972 244.
895 1936 988 1972 ΞΠ.
1048 1933 1154 1973 Alibi
1186 1947 1292 1972 unum
1324 1938 1461 1974 tantum
1495 1936 1714 1975 vocabulum

74 2014 274 2050 graecum,
307 2003 460 2042 alterum
490 2004 640 2043 latinum
673 2005 754 2053 est,
786 2015 909 2055 neque
940 2003 1162 2054 requiritur,
1202 2006 1241 2042 ut
1272 2016 1401 2042 nomen
1441 2006 1628 2055 proprium
1665 2007 1715 2045 sit

76 2074 289 2123 utrumque:
321 2073 435 2121 Virg.
467 2073 566 2111 Aen.
601 2072 670 2111 III.
704 2075 770 2112 74.
802 2079 840 2111 et
872 2072 1060 2124 Neptuno
1091 2074 1268 2124 xleyaeo.
1306 2072 1420 2112 Ovid.
1455 2073 1609 2112 Heroid.
1642 2074 1711 2113 lx.

74 2142 143 2178 81.
187 2142 461 2194 cupressifero
501 2142 762 2194 Erymanlho.
830 2141 932 2179 Fast.
973 2139 1022 2178 V.
1061 2143 1127 2179 83.
1178 2154 1261 2180 cum
1298 2142 1492 2193 caelifero
1530 2143 1711 2183 Atlante.

74 2208 228 2246 Metam.
261 2208 350 2248 XV.
385 2212 479 2248 450.
509 2214 743 2263 penalz'yero
775 2211 948 2249 Aeneae.
1011 2209 1163 2248 Metam.
1194 2209 1264 2249 IV.
1298 2213 1392 2249 53⁴.
1425 2213 1464 2249 in
1495 2212 1607 2251 Ionio
1639 2214 1712 2251 im-

74 2289 220 2316 menso.
361 2278 531 2331 Denique
563 2292 669 2331 quum
701 2278 817 2317 semel
848 2278 1023 2317 licentiae
1055 2279 1117 2317 isti
1148 2277 1450 2329 productionum‚
1486 2279 1711 2320 Graecorum

74 2358 198 2395 more,
230 2348 514 2393 assum-issent,
546 2349 626 2386 ausi
658 2350 765 2398 sunt,
798 2347 864 2385 sed
897 2359 1002 2397 raro,
1043 2347 1137 2385 idem
1170 2348 1295 2386 facere
1328 2348 1361 2385 in
1396 2348 1591 2389 vocabulis
1622 2350 1710 2389 Iati-

74 2414 153 2451 nis:
196 2427 267 2466 quo
311 2416 497 2464 pertinent
536 2421 758 2455 castaneae
795 2417 981 2455 hirsutae
1019 2416 1132 2465 Virg.
1164 2415 1244 2454 Ecl.
1288 2415 1375 2454 VII.
1409 2419 1475 2457 53.
1542 2419 1710 2471 femineo

74 2482 231 2522 ululatu
264 2483 362 2521 Aen.
396 2483 464 2522 IV.
497 2489 591 2524 667.
707 2486 907 2537 yracidus
947 2491 1153 2524 auctumno
1185 2484 1331 2534 Georg.
1363 2485 1411 2524 II.
1446 2489 1482 2525 5.

161 2551 268 2589 Hanc
299 2551 587 2601 disputationem
620 2554 727 2592 etiam
758 2556 960 2604 propterea
991 2553 1155 2603 institui,
1186 2556 1226 2592 ut
1258 2558 1361 2592 recte
1386 2567 1513 2594 omncs
1544 2555 1710 2595 iudicent

76 2619 185 2670 illud,
217 2620 313 2672 quod
346 2621 381 2658 in
413 2620 578 2669 Virgilio
611 2622 720 2667 Aldi,
753 2624 790 2661 et
821 2635 870 2660 ex
902 2634 946 2660 eo
978 2622 1013 2660 in
1045 2621 1129 2660 aliis
1158 2622 1345 2661 nonnullis
1377 2622 1538 2672 legitur:

310 2689 446 2742 Tuque
476 2691 624 2730 resiste
651 2698 782 2744 pater.
821 2692 922 2730 haec
949 2693 1102 2743 prima,
1135 2693 1359 2730 novissima
1391 2712 1440 2718 -—-

76 2756 130 2794 Ea
161 2757 205 2795 ad
238 2769 389 2796 sensum
420 2758 588 2808 perbona
619 2760 833 2798 coniectura
864 2762 944 2807 est,
983 2771 1087 2812 quam
1119 2772 1195 2809 ego
1227 2759 1298 2799 hac
1328 2763 1466 2799 tantum
1498 2761 1545 2800 de
1576 2773 1708 2800 caussa

75 2824 281 2875 posthabui
301 2826 432 2875 alteri,
464 2826 559 2878 quod
585 2825 769 2879 aliquanto
790 2829 949 2867 faciliori
973 2829 1230 2869 emendatione
1254 2842 1303 2868 ex
1333 2837 1371 2869 et
1402 2830 1480 2869 fieri
1512 2844 1573 2879 en,
1602 2843 1707 2882 quam

74 2894 196 2942 haee,
230 2895 435 2934 videretur.
496 2896 543 2934 Et
574 2895 618 2933 ad
651 2900 801 2935 metrum
833 2897 988 2948 perinde
1020 2900 1079 2937 est
1112 2901 1227 2938 utrum
1265 2913 1312 2938 en
1342 2898 1476 2948 legas,
1518 2911 1564 2937 an
1594 2900 1707 2939 haec.

161 2962 354 3001 Heinsium
385 2976 500 3014 supra
534 2963 692 3002 vidimus
724 2968 826 3005 recte
857 2969 1018 3006 tuentem
1044 2966 1238 3016 vulgatum
1261 2975 1392 3019 pater.
1425 2966 1584 3018 Reliqua
1611 2980 1706 3019 quo-

76 3030 182 3069 modo
205 3032 423 3082 accipienda
449 3036 580 3072 essent
603 3032 816 3078 dubitabat,
849 3037 887 3073 et
909 3034 980 3073 alio
1003 3038 1171 3086 tempore
1193 3035 1414 3074 coniiciebat
1439 3034 1531 3074 alia:
1571 3037 1707 3091 Tuque

143 3107 296 3139 Valerius
318 3109 411 3141 Cato.
1405 3107 1436 3150 9
