2006 3365
465 150 519 191 IN
552 150 771 193 VALERII
807 150 1044 193 CATONIS
1075 151 1346 194 ECLOGAM.
1633 160 1730 205 161

86 264 124 303 h.
158 276 191 303 e.
226 264 258 302 si
300 263 386 303 illud
420 265 499 304 fieri
532 278 603 305 non
636 266 764 317 licuit,
807 270 846 307 at
884 280 1020 307 necare
1058 269 1191 309 saltem
1229 274 1420 322 potueras.
1480 269 1566 311 Non
1597 271 1730 311 diver-

85 345 166 371 sum
197 335 257 372 est
287 334 330 372 ad
366 346 439 372 rem
473 334 744 384 Virgilianum,
779 335 884 375 VIII.
918 339 1013 375 643.

483 420 527 452 a!
557 422 598 453 tu
632 416 778 463 dictis,
812 416 990 466 Albane,
1020 431 1225 457 maneres:

82 505 299 545 quamquam
332 492 382 530 ibi
415 504 486 531 non
520 496 591 532 tam
624 494 714 533 liciti
748 507 854 547 qnam
886 496 1003 535 debiti
1036 497 1348 545 significationem
1375 500 1638 540 coniunctivus
1661 500 1725 540 in-

82 562 177 600 fert:
219 564 258 600 at
288 564 324 600 tu
358 562 468 600 dictis
508 575 654 601 manere
686 563 869 602 debebas.
931 562 990 603 Ct'.
1024 563 1146 603 Plaut.
1186 565 1387 605 Trinumm.
1419 566 1449 605 1.
1484 583 1531 618 11,
1565 571 1630 609 96.
1663 582 1722 623 sq.

80 630 309 678 redderem,
352 631 570 680 redderes,
610 646 782 680 emeres,
827 632 1043 680 venderes,
1082 634 1263 684 faceres.
1438 636 1630 687 Scaligeri
1661 638 1724 677 di-

79 699 317 737 stinctionem
350 700 446 750 quod
479 701 632 748 attinet,
664 710 778 751 quam·
801 701 1006 750 assumpsit
1036 699 1253 747 Arnoldus,
1286 703 1497 755 probatque
1529 706 1582 744 Is.
1614 705 1722 745 Vos-

78 768 158 805 sius
200 767 234 804 in
267 779 386 816 marg.
428 768 516 806 edit.
558 768 706 817 Scalig.
745 771 863 806 1595.
903 769 1116 819 quaeritur,
1155 781 1200 807 an
1240 772 1444 810 conveniat
1475 770 1609 812 Catoni
1648 777 1721 814 tam

77 834 265 873 rhetorica
296 836 515 874 conversio.
577 835 778 886 Virgilium
812 836 922 875 decet
953 835 1063 882 illud,
1103 840 1237 890 estque
1275 837 1513 890 rhetoribus,
1553 845 1592 881 ut
1622 842 1718 882 Iulio

75 902 277 942 Rufiniano
310 917 347 954 p.
380 907 476 943 270.
519 904 670 943 Rulmk.
703 908 930 943 annotatum.
993 905 1095 951 Sed,
1138 906 1236 959 qnod
1265 908 1448 957 gravius,
1495 921 1566 948 non
1597 911 1719 951 sensit

76 971 277 1021 Scaliger,
311 976 373 1011 ant
403 973 545 1011 sentire
576 972 711 1016 noluit,
746 973 883 1025 aliquid
916 973 1000 1012 loco
1029 972 1186 1014 Catonis
1217 987 1239 1014 a
1265 988 1307 1014 se
1334 977 1539 1016 constituto
1565 977 1717 1029 deesse,

75 1043 114 1078 ut
145 1040 276 1078 similis
308 1042 357 1079 sit
388 1040 616 1090 Virgiliano.
679 1041 800 1081 Deest
837 1043 985 1081 tertium
1017 1044 1238 1094 membrum,
1276 1045 1374 1097 quod
1413 1045 1578 1086 debebat
1609 1047 1717 1086 eius-

73 1108 169 1146 modi
202 1121 311 1147 esse:
345 1122 416 1147 non
450 1121 525 1158 ego
557 1112 709 1159 paterer
741 1113 811 1148 tam
844 1110 1028 1149 crudelem
1061 1111 1239 1151 dolorem.
1286 1112 1327 1151 Id
1357 1115 1551 1164 sentiens,
1583 1117 1623 1155 ut
1652 1115 1716 1154 vi-

72 1176 201 1224 detur,
241 1177 442 1216 Acidalius
473 1178 507 1216 in
541 1178 642 1218 Vell.
680 1179 829 1217 Patere.
864 1179 913 1218 11.
948 1195 1062 1218 Lxrx.
1105 1193 1144 1231 p.
1180 1183 1302 1220 1007.
1343 1182 1401 1221 ed.
1434 1182 1587 1222 Ruhnk.
1620 1196 1715 1223 con-

72 1246 217 1284 iectura
247 1247 355 1285 etiam
387 1251 606 1298 sequentem
648 1260 797 1285 versum
838 1252 977 1297 tentat,
1011 1250 1081 1287 ita:
1129 1250 1212 1289 Cur
1248 1263 1325 1290 non
1355 1257 1394 1291 et
1422 1251 1535 1292 nobis
1564 1253 1713 1305 facilis

70 1310 251 1354 natura?
297 1316 475 1367 silis-set,
527 1316 619 1355 Non
650 1329 720 1368 eye
752 1316 951 1356 crudelem
988 1321 1131 1370 patiar
1159 1325 1189 1357 t.
1221 1333 1256 1359 s.
1289 1321 1328 1359 d.
1390 1320 1468 1360 Sed
1501 1322 1585 1374 quis
1616 1323 1714 1362 ferat

71 1384 186 1422 talia?
246 1383 441 1431 ArnoldO,
488 1385 549 1436 qni
590 1385 709 1424 locum
752 1385 965 1424 distinctum
1005 1387 1049 1424 ad
1090 1389 1246 1426 mentem
1285 1387 1474 1439 Scaligeri
1517 1389 1711 1440 exhihuit,

69 1452 364 1491 subandiendum
405 1453 604 1492 videbatur
648 1448 694 1488 τὸ
735 1451 952 1504 ειῖκτικόν,
999 1459 1159 1495 utinam.
1230 1455 1346 1511 Quem
1385 1457 1421 1496 in
1459 1458 1565 1497 finem
1605 1457 1712 1498 locos

69 1520 178 1560 affert
208 1534 228 1559 a
262 1521 465 1570 Scaligero
497 1521 542 1560 ad
575 1520 715 1561 Catull.
748 1522 798 1561 11.
833 1527 870 1561 9.
903 1522 1084 1574 prolatos.
1139 1524 1243 1564 Inter
1274 1538 1342 1564 eos
1373 1538 1467 1564 unus
1497 1529 1576 1577 est,
1610 1527 1712 1566 Ovi-

70 1589 120 1627 dii
152 1589 306 1628 Heroid.
338 1590 388 1628 X.
425 1591 488 1629 77.
520 1590 592 1629 alia
624 1592 770 1630 ratione
801 1591 1070 1642 explicandus,
1113 1594 1276 1631 nimirum
1307 1606 1376 1645 ea,
1408 1595 1454 1634 de
1484 1607 1556 1647 qua
1585 1595 1711 1647 paullo

68 1660 155 1697 ante
187 1658 321 1697 dietum
353 1661 436 1707 est,
477 1666 731 1708 mactas-ses,
775 1662 813 1699 ut
843 1661 917 1699 sit:
963 1663 1125 1700 mactare
1163 1665 1366 1713 potueras,
1406 1662 1469 1702 vel
1507 1663 1709 1704 debueras.

242 1738 317 1778 Me
349 1751 504 1793 qnoque
535 1753 615 1793 qua
644 1740 815 1792 fratrem
844 1748 1096 1790 mactasses,
1130 1742 1322 1794 improbe,
1355 1743 1501 1784 clava:

353 1808 505 1857 Esset,
541 1822 656 1863 quam
688 1809 884 1858 dederas,
917 1816 1039 1850 morte
1069 1810 1205 1849 soluta
1233 1811 1351 1863 fides.

66 1886 135 1925 Est
168 1885 239 1926 hoc
271 1887 462 1926 Ariadnae
494 1889 738 1939 disputationi
772 1890 1084 1940 convenientius,
1124 1902 1230 1943 quam
1263 1893 1302 1931 ut
1331 1891 1511 1944 suppleas
1541 1896 1705 1934 utinam.

65 1955 114 1993 Et
144 1956 200 1994 sie
231 1968 348 2006 nuper
378 1958 528 2006 aceepit
555 1956 735 1995 Loersius
768 1961 910 1996 noster.

151 2022 346 2062 Caeterum
377 2026 524 2077 facilis
556 2032 705 2064 natura
737 2025 873 2064 dilecta
905 2025 1039 2066 Catoni
1072 2027 1199 2067 dictio.
1260 2027 1390 2068 Infra:
1424 2030 1578 2081 Infelix
1606 2044 1701 2083 eqo,

63 2105 139 2131 non
171 2093 241 2131 illo
274 2097 340 2147 qui
377 2100 550 2147 tempore
589 2101 735 2143 natus,
777 2094 863 2152 Quo
903 2094 1024 2134 facilis
1061 2098 1193 2135 natura
1222 2097 1303 2135 suit.
1364 2098 1477 2138 nobis
1509 2097 1547 2137 h.
1579 2098 1603 2138 l.
1634 2111 1704 2139 ac-

63 2161 161 2211 cipio
193 2163 371 2213 proprie:
406 2163 553 2202 videtur
584 2162 751 2202 homines
783 2176 974 2214 opponere
1004 2163 1237 2204 animalibus.
1283 2166 1431 2205 Deinde
1461 2167 1508 2206 ad
1539 2180 1583 2207 se
1609 2180 1702 2219 per-

60 2231 120 2279 git
151 2231 283 2280 ipsum.

145 2378 193 2416 V.
233 2382 299 2418 38.
340 2378 473 2430 (141.)
547 2390 638 2423 CUR
678 2389 769 2424 EGO
806 2390 1061 2425 CRUDELEM
1097 2390 1269 2425 PATIOR
1304 2392 1344 2425 Τ.
1380 2392 1418 2426 S.
1455 2393 1693 2429 DOLOREM.

60 2448 168 2503 Quor
198 2448 317 2486 Voss.
352 2448 379 2487 I.
437 2452 582 2502 pacior
611 2449 718 2488 Mon.
751 2449 781 2488 Ι.
816 2450 975 2490 Vratisl.
1008 2447 1166 2504 Lsepe
1195 2450 1302 2490 Mon.
1333 2451 1364 2490 Ι.
1397 2452 1446 2491 11.
1486 2453 1692 2494 Romanae.

56 2518 135 2555 iam
174 2530 298 2569 saepe
338 2518 543 2557 Arnoldus.
632 2519 814 2559 crudeles
848 2541 898 2546 —-
941 2520 1098 2560 dolores
1140 2532 1211 2558 una
1248 2519 1491 2560 Mutinensis.
1552 2523 1693 2562 Eadem

56 2585 222 2623 varietas
254 2598 365 2635 snpra
398 2599 437 2623 v.
470 2591 535 2625 30.
567 2588 631 2626 ubi
664 2588 781 2626 Voss
814 2588 845 2627 1.
878 2589 1061 2637 dolores,
1096 2589 1234 2628 caeteri
1267 2589 1449 2629 dolorem.
1499 2590 1574 2630 Sed
1598 2592 1689 2630 Mu-

54 2653 190 2691 tinensi
223 2658 340 2692 tamen
375 2654 561 2706 aliquanto
593 2657 677 2707 plns
708 2658 832 2696 tribuo
865 2669 969 2709 quam
1002 2656 1193 2695 Vossiano
1227 2659 1257 2696 1.
1317 2657 1379 2697 Ac
1409 2658 1542 2709 plurali
1573 2661 1689 2700 utitur

51 2726 166 2771 poeta
197 2723 232 2760 in
264 2722 393 2773 Diris,
427 2736 462 2760 v.
498 2725 562 2761 64.
623 2725 843 2776 fluminibus
874 2732 916 2764 tu
947 2730 1098 2765 nostros
1129 2726 1248 2767 trade
1277 2726 1443 2766 dolores.

134 2870 183 2909 V.
218 2874 283 2910 39.
318 2871 451 2921 (142.)
485 2880 655 2914 SIDERA
671 2880 758 2915 PER
774 2883 973 2917 VIRIDEM
997 2882 1218 2917 REDEUN'P
1243 2883 1376 2926 QUOM
1403 2883 1607 2917 PALLIDA
1631 2885 1679 2918 M.

48 2938 198 2978 Sidera
229 2939 377 2979 Thuan.
410 2945 447 2979 et
477 2940 609 2992 reliqui
642 2941 800 2980 Parisini
831 2946 932 2993 tres,
964 2943 1133 2995 August.
1165 2944 1379 2992 Romanae,
1407 2943 1505 2982 Ven.
1538 2943 1677 2985 Achat.

47 3007 181 3046 Mutin.
241 3010 402 3062 Sydera
440 3010 594 3048 Monac.
625 3008 655 3048 Ι.
688 3009 738 3048 11.
779 3013 817 3051 et
852 3013 1016 3051 fortasse
1055 3012 1139 3063 alii,
1187 3015 1259 3052 tum
1300 3011 1397 3049 ven.
1436 3010 1537 3050 Rub.
1575 3012 1675 3053 lens.

1338 3071 1401 3114 11

115 3086 267 3119 Valerius
288 3086 381 3120 Cato.
