2006 3365
243 146 344 191 244
841 135 1205 178 DISSERTATIO
1243 135 1272 175 1.

245 272 373 299 senem
404 257 559 296 eundem
591 266 679 293 esse
717 253 921 302 observat,
967 251 1014 290 de
1053 263 1124 303 quo
1165 250 1203 289 in
1244 249 1376 290 Bucol.
1416 249 1446 288 1.
1484 251 1690 302 fortunate
1729 262 1874 298 senex,

245 341 352 380 quum
383 330 500 365 tamen
533 326 568 363 in
600 335 668 362 sua
698 322 860 371 eclogae
890 320 999 359 huius
1037 319 1304 370 explanatione
1348 319 1526 371 Tityrum
1555 319 1694 371 ubique
1724 318 1877 367 signifi-

244 407 328 435 care
358 392 559 443 Virgilium
590 392 736 431 doceat.
801 390 878 430 Sed
910 389 955 427 ad
997 388 1134 438 Eclog.
1167 388 1235 428 IX.
1273 391 1335 427 14.
1377 400 1506 427 rursus
1542 389 1578 426 in
1624 400 1748 427 eorum
1786 399 1878 425 sen-

244 463 394 503 tentiam
426 461 580 501 inclinat
611 460 780 508 Badius,
827 459 962 511 quibus
991 458 1226 510 fortunatas
1267 471 1391 498 senex
1421 459 1527 508 pater
1558 457 1760 496 videbatur
1790 467 1879 494 esse

243 529 412 581 Virgilii.

329 599 477 639 Deinde
508 599 683 652 Lydiam
711 597 938 648 Pomponius
969 595 1122 634 eandem
1155 607 1242 634 esse
1274 594 1519 645 opinabatur,
1554 607 1646 646 quae
1674 594 1709 632 in
1732 592 1880 641 Ecloga

243 668 274 709 l.
306 668 463 718 Virgilii
495 667 652 707 Galatea
685 668 853 704 vocatur.
915 664 977 703 Ad
1012 663 1091 702 Dir.
1119 668 1185 703 89.
1219 664 1355 716 Lydia
1388 663 1542 702 dulcior
1573 663 1694 712 illis.)
1727 662 1882 701 Bianor

249 739 374 778 Tasci
403 743 441 777 et
472 736 648 775 Mantele
680 736 789 787 filias
819 735 914 786 fait.
945 734 1011 772 hic
1041 733 1220 772 condidit
1252 733 1495 780 Mantuam,
1529 738 1567 771 et
1597 732 1823 785 appellavit
1856 743 1881 769 a

243 809 396 847 nomine
424 809 582 845 matris.
643 805 748 844 Eius
781 816 896 843 soror
925 803 1005 854 fait
1036 801 1197 854 Lydia:
1230 803 1318 841 ideo
1359 801 1557 852 lfergsilius
1591 806 1750 839 anmtae
1780 813 1882 839 suae

246 877 521 922 Mantuanae,
567 874 730 927 Lydiae
775 884 904 911 nomen
945 873 1119 924 imponit.
1187 869 1334 922 Quibus
1365 870 1516 918 gemina
1548 868 1733 907 Domitius
1764 868 1809 906 ad
1841 881 1880 907 v.

245 949 313 985 86.
344 944 483 994 habet,
514 944 709 993 desumpta
742 941 837 980 haud
871 940 982 979 dubie
1014 951 1062 978 ex
1088 939 1182 989 ipsis
1206 939 1400 989 Pomponii
1433 937 1673 977 lectionibus.
1735 936 1883 976 Deinde

246 1013 473 1063 Pomponius
505 1011 551 1050 ad
576 1010 790 1063 Virg.Ecl.
815 1009 845 1048 l.
868 1011 906 1047 5.
968 1007 1259 1059 Amaryllida.)
1302 1007 1502 1058 Vei-[silias
1536 1007 1739 1046 Mantuae
1769 1019 1884 1045 ama-

246 1085 306 1122 vit
338 1082 533 1134 Lydiam,
568 1092 683 1133 qaam
709 1078 874 1128 appellat
898 1077 1133 1124 Galateam,
1165 1075 1316 1115 Romae
1339 1076 1612 1127 Amaryllida.
1674 1075 1882 1126 Amarylli-

248 1151 330 1189 dem
362 1161 455 1188 vero
487 1148 632 1187 nomine
672 1147 839 1185 I’litiam
871 1145 1053 1184 Hieriam
1091 1145 1210 1182 l'uisse
1243 1144 1354 1182 tradit
1386 1143 1429 1181 ad
1469 1143 1548 1182 Ecl.
1582 1143 1630 1183 11.
1669 1147 1730 1181 Η.
1792 1143 1884 1183 Cum

248 1218 310 1257 his
347 1219 517 1269 pugnat,
554 1215 650 1268 quod
689 1214 784 1265 apud
826 1213 980 1251 eundem
1027 1213 1266 1264 Pomponium
1307 1212 1352 1250 ad
1384 1212 1465 1251 Ecl.
1498 1212 1567 1251 lx.
1609 1217 1674 1250 22.
1721 1212 1883 1261 legitur:

248 1286 540 1339 Amaryllida.)
574 1285 616 1323 id
647 1290 709 1323 cst
733 1282 931 1335 Lydiam,
964 1294 1131 1320 (cruorem
1161 1289 1348 1320 nostrum.
1409 1281 1450 1319 In
1484 1294 1555 1333 quo
1587 1283 1750 1320 sortasse
1781 1292 1887 1319 error

250 1360 311 1396 est
340 1358 403 1395 aut
433 1354 651 1405 Pomponii,
688 1355 751 1390 aut
791 1351 893 1399 eius,
933 1350 993 1402 qui
1036 1350 1156 1388 verba
1187 1351 1341 1401 excepit
1371 1352 1482 1401 atque
1515 1350 1743 1400 conscripsit
1774 1349 1886 1389 Pom-

248 1425 367 1477 ponii.
427 1424 488 1463 De
533 1422 692 1463 Galatea
731 1433 796 1469 ea,
835 1433 929 1472 quae
971 1422 1031 1458 est
1068 1418 1150 1458 Ecl.
1182 1418 1252 1457 ΙΙΙ.
1295 1420 1361 1456 64.
1426 1419 1650 1468 Pomponius
1689 1420 1764 1457 ita:
1810 1419 1888 1458 Per

251 1495 463 1535 Galateam
500 1492 688 1543 intelliyit
734 1490 916 1542 Lycorim
946 1503 972 1527 a
1011 1488 1132 1527 Gallo
1172 1493 1358 1527 amatam.
1420 1487 1478 1525 De
1519 1487 1591 1526 alia
1631 1487 1888 1538 explicatione

257 1563 416 1616 Lydiae
451 1561 631 1607 nominis,
685 1571 788 1611 quam
832 1557 1018 1596 Domitius
1063 1556 1108 1594 ad
1152 1570 1190 1595 v.
1225 1559 1291 1595 41.
1333 1556 1503 1607 invenit,
1551 1555 1664 1595 valde
1708 1555 1888 1608 lepidam,

253 1632 387 1671 differo
426 1642 544 1682 usque
574 1629 618 1667 ad
652 1641 732 1666 eum
765 1626 896 1665 locum.

340 1700 399 1740 lta
439 1711 547 1751 quum
589 1698 730 1747 patrem
768 1698 880 1746 atque
918 1694 1069 1732 amicam
1109 1692 1265 1742 Virgilii
1307 1693 1593 1744 repperissent,
1632 1693 1741 1732 facile
1781 1694 1888 1733 etiam

255 1771 411 1823 patriam
455 1765 637 1815 Virgilii,
682 1764 893 1812 Mantuam,
938 1763 1179 1811 agnoverunt
1217 1761 1252 1799 in
1295 1760 1411 1799 Diris.
1472 1762 1571 1801 Hinc
1611 1762 1671 1800 vis
1702 1764 1801 1801 facta
1831 1765 1892 1802 est

258 1839 387 1878 versui
421 1841 485 1876 48.
524 1849 546 1874 a
577 1834 743 1873 Domitio
774 1836 811 1872 et
849 1832 988 1875 Badio,
1032 1832 1113 1869 dum
1145 1830 1283 1869 littora
1314 1831 1501 1881 accipiunt
1531 1843 1600 1881 pro
1633 1831 1740 1882 ripis.
1801 1830 1891 1870 Sci-

256 1909 346 1951 licet
376 1905 470 1945 male
502 1917 569 1943 eos
600 1902 739 1942 vicinia
783 1901 894 1939 maris
930 1899 1118 1948 hahebat,
1158 1899 1217 1951 qui
1249 1899 1552 1937 mediterraneam
1584 1911 1672 1938 esse
1703 1899 1893 1939 Mantuam

259 1977 414 2016 scirent.
483 1972 543 2012 llli
581 1972 713 2012 undas
754 1969 971 2018 intelligunt
1010 1967 1142 2007 Mincii
1184 1967 1355 2006 fluminis.
1415 1966 1564 2006 Rursus
1595 1967 1640 2006 de
1680 1968 1824 2008 Mincio
1857 1971 1895 2008 et

258 2045 362 2084 Pado
396 2044 541 2092 cogitat
572 2041 712 2080 Badius
744 2041 778 2077 in
811 2052 850 2076 v.
884 2040 949 2076 64.
983 2036 1163 2076 cf.·ibid.
1208 2036 1390 2087 Pompon.
1451 2035 1518 2075 Sic
1563 2037 1671 2075 etiam
1711 2037 1808 2087 alia,
1858 2042 1896 2078 et

260 2114 398 2152 minuta
429 2111 609 2163 quaeviS,
642 2122 691 2147 ex
721 2106 888 2156 Virgilio
920 2105 1129 2148 illustrant,
1177 2104 1222 2143 ad
1254 2103 1458 2154 Virgilium
1489 2105 1666 2144 referunt.
1727 2106 1896 2146 Montem

264 2182 470 2232 silvamque
500 2178 620 2217 fuisse
651 2178 686 2215 in
717 2188 812 2225 agro
845 2173 1021 2223 Virgilii,
1054 2172 1241 2212 Domitius
1272 2173 1317 2211 ad
1350 2173 1431 2212 Dir.
1464 2176 1503 2212 8.
1536 2173 1672 2223 probat
1701 2186 1751 2213 ex
1783 2175 1896 2226 Virg.

264 2249 397 2291 Bucol.
429 2248 459 2287 Ι.
493 2251 559 2286 53.
591 2245 660 2284 ΙΧ.
694 2249 731 2283 7.
767 2248 804 2281 S.
836 2245 874 2281 et
909 2243 1149 2281 Trinacriae
1177 2242 1333 2294 arcadia
1364 2255 1403 2280 v.
1438 2246 1475 2281 9.
1507 2240 1637 2281 Gloss.
1662 2241 1711 2282 V.
1733 2243 1763 2282 l.
1785 2256 1897 2294 pror-

267 2332 334 2359 sus
363 2319 490 2368 inepte
521 2315 682 2353 illustrat
714 2312 849 2352 collato
880 2311 995 2360 Virg.
1034 2311 1127 2349 Buc.
1159 2309 1208 2348 Il.
1241 2313 1308 2349 21.
1369 2309 1484 2365 Quem
1529 2311 1712 2351 tumulum
1750 2312 1897 2363 simpli-

269 2389 362 2428 citer
392 2386 483 2424 dicit
514 2382 609 2423 Cato
642 2381 723 2420 Dir.
759 2384 824 2421 86.
864 2380 1088 2432 sepulcrum
1119 2378 1315 2418 Bianoris
1355 2392 1405 2417 ex
1436 2379 1550 2429 Virg.
1582 2380 1662 2419 Ecl.
1694 2380 1764 2419 IX.
1797 2386 1896 2421 extr.

268 2455 486 2504 intelligunt
517 2452 701 2491 Domitius
733 2452 771 2489 et
810 2449 975 2496 Badius,
1014 2447 1215 2498 cademque
1252 2447 1403 2486 videtur
1440 2447 1635 2498 Pomponii
1676 2461 1777 2487 mens
1809 2461 1898 2488 esse

269 2526 316 2565 ad
347 2537 427 2563 eum
458 2520 627 2570 Eclogae
657 2519 727 2558 lx.
769 2518 912 2568 locum,
950 2519 988 2555 et
1019 2514 1147 2554 Gloss.
1180 2514 1228 2554 V.
1261 2514 1291 2554 1.
1333 2528 1440 2567 quum
1471 2515 1519 2555 cle
1548 2517 1693 2556 tumulo
1724 2518 1792 2555 iam
1824 2529 1898 2555 ex-

270 2592 468 2645 plicuisset
508 2591 612 2628 recte
657 2588 705 2627 de
736 2587 818 2626 alto
850 2587 963 2634 loco,
1003 2583 1145 2622 addidit
1174 2584 1211 2622 in
1242 2585 1429 2634 margine:
1472 2591 1588 2637 potes
1620 2587 1804 2638 accipere
1833 2594 1898 2626 tu-

270 2662 410 2702 malum
449 2659 626 2698 bianoris
656 2656 706 2695 de
737 2668 810 2709 qao
843 2657 881 2693 in
913 2654 1054 2692 bacco:
1096 2654 1135 2690 in
1166 2653 1243 2704 eyl-
1272 2667 1335 2706 pe.
1396 2653 1524 2706 Iamq.
1558 2654 1808 2707 sepulchrum
1839 2659 1899 2694 in-

272 2732 372 2784 cipit
402 2739 614 2781 apparere.
648 2723 741 2762 haud
775 2722 887 2760 dubie
928 2734 977 2760 ex
1008 2721 1187 2760 Domitio.
1248 2722 1409 2775 Quorum
1440 2723 1595 2760 omnium
1627 2721 1765 2773 duplex
1796 2736 1901 2764 error

272 2800 346 2838 est.
406 2796 530 2836 Primo
561 2792 718 2834 Catonis
749 2792 877 2829 nostro
909 2790 1065 2828 carmine
1100 2803 1160 2829 res
1198 2792 1343 2840 agitur,
1383 2802 1455 2829 non
1502 2789 1671 2840 Virgilii.
1730 2790 1899 2844 Deinde,

275 2866 418 2906 etiamsi
448 2862 634 2912 Virgilius
665 2860 725 2899 hic
755 2862 869 2911 poeta
901 2860 1029 2909 esset,
1061 2870 1132 2897 non
1156 2862 1452 2912 consequeretur
1481 2863 1623 2908 tamen,
1654 2860 1758 2898 immo
1790 2860 1901 2911 plane

275 2947 347 2974 non
384 2930 581 2986 probabile
614 2915 752 2978 esset,
796 2927 979 2967 tumulum
1015 2928 1071 2966 sic
1115 2928 1333 2978 simpliciter
1370 2928 1444 2967 dici
1473 2927 1681 2978 sepulcrum
1713 2927 1901 2969 Bianoris.

281 3004 329 3044 At
359 3003 420 3055 qui
444 3002 517 3042 ista
547 3001 672 3040 aetate
703 2996 913 3039 tractabant
932 2995 1153 3048 Virgilium,
1185 3009 1292 3050 quum
1323 2995 1396 3036 hoc
1425 2998 1584 3047 agerent
1613 2995 1790 3037 laudabili
1807 3010 1901 3038 con-
