2006 3365
431 181 485 222 IN
515 182 732 223 VALERH
772 182 1009 224 CATONIS
1040 182 1311 224 ECLOGAM.
1595 186 1693 229 165

60 296 192 336 Priora
225 309 343 348 usque
373 296 418 335 ad
450 298 558 337 orbis
597 298 889 349 descriptionem
929 299 1052 338 noctis
1091 299 1282 337 continent
1321 298 1359 336 et
1398 296 1541 349 quidem
1571 297 1694 336 noctis

59 365 262 415 eiusmodi,
305 378 410 417 quum
442 366 552 416 plena
582 366 668 405 luna
699 369 785 406 est:
832 379 938 418 quum
979 366 1134 405 redeunt
1174 367 1321 415 sidera,
1362 369 1400 405 et
1438 365 1542 404 orbis
1572 364 1693 404 lunae.

59 434 242 482 Phoebe,
276 440 398 487 atque
428 448 577 475 aureus
610 436 719 475 orbis
751 435 835 474 luna
863 438 941 482 est,
974 433 1010 471 h.
1036 446 1070 472 e.
1093 446 1229 484 eorpus
1255 433 1443 482 caeleste,
1477 433 1573 486 quod
1601 445 1695 472 con-

60 503 217 553 spicitur
256 503 374 540 oculis
405 504 624 543 mortalium.
687 503 834 543 Deinde
866 502 1002 540 Lunam
1033 501 1150 540 Deam
1181 501 1406 553 alloquitur:
1453 516 1497 541 eo
1530 506 1696 553 tempore

60 573 171 619 tuus,
203 583 224 609 ο
260 571 363 609 Luna
395 573 514 610 tecum
558 575 636 611 est:
681 583 744 610 cur
782 583 877 619 ergo
919 582 999 608 mea
1037 582 1108 608 non
1149 572 1210 609 est
1240 568 1408 609 mecum?
1440 571 1581 625 Quodsi
1615 571 1697 623 quis

59 639 242 688 obscure,
283 638 344 678 vel
383 639 581 689 ambigue,
630 639 816 691 loquutum
868 650 957 677 esse
1006 640 1155 689 poetam
1197 638 1320 687 dicat,
1362 642 1564 689 propterea
1601 640 1698 692 quod

61 708 220 747 Phoebe
259 708 366 746 etiam
406 721 473 758 pro
512 710 657 746 nomine
700 708 803 746 Deae
840 707 967 746 Lunae
1008 705 1138 744 haberi
1180 707 1326 756 possit:
1368 707 1463 745 satis
1495 706 1613 755 Cato,
1654 720 1699 746 ne

59 774 132 815 hoc
164 777 294 825 tieret,
334 777 457 825 cavit,
500 777 582 815 dum
620 789 687 827 per
727 776 986 826 epexegesin,
1028 777 1066 813 ct
1111 774 1145 813 in
1187 774 1363 813 cumulum
1410 775 1533 813 addit:
1579 782 1701 830 atque

61 859 209 885 aureus
238 845 359 884 orbe‘s.
393 846 520 899 Inque
542 849 663 884 vicem
693 845 877 883 breviter.
904 843 1051 894 Sponte
1082 846 1240 894 apparet
1270 844 1305 881 in
1338 844 1441 882 cuius
1471 846 1593 883 vicem
1615 843 1701 883 luna

61 919 198 952 currat.
262 914 423 953 Scilicet
454 915 569 953 solis.
618 912 842 965 Quamquam
874 911 946 950 hoc
977 911 1115 950 addere
1152 912 1277 951 solent
1313 911 1398 950 alii:
1432 916 1470 951 ut
1502 912 1701 952 Cornelius

62 983 235 1022 Severus
262 982 356 1032 apud
382 981 591 1021 Charisium
620 981 733 1020 1.66.
767 982 896 1033 lynea
917 995 1006 1020 nam
1032 981 1145 1020 caelo
1174 981 1346 1020 ducebat
1361 982 1500 1020 sidera
1521 981 1698 1029 Phoebe,

60 1052 273 1090 Fraternis
306 1064 521 1090 successor
561 1052 693 1104 equis.
753 1058 846 1090 tuns
880 1053 1000 1089 autem
1040 1063 1146 1101 quum
1179 1050 1288 1099 dicit,
1333 1050 1419 1089 illos
1450 1050 1557 1088 unice
1597 1049 1701 1089 cele-

60 1121 190 1159 bratos
223 1119 347 1158 Lunae
379 1132 547 1169 amores,
579 1119 872 1170 Endymionem,
904 1118 1095 1170 intelligit.
1158 1119 1216 1157 Dc
1245 1119 1479 1169 Endymione
1511 1119 1704 1168 cogitabat

61 1190 168 1228 etiam
210 1188 409 1238 Scaliger,
451 1189 517 1226 sed
563 1191 700 1227 tantum
742 1189 776 1226 in
810 1202 847 1227 v.
890 1200 947 1239 sq.
982 1190 1047 1226 42.
1108 1188 1183 1227 Hic
1211 1187 1318 1227 alium
1348 1188 1474 1227 Lunae
1504 1190 1703 1226 amatorem

60 1257 267 1309 intelligit,
300 1260 339 1296 ut
371 1257 555 1297 vidimus:
589 1257 663 1297 (len
695 1257 829 1296 Manu
859 1259 909 1296 im
940 1257 1108 1297 lllomle·

476 1371 612 1427 De
673 1371 1296 1445 Endymione

687 1487 727 1542 d
740 1490 802 1560 ig]
818 1507 848 1541 ν
862 1507 891 1541 e
904 1506 934 1541 s
948 1505 978 1540 s
994 1490 1070 1541 io.

146 1601 253 1641 Unde
284 1602 339 1641 M.
379 1601 430 1640 A.
463 1600 616 1640 Delrius
649 1600 804 1649 haheat,
838 1600 933 1653 quod
965 1600 1079 1640 tradit
1105 1599 1311 1640 Comment.
1343 1600 1378 1638 in
1404 1598 1578 1639 Senecae
1602 1600 1702 1652 Hip-

60 1669 138 1722 pol.
183 1675 278 1709 308.
318 1683 354 1721 p.
400 1671 489 1708 173.
560 1670 696 1708 Lunam
738 1670 869 1708 venire
916 1669 961 1707 ad
1000 1669 1268 1719 Endymionem
1306 1670 1504 1717 interdiu,
1546 1669 1702 1708 nondum

65 1740 241 1790 comperi.
306 1740 365 1778 Ac
398 1740 562 1777 sortasse
597 1737 714 1776 Delrii
756 1741 892 1777 tantum
930 1738 1052 1788 ipsius
1092 1741 1152 1777 est
1183 1738 1321 1789 opinio.
1381 1737 1567 1786 Veteres,
1609 1751 1704 1790 quos

63 1807 147 1857 ille,
179 1809 369 1847 maximam
402 1809 543 1858 partem
575 1818 625 1845 ex
656 1806 813 1845 scholiis
846 1807 882 1845 in
913 1806 1094 1857 Apollon.
1128 1806 1254 1846 Rhod.
1284 1805 1352 1846 lV.
1383 1810 1472 1856 57„
1505 1807 1566 1859 qui
1598 1807 1705 1846 locus

63 1881 123 1915 est
154 1876 224 1916 hac
254 1877 301 1916 dc
333 1876 459 1914 sabula
490 1875 711 1926 primarius,
744 1875 891 1924 laudat,
923 1875 1006 1925 alii,
1039 1877 1110 1914 etsi
1142 1888 1278 1925 magna
1309 1876 1470 1914 cernitur
1494 1875 1565 1914 hac
1589 1877 1624 1914 in
1647 1876 1704 1914 sa-

63 1945 151 1984 bula
182 1946 372 1991 varietas,
417 1948 455 1984 et
486 1945 639 1982 diversa
670 1945 766 1995 apud
801 1945 976 1984 diversos
1009 1945 1206 1994 tractatio,
1249 1945 1284 1982 in
1317 1943 1388 1983 hoc
1419 1951 1564 1993 tamen,
1606 1944 1702 1995 quod

65 2028 129 2053 res
160 2015 320 2052 suadere
359 2015 442 2064 ipsa
482 2013 701 2061 videbatur,
743 2026 849 2065 quum
891 2015 1012 2053 noctis
1052 2015 1178 2063 dcam,
1219 2014 1376 2064 Lunam,
1417 2014 1527 2052 etiam
1557 2025 1703 2052 amores

65 2084 224 2122 deceant
256 2082 447 2126 nocturni,
481 2082 733 2130 conveniunt,
772 2085 945 2134 quantum
980 2083 1113 2131 video,
1154 2095 1302 2131 omnes,
1344 2088 1459 2121 noctu
1491 2082 1536 2120 ad
1568 2082 1703 2133 Endy-

66 2153 218 2190 mionem
250 2152 406 2189 venisse
438 2150 587 2189 Lunam.
708 2150 786 2190 Sed
829 2152 1147 2190 considerabimus
1179 2152 1309 2201 istam,
1348 2164 1454 2203 quaxn
1493 2150 1591 2201 dixi,
1630 2163 1702 2189 va-

66 2222 234 2259 rietatem
266 2219 429 2258 sabulae.
520 2218 806 2269 Simplicissima
844 2224 954 2272 atque
995 2221 1238 2259 usitatissima
1275 2221 1436 2258 narratio
1477 2222 1557 2269 est,
1597 2231 1703 2271 quarn

67 2290 276 2337 Luciauus,
309 2289 426 2328 Deor.
460 2288 546 2327 dial.
578 2288 646 2328 XI.
679 2289 767 2328 Xll.
802 2289 848 2328 de
881 2290 1087 2328 Sacrificiis
1119 2302 1155 2340 p.
1184 2293 1249 2328 73.
1281 2288 1461 2329 V01.111.
1486 2289 1572 2339 Bip.
1610 2288 1702 2327 Ale-

68 2359 210 2397 xandro
244 2371 281 2408 p.
316 2362 379 2396 96.
412 2361 449 2398 et
481 2362 546 2397 99.
581 2357 669 2397 Vol.
702 2357 752 2396 V.
785 2359 973 2410 sequitur,
1014 2359 1151 2397 Lunam
1183 2359 1398 2397 accessisse
1428 2358 1473 2396 ad
1505 2358 1702 2396 dormien-

67 2436 139 2467 tem
177 2427 458 2476 Endymionem.
520 2425 579 2466 Cf.
621 2427 652 2465 si
692 2426 838 2477 placet,
881 2426 1041 2479 Quintus
1079 2427 1232 2477 Smyrn.
1263 2427 1312 2466 X.
1350 2430 1441 2466 128.
1481 2429 1519 2465 et
1556 2439 1651 2478 quae
1681 2438 1702 2465 e

68 2495 272 2546 Sapphoue
304 2495 570 2548 Nicandroque
601 2497 635 2534 in
668 2495 824 2535 scholiis
856 2496 1051 2547 Apollonii
1087 2497 1267 2535 Parisinis
1300 2495 1325 2534 l.
1357 2495 1382 2534 l.
1443 2495 1505 2534 Ac
1534 2496 1596 2534 bis
1625 2495 1701 2534 Lu-

69 2566 196 2603 cianus
228 2564 369 2602 diserte
400 2564 536 2603 Lunam
567 2565 614 2603 de
646 2565 765 2603 medio
798 2578 865 2616 per
897 2565 1034 2604 caelum
1068 2567 1199 2604 itinere
1230 2565 1462 2604 descendere
1492 2565 1536 2603 ad
1568 2565 1700 2615 Endy-

68 2635 221 2672 miouem
253 2633 368 2671 addit.
431 2632 478 2670 Et
508 2632 602 2672 haec
632 2634 776 2685 quidem
807 2635 1101 2673 moderatissima
1131 2637 1244 2686 atque
1275 2636 1486 2673 castissima
1515 2635 1698 2672 narratio:

69 2702 199 2741 oscula
229 2702 399 2740 sumebat
430 2701 499 2739 dea
530 2713 552 2739 a
583 2701 801 2741 dormiente.
890 2703 990 2749 Alii,
1023 2715 1118 2755 quae
1150 2704 1314 2741 fortasse
1348 2703 1517 2753 primitus
1548 2703 1700 2741 diversa

69 2771 115 2809 ab
149 2770 237 2815 hac,
271 2784 374 2823 quam
408 2782 476 2808 nos
508 2773 726 2819 tractamus,
758 2772 883 2810 fabula
914 2772 1004 2815 suit,
1049 2775 1236 2822 perpetuo
1268 2772 1534 2822 Endymionem
1572 2782 1698 2809 somno

69 2841 139 2878 frui
170 2840 341 2889 tradunt,
383 2843 421 2878 ut
452 2839 559 2877 Plato
592 2839 791 2879 Phaedone
822 2854 859 2891 p.
894 2843 957 2880 72.
993 2841 1037 2881 C.
1099 2839 1234 2880 Cicero
1265 2841 1420 2880 Tuscul.
1455 2843 1485 2880 1.
1522 2855 1698 2878 xxxv-111.

70 2908 301 2948 Theocritus
335 2908 403 2947 ΙΙΙ.
437 2912 501 2946 49.
549 2905 691 2946 Contra
720 2907 781 2946 alii
813 2909 1079 2959 Endymionem
1118 2913 1251 2949 noctes
1287 2910 1546 2960 pervigilasse
1576 2910 1698 2961 finge-

70 2977 173 3016 bant.
233 2977 275 3016 Id
308 2980 346 3016 ut
378 2979 480 3016 recte
512 2977 780 3027 perspiciatur,
811 2979 1114 3028 praemittendum
1144 2982 1203 3018 est
1233 2979 1385 3030 aliquid.
1436 2978 1699 3018 Dissentiebat

72 3046 274 3099 antiquitas
313 3047 422 3086 etiam
462 3046 508 3085 de
546 3057 611 3096 ρο,
653 3058 725 3096 quo
765 3047 866 3085 vitae
908 3058 1049 3096 genere
1091 3061 1181 3086 usus
1221 3051 1325 3086 esset
1356 3046 1577 3096 Endymion.
1636 3046 1698 3086 Ac
