2006 3365
448 141 518 181 DE
548 140 767 181 vaILll
798 140 895 181 LlB.
920 139 1209 182 IUVENALIS
1236 140 1372 181 LUDI.
1646 143 1747 187 247

111 256 304 306 telligunt.
364 256 503 296 Verum
544 260 582 295 ut
628 256 664 294 iu
704 255 865 305 Eclogis
905 269 977 295 nou
1018 257 1196 295 convenit
1235 253 1496 295 Grammaticis
1526 254 1571 292 de
1603 255 1747 293 nomine

111 327 191 365 eius
224 324 371 373 militiS,
404 325 453 363 lta
487 326 520 363 iu
549 325 653 363 Diris
686 326 915 375 interpretes
947 323 1041 363 alius
1072 324 1170 362 aliud
1204 336 1334 363 nomen
1366 326 1520 374 ponunt.
1584 323 1747 373 Pompo-

110 395 194 433 nius
227 393 271 431 ad
306 394 418 432 Diras
450 394 595 445 quidem
629 393 762 431 nullum
796 406 924 431 nomen
957 392 1100 441 babet,
1133 393 1200 431 sed
1233 392 1321 431 alibi
1355 405 1504 443 semper
1535 391 1748 431 Miliennm

115 463 302 502 Toronem
332 461 518 512 appellat,
551 463 871 515 primipilure7n:
904 463 1053 512 primum
1085 461 1129 499 ad
1164 461 1328 501 Culicem
1363 475 1399 499 v.
1435 465 1471 499 9.
1505 461 1586 499 sic:
1619 460 1747 500 Secu-

110 544 177 570 ros
207 532 403 582 fruelns.)
439 529 564 582 Optat
598 532 685 569 sine
715 530 898 568 molestia
930 536 967 568 et
988 529 1168 581 periculo
1193 531 1280 580 frui
1303 532 1543 569 mnoenilate
1566 542 1749 581 (tyrorum

110 613 292 648 snorum,
344 613 442 653 qnos
485 599 685 637 Illilienns
739 598 841 637 Toro
884 597 1153 650 primipilaris
1195 605 1480 650 occupaverat.
1528 599 1662 637 deinde
1702 597 1747 636 ad

110 668 190 708 Ecl.
225 667 255 706 Ι.
288 669 449 718 princip.
483 668 526 705 ad
563 667 641 705 Ecl.
675 666 742 705 lll.
777 670 843 705 95.
887 668 925 704 ct
967 665 1168 717 aliquoties
1208 666 1251 704 ad
1296 665 1377 704 Ecl.
1410 666 1479 704 lx.
1519 670 1558 705 ut
1600 666 1749 704 dubium

110 749 181 776 uon
214 737 264 775 sit
295 737 382 787 quin
416 736 572 774 eundem
605 734 834 773 intellexerit
865 734 898 772 in
930 733 1049 771 Diris.
1119 734 1165 772 Et
1204 735 1238 772 in
1281 733 1440 786 Glossa-
1461 734 1508 772 V.
1549 734 1579 773 Ι.
1613 734 1749 786 ubique

114 806 245 845 Thoro
278 805 477 843 Milienus
511 809 592 853 est,
625 808 687 841 aut
720 803 848 842 Thoro
879 800 1122 853 simpliciter,
1154 805 1227 841 tum
1259 803 1293 841 in
1325 808 1547 852 argumento
1580 805 1751 841 carminis

110 875 207 922 isto,
242 873 338 926 quod
371 884 484 922 supra
515 872 725 922 adscripsi,
760 874 831 910 tum
863 870 908 909 ad
942 883 979 908 v.
1018 874 1051 908 1.
1083 874 1122 909 S.
1156 875 1222 909 31.
1255 875 1321 910 81.
1356 874 1422 910 85.
1457 871 1522 910 94.
1584 872 1750 922 Pompo-

110 944 192 981 nius
226 954 355 980 nomen
388 941 475 979 illud
509 954 557 978 ex
575 940 701 978 Probo
732 938 871 988 babet,
907 940 1011 978 cuius
1042 938 1140 978 baec
1170 942 1256 978 sunt
1287 941 1321 978 in
1353 941 1496 991 scripto
1529 941 1575 979 dc
1608 942 1751 979 ratione

110 1012 283 1050 carminis
316 1010 506 1049 bucolici:
538 1009 621 1049 Sed
652 1011 883 1049 insinuatus
910 1009 1096 1060 Anynsto
1125 1022 1199 1061 per
1227 1009 1451 1048 Cornelium
1476 1010 1633 1049 Gallum
1655 1023 1751 1048 con-

111 1080 351 1133 discipulum
394 1093 527 1128 sumn,
565 1080 783 1131 promeruit
823 1084 865 1117 nt
906 1091 1029 1129 ayt-os
1071 1091 1168 1118 snos
1207 1080 1416 1131 reciperet.
1478 1079 1534 1117 Et
1564 1092 1607 1118 eo
1636 1080 1754 1131 farem

111 1151 387 1188 concitaverat
419 1151 456 1187 in
490 1160 536 1187 se
567 1154 779 1187 veteranos
821 1147 947 1197 adeo,
987 1153 1029 1186 nt
1060 1161 1085 1185 a
1119 1148 1289 1187 Milleno
1326 1148 1478 1187 Torone
1505 1148 1754 1200 primipilari

108 1231 210 1271 pene
239 1220 294 1257 sit
312 1218 574 1269 interfectus,
608 1218 688 1256 nisi
709 1218 903 1268 fnyisset.
935 1222 977 1255 nt
999 1221 1250 1255 contestatur
1271 1219 1380 1268 ipse,
1414 1230 1497 1255 cnm
1524 1219 1603 1255 ait:
1638 1216 1754 1274 Quod

111 1288 194 1326 nisi
224 1300 281 1325 me
313 1299 551 1340 quacunque
582 1288 655 1323 etc.
690 1284 790 1332 (1301.
823 1284 892 1323 lx.
931 1287 992 1322 1⁴.
1025 1285 1129 1337 sqq.)
1163 1283 1305 1323 Glossa
1337 1285 1386 1323 V.
1409 1284 1439 1324 1.
1473 1288 1588 1324 utrum
1620 1285 1753 1324 Milic-

111 1367 194 1393 num
227 1367 277 1393 ex
317 1354 445 1393 eodem
485 1354 611 1392 Probo
652 1352 816 1403 babeat,
855 1365 899 1391 au
940 1365 989 1392 cx
1030 1353 1257 1404 Pomponio,
1300 1354 1407 1392 cuius
1438 1355 1482 1392 ad
1517 1354 1650 1403 Effinge.
1684 1354 1753 1392 Ill.

115 1426 180 1463 95.
217 1423 334 1461 verba
366 1436 414 1460 ex
446 1425 554 1473 parte
585 1421 717 1460 similia
755 1425 843 1460 sunt
882 1422 948 1470 iis,
991 1435 1085 1475 quac
1123 1422 1158 1460 in
1200 1421 1340 1461 Glossa
1378 1421 1577 1474 leguntur,
1625 1423 1754 1462 Thoro

113 1493 316 1532 fflilienns
362 1493 428 1530 eui
468 1497 577 1530 sorte
622 1491 859 1539 obvenerat,
903 1492 1080 1529 incertum
1126 1494 1197 1529 est.
1273 1490 1356 1529 Ncc
1394 1491 1557 1529 Domitio
1598 1492 1755 1540 ignotus

113 1562 314 1601 Milienus
347 1562 438 1608 suit,
478 1560 544 1598 sed
578 1560 729 1598 videtur
761 1559 963 1598 conciliare
994 1559 1169 1597 diversas
1201 1558 1441 1597 narrationes
1475 1558 1670 1604 voluisse,
1704 1561 1755 1598 ita

113 1634 153 1669 ut
191 1643 307 1681 penes
347 1630 485 1668 Arium
527 1628 614 1667 sive
660 1627 836 1678 Arrium,
887 1630 1170 1671 centurionem,
1211 1627 1401 1666 dividendi
1443 1641 1573 1666 munus
1611 1629 1753 1675 fuisse,

113 1700 286 1739 Ilffz'lz'eno
332 1701 452 1737 autem
495 1710 626 1747 agrum
666 1697 878 1746 contigisse
916 1695 1073 1745 Virgilii
1118 1698 1280 1748 putaret.
1340 1696 1433 1735 Nam
1466 1698 1499 1735 iu
1531 1702 1755 1746 argumento

108 1768 279 1808 Dirarum
313 1770 350 1806 ct
381 1767 425 1805 ad
461 1780 499 1805 v.
533 1770 599 1806 31.
631 1767 770 1805 Arium
802 1766 987 1814 uomiuatg
1020 1765 1064 1804 ad
1100 1780 1136 1803 v.
1169 1769 1208 1805 S.
1242 1766 1292 1804 ita
1324 1765 1487 1804 scribit:
1522 1766 1621 1805 (licit
1661 1779 1756 1818 erqo

109 1837 193 1876 tale
224 1850 329 1876 omen
361 1837 460 1875 Ario
494 1850 538 1875 se
570 1835 792 1874 dicturum:
825 1841 861 1874 et
895 1834 1109 1874 Milienmn
1144 1835 1285 1874 Torum
1316 1835 1572 1873 nominabant
1602 1849 1683 1874 enm
1715 1839 1754 1874 in

112 1918 186 1959 qno
219 1919 314 1957 affer
345 1907 566 1956 eontiyern!
606 1904 872 1955 Virgjz’linnns.
905 1903 984 1952 sic,
1021 1903 1191 1942 Torum:
1225 1904 1391 1941 fortasse
1424 1915 1444 1941 c
1476 1902 1618 1941 scholis
1641 1903 1752 1941 Pom-

111 1973 239 2024 ponii,
273 1973 337 2011 sed
376 1973 422 2010 ab
456 1973 628 2011 auditore
660 1985 731 2010 non
764 1973 858 2010 satis
896 1971 1070 2022 diligenti
1104 1973 1311 2022 perceptis.
1372 1971 1515 2010 Badius
1548 1984 1653 2009 tinum
1686 1984 1754 2009 uo·-

112 2043 168 2080 vit
199 2042 383 2089 Arriam,
419 2053 514 2093 quae
546 2042 741 2079 notissima
773 2053 793 2079 c
826 2041 966 2080 Servio
999 2043 1036 2078 et,
1068 2040 1156 2078 Vita
1175 2039 1330 2088 Virgilii
1364 2041 1526 2078 narratio
1559 2044 1629 2079 cst.
1693 2041 1754 2079 Ex

111 2111 240 2150 Probo
272 2111 484 2149 Illiliennm
510 2110 696 2148 Toronem
728 2110 836 2148 etiam
856 2108 1108 2147 Manciuellus
1130 2108 1243 2147 babet
1276 2109 1309 2146 iu
1343 2108 1456 2158 Virg.
1487 2108 1568 2147 Eut.
1600 2108 1670 2147 lx.
1691 2111 1755 2147 14.

113 2181 180 2219 sed
222 2182 424 2230 corrupto:
472 2180 572 2218 adeo
605 2185 647 2217 nt
678 2193 702 2217 a
736 2178 894 2217 Milone
937 2178 1089 2218 Torone
1125 2179 1370 2231 primipilari
1412 2192 1513 2232 pene
1542 2180 1598 2216 sit
1629 2180 1754 2217 inter-

111 2252 247 2303 fectus
289 2251 329 2286 ni
366 2248 561 2299 libyis-sel.
623 2247 730 2286 llaec
776 2249 941 2285 fortasse
985 2247 1112 2297 putida
1153 2246 1352 2295 diligentia
1392 2250 1627 2298 exsequutus
1668 2260 1756 2285 esse

115 2318 304 2356 videbor:
338 2317 403 2354 sed
438 2316 535 2354 uolui
569 2316 750 2365 brevius,
792 2317 876 2369 quia
915 2317 948 2353 iu
993 2315 1071 2365 his,
1114 2317 1303 2368 (litaturis,
1346 2318 1383 2355 ut
1423 2328 1518 2354 nuuc
1556 2315 1754 2365 leguntur,

114 2388 229 2435 nugis
270 2388 357 2424 sunt
396 2385 601 2434 simillima,
640 2385 776 2437 aliquid
821 2388 941 2424 tamen
984 2385 1112 2423 inesse
1156 2385 1237 2423 veri
1279 2387 1418 2436 potest.
1481 2384 1575 2438 Quid
1608 2385 1756 2422 taudem

115 2458 199 2503 est,
233 2455 264 2492 si
297 2466 372 2492 rem
404 2458 578 2492 acciu·atc
609 2457 719 2506 atque
761 2455 937 2505 opinione
979 2466 1049 2492 non
1093 2454 1345 2504 praeiudicata
1384 2454 1616 2504 perpendas,
1657 2454 1753 2504 quod

115 2523 315 2574 impediat,
348 2522 542 2574 quominus
575 2527 834 2561 veteranorum
867 2524 1034 2571 nomina,
1069 2523 1287 2574 quibuscum
1311 2523 1538 2561 tristissimis
1564 2522 1637 2559 illis
1659 2526 1754 2559 tem-

115 2593 273 2644 poribus
305 2590 586 2629 contlictaudum
620 2591 785 2629 innoxiis
816 2593 964 2641 poetis,
1000 2592 1135 2631 (latoni
1168 2604 1260 2629 vero
1294 2593 1402 2629 etiam
1436 2591 1636 2629 cedendum
1669 2590 1755 2637 t'ni‘t,

116 2661 241 2700 multis
278 2660 339 2698 illa
382 2660 465 2709 ipsa
504 2661 626 2697 aetate
667 2657 879 2698 bominibus
921 2661 1155 2708 innotuisse,
1207 2663 1362 2711 postea,
1410 2673 1516 2712 quum
1557 2660 1590 2697 in
1631 2672 1757 2696 manus

117 2730 440 2779 grammatie‹n·um
486 2727 746 2779 rhetorumque
787 2728 822 2767 hi
866 2733 1000 2780 poetae
1040 2730 1259 2776 venisseut,
1303 2732 1478 2766 annotata
1517 2729 1551 2765 iu
1594 2728 1645 2765 rei
1678 2740 1755 2765 me-

119 2800 268 2837 moriam
301 2810 411 2847 esse,
455 2797 613 2848 indeque
644 2797 688 2834 ad
722 2800 873 2836 nostros
905 2798 1099 2845 Donatus,
1141 2812 1234 2850 quos
1276 2810 1371 2836 unne
1410 2797 1591 2845 legimus,
1636 2795 1756 2833 devo-

121 2869 227 2905 nisse
258 2862 458 2918 putemus?
490 2864 609 2911 Mihi,
641 2866 781 2914 fateor,
815 2879 933 2918 neque
965 2866 1206 2915 incredibile,
1240 2879 1358 2917 neque
1386 2867 1532 2912 mirmu,
1565 2865 1596 2902 si
1629 2877 1757 2901 verum

121 2934 246 2974 militis
266 2947 419 2984 nomen,
451 2934 531 2971 eius
559 2944 712 2985 quocum
734 2946 794 2971 res
818 2934 980 2984 Virgilio
1004 2936 1093 2982 suit,
1118 2939 1381 2973 conservatum
1403 2935 1525 2972 suerit.
1587 2932 1758 2981 Deinde,

125 3016 218 3056 quae
252 3006 371 3043 tamen
404 3004 473 3043 iam
505 3001 627 3052 magis
658 3000 801 3042 lubrica
833 3004 1046 3043 coniectura
1078 3008 1161 3053 est,
1207 3008 1243 3043 et
1287 3004 1344 3042 cni
1385 3015 1454 3040 non
1497 3002 1580 3052 plus
1614 3002 1755 3048 tribuoI
