2006 3365
516 194 570 235 IN
607 192 827 235 VALERII
863 191 1100 234 CATONIS
1136 191 1317 233 DIRAS.
1666 193 1734 236 99

91 323 197 363 qnam
229 310 450 358 transitive,
483 313 522 349 ut
553 310 809 348 accusativum
841 310 930 361 post
960 321 1003 347 se
1034 309 1212 359 recipiat,
1246 308 1338 353 dici,
1372 307 1405 345 id
1439 308 1559 345 tamen
1591 316 1733 343 conce-

91 379 248 417 dendum
279 378 450 427 videtur,
490 390 575 416 raro
607 379 658 417 ita
689 377 776 416 dici.
865 377 1005 427 Addo,
1045 377 1141 430 quod
1174 378 1345 428 proxime
1375 376 1419 415 ad
1454 373 1634 414 Catonem
1664 385 1733 412 ac-

91 447 209 494 cedit,
241 446 365 485 Plaut.
398 444 510 497 Capt.
542 446 613 485 111.
648 462 700 495 iv,
738 449 800 484 16.

320 515 385 554 Ne
413 521 481 563 ta,
516 516 622 569 qnod
652 516 747 554 istic
775 514 1005 566 fabuletur,
1038 525 1149 551 aures
1182 513 1354 552 immittas
1388 514 1486 552 tuas.

93 583 208 624 Plena
239 584 353 623 dictio
385 583 482 635 apud
515 584 702 632 eumdem,
734 582 845 633 Epid.
876 581 947 620 111.
981 596 1004 626 ι,
1047 583 1111 618 14.

177 654 294 691 areis
336 652 498 691 coniecit
537 652 589 691 ls.
623 650 788 690 Vossius
826 651 863 689 in
903 662 1023 698 marg.
1064 648 1124 687 ed.
1167 648 1317 697 Scalig.
1356 650 1473 687 1573.
1518 649 1737 701 infudimus

94 720 234 760 Badius
266 721 383 760 edidit
415 722 527 760 tertia
558 720 724 759 editione
756 731 847 769 sua,
878 719 991 771 idque
1022 717 1209 769 explicat:
1243 720 1281 756 si
1311 731 1383 757 nos
1415 718 1634 769 infudimus
1665 720 1738 756 mi-

93 803 170 830 nus
201 792 285 829 tuis
318 792 420 829 aris.
454 793 479 829 i.
511 802 585 828 non
617 790 724 828 satis
757 787 1083 839 sacrificavimus
1121 800 1193 826 nee
1225 787 1402 825 dedimus
1436 792 1477 824 ut
1507 786 1590 825 tale
1622 785 1738 825 bene-

91 859 221 911 ficium
252 872 480 898 mereamur.
523 856 590 895 sed
624 856 660 894 in
692 856 884 907 prioribus
914 858 1018 894 recte
1050 855 1294 907 infundimus
1327 854 1487 904 editum,
1528 858 1566 893 et
1597 852 1632 892 in
1665 866 1739 892 ex-

94 927 325 978 plicatione:
359 926 642 978 sacrificamus
674 946 725 952 —
761 925 917 964 damus.

180 996 239 1034 De
270 995 428 1034 consilio
461 997 599 1045 poetae
631 995 681 1032 cf.
713 994 759 1032 ad
793 1007 831 1032 V.
866 996 932 1032 48.
965 994 1003 1031 et
1035 996 1101 1031 55.
1134 993 1284 1030 monita.
1346 991 1397 1031 Ut
1426 994 1513 1031 ante
1544 1003 1655 1042 mare,
1687 991 1741 1030 ita

95 1075 193 1102 nunc
223 1075 339 1115 aquas
371 1062 545 1105 invocat,
589 1064 627 1101 et
657 1060 827 1113 postulat
857 1061 902 1100 ad
935 1061 1177 1100 evertendum
1208 1074 1361 1109 agrum,
1400 1073 1489 1110 eas,
1528 1072 1623 1113 qnae
1655 1062 1742 1100 sunt

94 1133 128 1171 in
161 1135 273 1171 terra.
335 1131 463 1183 Atque
502 1135 540 1169 ut
578 1130 702 1182 paullo
744 1134 831 1169 ante
872 1143 912 1168 v.
946 1133 1012 1169 48.
1045 1142 1130 1183 sqq.
1171 1142 1242 1168 non
1282 1130 1406 1168 statim
1445 1133 1665 1169 accesserat
1695 1128 1741 1168 ad

95 1199 422 1251 imprecationem,
455 1200 523 1238 sed
555 1200 747 1251 praefatus
779 1201 861 1239 erat
891 1196 1145 1237 sollemniter:
1201 1199 1365 1247 Undae,
1399 1197 1582 1247 Littera,
1615 1200 1741 1238 Acci-

89 1272 176 1322 pite
205 1270 284 1308 lias
316 1281 459 1307 voees:
499 1269 551 1307 ita
581 1267 698 1313 haec,
733 1280 827 1320 quae
859 1279 897 1305 v.
932 1270 999 1305 63.
1034 1268 1071 1305 4.
1105 1271 1142 1306 5.
1178 1271 1214 1305 6.
1256 1267 1455 1317 leguntur,
1497 1267 1742 1317 praefationis

94 1338 179 1377 loco
212 1336 384 1375 habenda
415 1338 515 1375 sunt.
574 1336 672 1375 Dein
705 1336 889 1375 devovet.
950 1335 1078 1387 Atque
1112 1340 1150 1375 ut
1181 1336 1229 1373 ibi
1272 1336 1366 1374 modi
1399 1335 1614 1374 eversionis
1646 1335 1739 1384 duo,

98 1406 193 1444 duae
225 1405 433 1456 imagines,
475 1406 594 1456 primo
627 1408 666 1444 ut
695 1406 832 1457 Syrtis
870 1404 934 1443 fiat
965 1416 1084 1454 ager,
1123 1405 1257 1443 deinde
1297 1408 1335 1443 ut
1363 1405 1492 1457 ferum
1521 1417 1650 1444 mare:
1691 1405 1742 1444 ita

96 1473 158 1513 hle
189 1475 311 1513 onmia
343 1474 474 1513 ordine
506 1475 745 1525 persequitur
776 1474 979 1525 tripartito.
1038 1473 1121 1512 Non
1155 1478 1193 1512 ut
1225 1474 1295 1511 tria
1327 1473 1399 1512 ista
1430 1472 1538 1511 simul
1569 1473 1743 1512 accidant

95 1555 217 1592 agro,
262 1554 383 1594 neque
416 1545 455 1581 ut
486 1555 591 1580 unum
622 1545 709 1592 post
741 1542 916 1580 alterum:
960 1542 1027 1580 sed
1060 1545 1098 1580 ut
1127 1546 1190 1581 ant
1223 1540 1293 1579 hoc
1325 1541 1495 1591 accidat,
1537 1544 1600 1580 aut
1630 1541 1741 1590 illud,

95 1613 160 1650 aut
191 1611 352 1662 denique
384 1611 545 1650 tertium.
606 1611 772 1649 Prorsus
812 1613 851 1649 ut
889 1611 924 1648 in
967 1609 1074 1649 Ibide
1107 1610 1253 1650 Ovidii.
1315 1609 1585 1651 Commemorat
1621 1614 1742 1650 autem

97 1679 215 1730 primo
247 1679 463 1729 perniciosa
493 1679 620 1729 agris,
653 1679 736 1717 dum
768 1678 999 1729 redundant,
1032 1682 1070 1718 et
1095 1691 1240 1718 cursum
1264 1682 1425 1730 nnitant,
1458 1679 1622 1718 flumina:
1655 1679 1743 1718 inde

94 1760 118 1786 a
154 1761 192 1786 v.
227 1749 294 1786 δῖ.
355 1747 491 1787 deinde
523 1751 726 1787 nascentes
757 1761 778 1787 e
809 1749 911 1786 terra
942 1747 1122 1799 paludes:
1157 1761 1194 1787 v.
1229 1749 1294 1787 72.
1328 1751 1367 1788 3.
1400 1751 1439 1787 4.
1487 1748 1647 1801 denique
1676 1760 1743 1787 rc-

93 1817 280 1855 manentia
312 1817 347 1855 in
380 1815 534 1867 planitie
567 1829 616 1855 ex
648 1817 864 1856 torrentium
904 1817 1052 1855 incursu
1095 1821 1254 1867 stagna:
1298 1831 1336 1856 v.
1370 1819 1435 1856 76.
1467 1830 1575 1870 seqq.
1637 1816 1743 1870 Quae

95 1886 219 1923 onmia
250 1888 425 1924 accurate
457 1885 652 1934 distinxit,
684 1885 828 1925 inserto
860 1886 940 1924 suis
970 1886 1066 1925 locis
1098 1899 1212 1925 versu
1246 1885 1478 1936 intercalari,
1509 1900 1549 1925 v.
1582 1888 1647 1925 71.
1675 1889 1742 1925 75.

97 1953 189 1992 lllud
223 1955 291 1993 iam
324 1966 394 1993 non
436 1953 595 2005 amplius
640 1955 675 1993 in
717 1957 839 1993 mente
879 1953 1015 2004 habet,
1057 1955 1154 2007 quod
1198 1967 1312 2005 supra
1351 1958 1593 2005 exornatum,
1635 1967 1740 1994 com-

98 2023 244 2061 bustum
276 2024 319 2062 iri
351 2035 503 2072 agrum,
537 2026 733 2076 antequam
766 2023 977 2063 inundetur.
1019 2022 1136 2064 Certe
1161 2023 1260 2062 nulla
1291 2025 1325 2061 in
1357 2022 1416 2061 his
1448 2036 1543 2075 quae
1574 2036 1742 2076 sequun-

98 2095 170 2141 tur,
204 2104 321 2144 usque
351 2092 396 2130 ad
430 2092 558 2141 finem,
591 2092 775 2142 incendii,
807 2092 904 2145 quod
937 2092 1212 2143 praecesserit,
1243 2092 1381 2132 mentio
1413 2096 1484 2132 est.

184 2227 232 2266 V·
267 2231 332 2267 64-
394 2238 635 2278 BATTARE,
672 2239 964 2273 FLUMlNlBUs
990 2239 1051 2273 TU
1080 2239 1297 2273 NOSTROS
1323 2239 1479 2273 TRADE
1505 2239 1742 2275 DOLORES.

99 2299 250 2336 nostris
282 2297 389 2336 Mon.
411 2297 441 2336 Ι.
467 2297 514 2336 11.
549 2298 655 2337 Vrat.
680 2299 710 2337 1.
758 2297 844 2337 Non
875 2299 995 2349 probo
1027 2298 1218 2350 Scaliger-i
1251 2298 1541 2350 explicationem
1572 2299 1619 2339 ad
1651 2312 1743 2339 ver-

99 2379 178 2404 sum
210 2367 385 2415 praeced.
420 2367 664 2416 propositam.
711 2367 870 2407 dolores
910 2368 1061 2419 proprie
1099 2367 1188 2407 dicit
1220 2368 1316 2408 Cato
1354 2381 1443 2418 eos,
1481 2369 1618 2421 quibus
1659 2371 1742 2421 ipse

101 2442 258 2485 propter
288 2436 457 2473 amissum
486 2448 615 2484 agrum
641 2436 820 2486 afficitur,
848 2439 1042 2488 natamque
1067 2436 1153 2475 in'de
1179 2436 1488 2486 indignationem.
1522 2437 1741 2488 Committe,

102 2504 241 2554 inquit,
274 2506 310 2541 et
343 2504 554 2541 rennuenda
584 2503 737 2543 dolores
770 2517 873 2543 meos
905 2504 1137 2553 fluminibus,
1180 2507 1218 2543 ut
1250 2505 1476 2544 ulciscantur
1506 2506 1639 2545 factam
1672 2518 1743 2544 no-

102 2572 162 2610 bis
196 2572 375 2609 iniuriam.
420 2571 480 2609 Ac
504 2571 657 2611 Battaro
690 2573 761 2612 hoc
790 2574 963 2622 mandat,
995 2575 1081 2625 quia
1111 2575 1192 2625 ipse
1225 2587 1295 2613 non
1327 2574 1483 2626 amplius
1509 2573 1626 2614 habet
1648 2575 1743 2613 ade-

102 2641 189 2678 undi
221 2644 330 2691 atque
364 2639 545 2677 exorandi
576 2640 722 2680 flumina
752 2644 1004 2693 potestatem:
1046 2644 1223 2681 Battarus
1256 2655 1348 2682 vero
1380 2642 1516 2692 habet,
1551 2644 1744 2682 restiterat

103 2709 199 2747 enim
232 2709 266 2746 in
300 2707 403 2745 villa.
466 2705 525 2745 Cl'-
558 2721 672 2759 supra
713 2710 906 2761 disputata
945 2711 991 2749 de
1023 2711 1190 2750 Battaro.
1251 2711 1464 2762 Neptunum
1497 2713 1580 2763 ipse
1611 2709 1745 2762 implo-

104 2789 188 2815 rare
220 2775 317 2816 Cato
350 2778 521 2826 poterat3
554 2775 700 2815 flumina
730 2780 930 2831 fontesque
961 2783 1200 2830 praesentem
1233 2781 1392 2819 adorare
1424 2780 1546 2819 decet.

190 2914 240 2952 V.
274 2916 339 2952 65.
383 2921 487 2955 ΝΛΜ
509 2921 602 2954 Tlssl
630 2922 754 2956 SUNT
778 2923 978 2965 FONTES,
1005 2927 1098 2959 'rim
1125 2927 1314 2960 SEMPER
1340 2925 1550 2960 FLUMINA
1578 2925 1746 2962 AMICA.

105 2980 182 3022 Cur
213 2985 342 3021 amica
376 2981 529 3019 Batiai-o
562 2980 635 3017 sint
669 2980 833 3031 flumina,
866 2996 1024 3023 caussas
1061 2987 1350 3024 comminiscitur
1382 2984 1662 3023 Wernsdortius
1695 2998 1746 3026 ex

105 3063 173 3089 sua
206 3051 381 3101 opinione
415 3051 461 3088 de
486 3050 656 3088 Battara
683 3050 851 3100 garrulo,
878 3053 962 3091 sive
986 3052 1153 3103 querulo,
1177 3053 1456 3091 conviciatore:
1489 3053 1536 3091 cf.
1560 3053 1745 3094 Addenda

1410 3125 1470 3167 7.
