2006 3365
219 141 247 183 1
256 141 319 183 16
790 129 1318 172 ANIMADVERSIONES

222 252 407 290 tensionis
440 250 578 295 hahet,
612 247 774 285 eamdem
799 246 917 285 brevi
950 245 1075 295 spatio
1106 244 1167 282 bis
1199 244 1326 282 inferri
1360 256 1513 282 vocem:
1550 243 1779 282 monebimus
1810 244 1871 281 in-

222 322 309 364 fra,
343 323 380 358 et
412 319 548 369 passim
581 315 710 363 locos,
744 315 805 366 qui
835 314 906 353 hac
938 314 984 352 de
1016 325 1153 351 caussa
1185 313 1311 350 vitiosi
1345 311 1406 350 vel
1434 312 1592 352 Heinsio
1625 313 1871 361 videbantur,

222 388 285 425 vel
320 388 552 427 Burmanno,
587 383 871 422 vindicavimus.
920 383 975 421 At
1007 382 1138 420 eodem
1170 393 1258 419 casu
1291 381 1450 431 positam
1478 382 1624 432 repeti,
1658 384 1697 419 et
1727 380 1873 419 duobus

225 456 404 493 versibus
436 453 627 491 continuis
659 452 787 490 inferri
821 455 892 490 tam
925 452 1023 490 inter
1054 462 1096 488 se
1127 450 1262 488 similia
1294 452 1406 501 atque
1432 450 1622 502 aequalia,
1655 449 1768 488 civili
1792 451 1874 487 cri-

223 527 346 571 mine,
388 529 616 574 praetorum
659 523 843 569 crimine,
884 520 918 558 id
960 532 1054 558 vero
1096 519 1352 557 inconcinnum
1391 520 1503 570 atque
1542 519 1721 564 ieiunum,
1765 517 1873 555 etiam

226 592 376 631 Catoni.
439 590 565 644 Quare
597 590 793 641 sapienter
823 589 885 627 alii
918 588 1207 636 nominativum,
1251 586 1310 624 vel
1348 588 1587 635 vocativum,
1620 586 1874 636 reponendum

227 672 318 699 esse
351 661 596 699 censuerunt.
629 661 669 696 ut
701 659 751 696 sit
783 657 1044 708 epexegesis,
1075 657 1160 695 sive
1183 657 1385 706 appositio.
1436 655 1502 694 Sic
1525 655 1756 703 Salmasius,
1780 654 1874 692 Bur-

225 740 356 767 manno
390 728 601 773 referente,
634 727 789 779 legebat
821 734 1025 779 raptorum
1057 729 1222 773 crimen,
1257 728 1295 764 et
1326 725 1506 763 Heinsius
1535 731 1762 776 praetorum
1791 725 1875 761 cri—

224 812 331 846 men,
373 797 468 849 quod
512 797 631 835 edidit
662 796 965 836 Wernsdorfius.
1035 795 1170 834 Mirum
1210 806 1328 842 vere,
1370 795 1514 832 crimen
1552 792 1728 830 maluisse
1768 792 1876 830 viros

226 870 362 905 doctos
394 879 522 918 quam,
555 866 650 917 quod
684 865 859 903 librorum
893 864 1119 902 auctoritate
1147 865 1284 900 tantum
1310 874 1382 900 non
1411 862 1567 899 omnium
1591 860 1876 911 comprobatur,

226 938 406 974 erimina.
467 935 647 973 Fortasse
679 933 886 972 haeserunt
918 934 953 970 in
987 931 1167 970 elisione:
1210 931 1257 968 de
1297 944 1367 983 qua
1407 931 1500 969 satis
1541 943 1608 968 nos
1640 930 1736 967 infra
1769 928 1876 967 niss.

227 1005 296 1043 111.
331 1006 494 1044 crimina
526 1004 638 1042 etiam
670 1001 828 1041 volebat
859 1000 1063 1050 Scaliger,
1095 1000 1166 1038 nisi
1200 999 1323 1038 fallor.
1372 1000 1607 1050 Aptissimus
1638 1001 1759 1037 autem
1791 996 1876 1048 plu-

230 1074 320 1112 ralis
353 1076 537 1120 crimina,
581 1084 688 1123 quum
728 1071 852 1109 statim
894 1073 1072 1121 sequatur
1104 1068 1259 1120 pluralis
1292 1069 1430 1119 asselli'.
1492 1068 1596 1107 Bona
1638 1070 1698 1105 est
1730 1066 1876 1104 Heinsii

230 1143 273 1180 ad
307 1142 344 1180 h.
378 1141 403 1179 l.
436 1141 682 1186 observatio,
716 1141 773 1177 sic
804 1138 929 1177 solere
963 1136 1143 1176 Catonem
1175 1138 1331 1188 aqetlos
1364 1137 1490 1175 dicere
1513 1150 1625 1185 suos,
1658 1148 1729 1174 non
1763 1135 1878 1186 (tyel-

229 1213 318 1250 lum.
380 1208 441 1248 Cf.
476 1222 514 1246 v.
549 1211 615 1246 45.
658 1216 819 1247 nostros
860 1207 1019 1257 ayellos
1060 1209 1097 1244 et
1134 1220 1258 1257 (tyros
1291 1220 1329 1244 v,
1363 1210 1429 1244 52.
1490 1213 1650 1244 nostros
1682 1218 1807 1256 (tyros
1841 1217 1878 1241 v·

233 1282 297 1318 70.
344 1292 448 1317 meos
482 1290 605 1328 (tyros
639 1290 679 1314 v.
714 1280 779 1315 79.
843 1279 880 1314 et
911 1287 1042 1313 rursus
1085 1275 1210 1325 ayelli
1249 1287 1296 1312 ex
1341 1286 1429 1311 vera
1461 1274 1611 1312 Heinsii
1650 1275 1879 1324 interpreta-

232 1350 357 1395 tione,
392 1361 430 1384 v.
464 1350 529 1384 90.
578 1345 681 1383 Add.
709 1344 791 1382 Ecl.
828 1348 864 1382 1.
896 1347 935 1382 S.
969 1346 1035 1381 20.
1080 1342 1194 1394 Quam
1228 1344 1300 1380 vim
1332 1341 1472 1380 haheat
1501 1341 1659 1392 pluralis
1690 1344 1879 1390 crimina,

232 1430 278 1454 an
311 1419 411 1455 sorte
445 1415 696 1453 contiimatam
725 1413 1037 1459 criminationem,
1071 1415 1108 1449 et
1134 1412 1265 1450 iterum
1292 1412 1495 1462 iterumque
1516 1410 1743 1449 inferendam
1767 1422 1883 1461 prae-

234 1485 382 1523 toribus
415 1483 630 1532 significet,
675 1481 784 1519 nolim
817 1481 945 1533 quaeri
979 1481 1179 1519 curiosius.
1241 1479 1332 1517 Nam
1375 1479 1446 1517 etsi
1476 1478 1694 1531 plerumque
1725 1478 1884 1530 aliquam

236 1554 418 1591 eiusmodi
452 1551 584 1603 plurali
624 1551 696 1588 vim
728 1551 772 1588 ad
806 1550 1017 1598 augendam
1050 1549 1101 1586 rei
1134 1548 1428 1597 magnitudinem
1452 1548 1581 1586 inesse
1612 1548 1779 1597 sentias,
1812 1559 1883 1585 non

237 1635 388 1672 semper
419 1625 538 1660 tamen
571 1622 747 1658 accurate
779 1619 923 1656 definiri
957 1617 1164 1669 verbisque
1195 1615 1378 1667 explicari
1416 1619 1565 1666 potest,
1607 1629 1700 1668 quae
1732 1615 1793 1653 illa
1824 1616 1886 1653 vis

239 1693 311 1731 sit:
346 1695 383 1729 et
415 1694 501 1728 sunt
532 1689 628 1736 loci,
662 1688 797 1740 quibus
829 1685 918 1725 nihil
953 1687 1162 1736 scriptores
1185 1684 1248 1722 illo
1272 1683 1406 1735 plurali
1432 1684 1554 1731 aliud,
1589 1685 1658 1722 nisi
1684 1683 1885 1735 pleniorem

238 1760 428 1811 quemdam
462 1771 613 1803 sonum,
647 1762 708 1795 aut
741 1757 786 1794 ab
820 1755 1026 1793 insolentia
1058 1753 1306 1807 elegantiam,
1341 1755 1403 1791 aut
1435 1753 1727 1792 commoditatem
1759 1753 1885 1797 metri,

240 1829 482 1879 quaesivisse
515 1827 634 1864 dicas.
696 1825 880 1871 Ovidius,
920 1824 1091 1863 Porsono
1132 1823 1177 1860 ad
1212 1822 1339 1872 Eurip.
1373 1822 1502 1862 Orest.
1542 1825 1658 1860 1051.
1692 1821 1886 1865 laudatus,

240 1911 347 1949 quum
379 1897 468 1934 dicit
500 1896 698 1947 clypeum,
734 1895 883 1932 laevae
913 1894 1140 1944 [le-stamina
1165 1900 1349 1939 nostrae,
1377 1904 1421 1929 an
1448 1903 1585 1940 magno
1610 1890 1778 1941 pondere
1801 1890 1888 1940 cly-

240 1978 345 2016 peum
380 1965 506 2002 dicere
538 1964 721 2011 voluerit,
755 1964 934 2000 incertum
968 1964 1045 1999 cst:
1080 1961 1210 1999 eodem
1235 1962 1331 2001 iure,
1366 1961 1397 1997 si
1422 1960 1595 1998 licuisset
1620 1971 1689 2009 per
1713 1963 1889 2007 metrum,

240 2042 442 2085 yesmmen
476 2033 728 2081 scripsisset,
760 2035 799 2069 ut
831 2033 891 2068 est
924 2030 1019 2080 apud
1047 2029 1272 2078 Virgilium:
1307 2030 1494 2080 aspectui,
1527 2031 1658 2079 maqni
1687 2035 1890 2079 yeslumen

243 2103 433 2141 Abantis.
498 2101 640 2139 Addam
674 2101 779 2138 locos
813 2099 1011 2137 nonnullos
1044 2099 1246 2149 Propertii.
1280 2098 1326 2136 ll.
1362 2114 1420 2146 ιν,
1457 2101 1518 2136 15.
1582 2097 1688 2136 Nam
1721 2100 1784 2136 cni
1815 2110 1892 2135 non

242 2186 315 2223 ‘²90
347 2185 432 2210 sum
461 2171 612 2222 fallaci
643 2171 804 2219 praemia
838 2165 954 2207 rati?
1000 2168 1070 2206 IV.
1106 2184 1130 2211 ι,
1167 2171 1230 2206 10.
1267 2168 1378 2207 Unus
1412 2173 1498 2205 era!
1528 2167 1702 2218 fratrum
1734 2167 1893 2204 maxima

246 2251 367 2289 regna
398 2241 532 2290 focus.
585 2240 633 2276 Et
665 2240 699 2275 in
734 2238 791 2275 his
824 2237 970 2289 quidem
1002 2237 1149 2275 duobus
1182 2236 1276 2274 loeis
1308 2237 1401 2274 satis
1433 2240 1563 2286 aperta
1595 2236 1732 2273 numeri
1764 2234 1891 2285 plura-

247 2309 294 2347 lis
329 2310 387 2346 vis
422 2311 493 2347 est.
557 2307 760 2355 Significat
798 2320 839 2343 se
881 2318 951 2344 non
985 2304 1122 2351 semel,
1164 2316 1234 2343 nec
1266 2303 1423 2353 leviter,
1468 2303 1533 2342 sed
1567 2316 1703 2354 saepe,
1745 2307 1783 2342 et
1815 2315 1893 2341 cum

247 2378 361 2416 multo
392 2377 575 2428 pecuniae
608 2376 761 2423 alanino,
804 2375 977 2425 praedam
1009 2376 1145 2413 sactum
1178 2384 1267 2411 esse
1297 2374 1445 2410 vatum:
1488 2373 1583 2424 quod
1616 2385 1685 2411 nos
1716 2373 1893 2422 dicimus,

250 2448 333 2485 eine
356 2444 554 2485 Mellzlzuli.
602 2444 642 2482 In
675 2445 794 2482 altero
827 2444 910 2482 loco
943 2444 1139 2481 manifesta
1171 2445 1231 2480 est
1261 2441 1474 2491 oppositio,
1507 2455 1608 2481 unus
1638 2443 1781 2494 focus,
1807 2454 1895 2479 ma-

250 2518 356 2555 xima
390 2528 527 2566 reyna.
579 2512 637 2552 Ct'.
668 2514 717 2552 ll.
740 2528 840 2560 xxv,
865 2516 931 2551 48.
998 2512 1086 2551 Una
1118 2512 1174 2549 sil
1204 2517 1243 2549 et
1283 2512 1415 2549 cnivis
1452 2512 1602 2562 semina
1639 2509 1749 2548 multa
1786 2508 1894 2547 mala.

253 2584 415 2623 Ovidius
449 2583 556 2621 lbide
589 2596 628 2619 v.
649 2585 742 2619 222.
792 2584 984 2639 Quaeque
1015 2582 1101 2620 dics
1136 2579 1248 2627 Ibin,
1282 2578 1432 2629 publica
1459 2579 1610 2628 damna,
1641 2579 1745 2618 tulit.
1787 2576 1896 2617 Con-

253 2656 311 2691 tra
341 2653 437 2702 apud
473 2651 638 2689 eumdem
673 2651 907 2701 Propertium
940 2650 969 2688 Ι.
1004 2665 1046 2697 11,
1079 2652 1146 2687 32.
1205 2648 1350 2686 Taedia
1388 2648 1476 2687 dum
1512 2650 1684 2688 miserae
1713 2651 1796 2686 sint
1824 2647 1897 2685 tibi

254 2722 463 2768 luxuriae,
515 2719 650 2758 nullam
696 2720 837 2758 taedia
876 2718 1034 2769 pluralis
1073 2717 1260 2768 propriam
1300 2717 1373 2754 vim
1413 2716 1547 2767 habet,
1588 2715 1656 2754 sed
1694 2717 1784 2766 apte
1822 2715 1896 2754 sibi

256 2790 487 2841 respondent
517 2789 656 2828 taedia
688 2793 726 2826 et
757 2788 965 2835 luxuriae,
1000 2788 1039 2824 ut
1069 2786 1165 2836 apud
1200 2785 1379 2825 Catonem
1411 2787 1575 2824 crimina
1609 2787 1648 2823 et
1677 2784 1813 2835 aqelli.
1845 2783 1894 2823 ΙΙ.

260 2874 394 2907 xxxu,
428 2862 466 2896 2.
497 2856 583 2895 milii
617 2868 763 2909 quoquc
797 2867 893 2906 prae>
916 2855 1077 2903 vulgato
1107 2855 1216 2906 facti
1246 2856 1410 2893 crimina
1440 2855 1564 2893 lumen
1593 2852 1733 2900 habet,
1767 2864 1897 2891 emen—

258 2928 359 2965 datio
391 2926 516 2976 placet
548 2925 716 2972 Heinsii,
747 2925 856 2976 facti
886 2924 1033 2962 lumina
1056 2927 1199 2962 crimen
1224 2923 1382 2962 habent.
1436 2924 1636 2961 Amatores
1662 2934 1768 2972 quum
1789 2920 1896 2972 puel-

259 2995 338 3044 las,
376 2996 512 3033 blanda
543 2993 823 3045 appellatione,
866 3006 943 3032 sua
980 2992 1157 3044 yaudia,
1201 3006 1302 3031 suas
1346 2992 1540 3040 delicias,
1581 3003 1679 3030 suos
1718 3003 1895 3039 amores,
