2006 3365
485 136 540 176 IN
573 136 790 176 VALERll
822 135 1058 177 CATONIS
1089 134 1268 176 DIRAS.
1630 138 1698 183 89

60 254 125 292 ris.
157 251 207 291 11.
239 250 310 291 ΠΙ.
350 253 389 290 et
419 251 491 290 nisi
528 251 658 297 fallor,
691 251 762 292 lV.
801 254 873 290 tum
905 251 940 289 in
974 251 1140 291 Romana
1170 250 1220 290 ΙΙ.
1261 252 1298 291 ct
1328 248 1436 289 Vrat.
1470 248 1519 289 11.
1579 263 1696 289 reuo-

59 335 182 360 easse
212 321 386 360 Venetae
415 319 517 358 Rub.
549 320 650 359 lens.
684 332 763 359 cum
796 319 947 359 Viccnt.
980 319 1098 358 Voss.
1130 319 1180 358 ll.
1213 322 1251 358 et
1282 319 1424 371 reliquo
1454 330 1581 368 grege
1612 331 1696 357 suo.

58 391 285 438 reuocasri,
328 388 425 441 quod
459 401 595 427 versus
629 390 693 427 Π.
735 401 862 427 verum
899 401 987 426 csse
1025 388 1190 436 evincit,
1231 388 1382 439 primum
1420 387 1629 426 restitutum
1660 387 1697 425 in

57 457 311 497 Ascensianis
341 459 379 495 et
408 456 574 495 Aldinis.
635 460 672 496 ct
702 457 760 495 sic
791 468 887 495 nunc
926 457 960 494 in
1000 455 1173 506 exemplo
1206 456 1309 506 Lips.
1341 455 1513 495 Venetae
1543 455 1644 494 lens.
1675 467 1698 494 a

57 538 164 565 manu
195 525 255 566 Gl.
317 525 422 578 Quae
454 538 581 564 manus
613 527 722 564 etiarn
754 524 931 562 distinxit
963 527 1087 562 reete:
1132 524 1196 562 Tr.
1228 525 1333 563 hoe:
1364 526 1547 563 memini:
1579 537 1697 564 reuo-

58 597 167 635 casti
197 599 270 633 etc.
316 606 397 632 nam
430 593 550 643 vulgo
582 593 681 632 nulla
713 593 774 631 hic
805 593 840 630 in
874 592 980 630 libris
1012 591 1218 630 distinctio.
1279 592 1347 631 Sic
1376 594 1527 631 memini
1557 592 1696 631 inseri-

58 667 117 703 tur
147 664 194 702 ab
228 663 368 703 Ovidio
400 663 502 702 Fast.
536 663 605 702 IV.
638 663 732 701 377.
801 662 936 700 Tertia
966 661 1060 709 lus,
1099 662 1270 709 memini,
1310 660 1419 699 ludis
1450 669 1552 700 erat.
1610 661 1695 700 Non

58 733 166 783 capio
200 732 518 781 Wernsdorlium,
559 732 618 783 qui
659 743 902 770 revocasses
943 729 1068 780 aptius
1105 730 1233 779 putat,
1275 731 1314 767 et
1349 731 1499 768 memini
1536 730 1697 780 positum

57 812 147 839 csse
178 813 245 851 pro
277 802 482 849 existimo,
517 799 577 837 vel
610 798 741 838 eredo.

148 870 190 909 T.
230 870 329 909 haee
367 870 517 908 memini
555 868 662 907 Rom.
697 866 727 906 l.
761 866 844 906 cod.
883 867 975 906 Bas.
1014 867 1151 906 Mutin.
1195 866 1268 906 hec
1298 864 1396 905 Ven.
1429 865 1570 905 Aeliat.
1630 865 1698 905 sed

54 939 129 978 hoe
160 937 269 977 Rom.
301 937 349 976 11.
382 941 455 976 etc.

212 1075 260 1114 V.
294 1077 360 1113 55.
394 1077 431 1113 6.
488 1082 635 1117 NIGRO
660 1083 827 1116 MULTA
852 1082 972 1116 MARI
998 1082 1173 1117 DICUNT
1196 1081 1448 1116 PORTENTA
1474 1083 1544 1115 etc.

140 1145 273 1196 Niyro
303 1140 445 1197 mulla]
478 1143 575 1182 dixit
602 1150 788 1196 portenta
819 1150 1015 1192 monstra,
1048 1145 1087 1181 ut
1118 1140 1254 1182 Cicero
1285 1142 1438 1182 tibicini
1466 1141 1590 1192 modi,
1622 1154 1699 1180 nn-

54 1213 132 1254 cile
161 1221 332 1262 seuram,
363 1220 469 1252 reete
499 1213 670 1252 iaculum
701 1215 776 1251 etc.
810 1213 994 1249 SCALIG.
1048 1209 1183 1251 Cicero
1214 1212 1250 1250 in
1282 1210 1445 1251 Oratore
1472 1226 1583 1259 LV111,
1607 1214 1698 1250 198.

53 1290 137 1322 rece
166 1282 358 1329 iaculum,
389 1281 485 1331 apud
520 1280 713 1330 Plautumg
754 1281 887 1320 ancile
925 1287 1078 1320 scutum
1110 1280 1239 1318 nescio
1281 1279 1390 1317 unde.
1458 1279 1630 1318 Eamdcm
1661 1279 1699 1317 in

54 1351 272 1391 sententiam
304 1349 630 1389 Limlenbruchius
662 1350 696 1387 in
729 1349 901 1400 exemplo
933 1348 1128 1388 Guell'crh.
1161 1348 1252 1387 edit.
1285 1347 1388 1388 Scal.
1427 1352 1545 1387 1595.
1578 1347 1698 1387 locum

54 1419 250 1459 annotavit
281 1418 412 1457 Lucilii
446 1417 512 1456 lib.
545 1416 634 1456 XV.
666 1431 727 1468 ap.
759 1417 921 1457 Nonium
955 1431 992 1456 v.
1025 1417 1212 1457 Corbita:

313 1487 451 1527 Multa
481 1488 653 1526 homines
682 1494 868 1540 portenta
900 1489 940 1525 in
975 1487 1138 1526 Homero
1174 1486 1410 1539 versificata

310 1556 501 1595 Monstra
531 1563 689 1607 putant.

52 1625 140 1675 Ego
171 1632 349 1665 monstra
380 1638 431 1663 ae
458 1632 646 1677 portenta
678 1625 765 1663 novi
797 1637 846 1663 ex
878 1623 1052 1663 Lucretio
1085 1623 1154 1663 lV.
1188 1625 1284 1662 594.
1317 1622 1366 1662 V.
1393 1626 1487 1663 843.
1518 1630 1698 1664 monstra

51 1701 238 1749 portenta
276 1694 336 1747 qui
376 1694 538 1737 dixerit,
583 1694 671 1731 novi
714 1695 907 1732 neminem.
969 1693 1028 1732 Dc
1059 1692 1206 1732 Lucilio
1242 1693 1359 1742 idem,
1400 1693 1497 1745 quod
1528 1693 1696 1732 Linden-

52 1762 256 1813 brut-hius,
289 1763 477 1802 sentiebat
507 1762 731 1805 Mammas,
777 1762 883 1800 cuius
915 1761 1009 1800 hacc
1041 1764 1128 1800 sunt
1159 1760 1250 1801 Not.
1283 1763 1317 1800 in
1349 1761 1507 1801 Nonium
1539 1775 1575 1814 p.
1601 1766 1696 1802 208.

53 1836 91 1872 in
123 1833 309 1881 Homeri)
351 1834 414 1871 sie
455 1831 569 1880 libri,
613 1838 733 1870 recle.
785 1828 830 1867 ἐν
871 1833 960 1874 τοῖς
992 1827 1172 1879 ὁμήρων.
1220 1834 1396 1882 portenta
1425 1834 1612 1880 monstra,
1655 1838 1698 1871 uc

52 1905 253 1940 monstrum
284 1901 514 1952 exemplum,
547 1903 586 1939 in
618 1900 793 1947 Plaut03
826 1907 863 1940 et
895 1906 1088 1940 sescenta
1118 1900 1355 1939 huiusmodi.
1403 1899 1498 1938 Illud
1530 1901 1697 1939 sortasse

56 1982 171 2019 vere,
212 1974 251 2009 in
282 1969 467 2019 Homeri,
509 1970 540 2008 si
573 1969 717 2022 quidem
750 1968 844 2008 llaec
875 1982 915 2007 re
957 1982 1049 2007 vera
1086 1970 1274 2020 scriptura
1314 1968 1490 2007 librorum
1527 1972 1607 2019 cst3
1649 1968 1696 2007 de

52 2037 172 2076 altera
202 2039 472 2078 observatione
511 2038 662 2087 dubito,
703 2051 809 2091 quum
848 2050 969 2089 neque
1001 2037 1177 2086 Plautus,
1223 2038 1328 2076 cuius
1367 2037 1486 2075 locum
1517 2036 1695 2076 Mcrccro

53 2107 252 2145 obversari
283 2119 364 2146 curn
395 2110 509 2158 puto,
547 2108 608 2159 qui
640 2111 699 2146 cst
731 2107 841 2146 Asin.
874 2106 923 2145 11.
959 2121 1009 2151 11,
1043 2110 1108 2144 23.
1150 2107 1340 2158 quicquam
1371 2106 1529 2157 probet,
1573 2117 1696 2157 neque

53 2175 253 2225 Lucilium,
292 2176 324 2214 si
355 2177 407 2214 ibi
436 2184 622 2229 portenta
652 2183 830 2215 monstra
863 2176 1060 2226 iungatur,
1102 2187 1206 2227 quam
1238 2175 1421 2226 praebeat
1451 2175 1695 2225 sententiam,

52 2243 273 2293 intelligam.
316 2243 540 2297 Quamquam
573 2246 682 2284 etiam
708 2245 945 2295 Scaligcrum
977 2245 1120 2285 memini
1153 2244 1291 2283 alicubi
1316 2244 1366 2282 ita
1392 2244 1551 2293 iungere
1575 2244 1696 2283 verba

52 2312 197 2352 Lucilii.
257 2312 445 2363 Lucilius,
477 2314 547 2351 nisi
581 2313 712 2363 fallor,
745 2325 841 2366 quae
868 2322 1056 2366 portenta
1087 2314 1272 2352 Homerus
1302 2312 1514 2363 describat,
1546 2315 1586 2351 ut
1609 2312 1693 2363 Cy-

54 2381 220 2433 clopem,
252 2381 339 2420 ficta
368 2394 456 2421 esse
487 2382 533 2421 ab
566 2381 728 2420 Homero
760 2383 879 2421 omnia
916 2384 1029 2422 dicit:
1077 2395 1226 2432 errare,
1268 2382 1301 2421 si
1339 2383 1400 2435 qui
1440 2394 1485 2421 ea
1514 2389 1695 2422 monstra

52 2451 171 2489 fuisse
201 2462 293 2489 vera
323 2453 467 2501 putent.
529 2450 619 2490 Utut
649 2452 699 2490 sit
729 2451 776 2489 de
806 2452 973 2499 Lucilio,
1015 2452 1052 2491 in
1084 2450 1231 2491 Catone
1270 2463 1333 2490 res
1372 2454 1432 2490 cst
1462 2451 1694 2502 planissima.

54 2520 272 2568 Monstra,
305 2519 400 2571 quod
433 2520 528 2559 vidit
560 2520 721 2570 Badius,
753 2533 798 2560 ac
829 2522 995 2560 vidisset
1025 2521 1224 2571 Scaliger,
1258 2521 1329 2559 nisi
1362 2520 1541 2559 interdum
1573 2520 1694 2559 obso-

52 2587 207 2628 letorum
238 2592 380 2626 amator
410 2591 519 2640 atque
550 2589 776 2629 insolentiae
815 2592 921 2630 essct
961 2602 1075 2641 supra
1111 2591 1277 2639 modum,
1315 2589 1579 2640 interpretatio
1611 2591 1692 2638 est,

53 2659 94 2696 ut
123 2659 207 2696 utar
236 2656 388 2708 proprio
420 2656 490 2695 hac
521 2658 553 2695 in
586 2670 626 2696 re
661 2658 869 2709 vocabulo,
901 2659 1011 2698 verbi
1043 2662 1130 2698 ante
1160 2659 1274 2710 positi
1298 2665 1498 2712 portenta.
1539 2658 1694 2697 Poterat

53 2724 126 2764 alio
157 2726 285 2776 modo,
318 2737 363 2764 ea
394 2725 538 2775 figura,
570 2738 674 2778 quam
705 2727 960 2778 palillogiam,
1000 2728 1062 2766 vel
1092 2728 1177 2767 aliis
1209 2731 1348 2766 vocant
1379 2727 1608 2776 nominihus,
1640 2726 1693 2764 ita

53 2795 194 2833 scribi:
234 2795 358 2834 multa
389 2795 524 2834 dieunt
555 2799 719 2834 monstra
749 2803 911 2845 natare,
948 2801 1113 2836 monstra
1143 2799 1361 2850 repentinis
1395 2800 1466 2835 etc.
1514 2795 1576 2834 vel
1608 2794 1690 2833 sic:

54 2864 190 2903 dicunt
219 2866 394 2915 portenta
424 2870 588 2913 uacare,
620 2867 792 2914 portenta
821 2868 1040 2918 repentinis
1073 2869 1147 2905 etc.
1179 2878 1249 2918 qua
1274 2866 1395 2915 figura
1421 2867 1549 2903 noster
1575 2876 1690 2914 supra

53 2945 144 2972 usus
176 2935 236 2973 est
267 2946 304 2972 v.
326 2935 365 2971 2.
393 2937 430 2971 3.
477 2930 692 2979 [Unus-tra,
722 2941 932 2985 portenta,
963 2939 1003 2974 ut
1034 2934 1154 2974 verba
1184 2937 1272 2973 sunt
1302 2935 1381 2972 fere
1413 2933 1505 2971 idem
1536 2932 1691 2982 signifi-

55 3002 195 3052 cantia,
228 3002 279 3042 ita
308 3002 521 3054 promiscue
553 3003 778 3053 usurpantur
808 3002 855 3042 dc
884 3002 1008 3044 beluis
1039 3004 1204 3043 marinis.
1246 3003 1332 3043 Nisi
1357 3007 1544 3055 portenta
1566 3000 1691 3054 paullo
