2006 3365
246 130 348 179 394
862 127 1230 167 DISSERTATIO
1261 128 1331 169 lv.

490 321 816 376 Veneta
869 322 1245 376 Iensone‘
1294 327 1493 377 1475.
1545 325 1646 397 sol.

331 453 472 491 Exstat
504 452 663 502 Lipsiae
695 453 730 490 in
763 451 1013 490 Bibliotheca
1053 451 1240 489 Paullina.
1303 451 1453 490 Veneta
1493 452 1617 491 Rubei
1661 451 1910 502 posteriorem

246 532 335 560 esse
367 533 412 559 co
445 521 630 569 eflicitur,
665 520 764 572 quod
797 520 893 558 diem
927 532 1166 571 mensemque
1199 519 1455 570 subscriptum
1487 519 1603 559 habet
1634 519 1792 568 nullum,
1826 519 1909 558 Ve-

246 592 333 627 neta
364 592 486 626 autem
520 588 645 627 Rubei
678 588 858 627 absoluta
891 591 951 627 est
990 600 1119 626 mense
1151 586 1341 625 Ianuario.
1415 588 1502 636 Ego
1535 588 1595 626 diu
1629 588 1828 638 repetitam
1860 599 1911 626 ex

246 656 397 695 Veneta
430 656 554 696 Rubci
587 657 773 696 Venetam
806 656 960 695 lensoni
1003 657 1244 694 existimavi:
1293 659 1365 694 tam
1405 659 1492 694 sunt
1533 657 1629 694 inter
1668 669 1710 695 se
1752 655 1909 694 similes.

244 725 378 773 Nunc,
405 727 544 762 mutata
575 724 774 775 paullulum
807 726 1022 773 sententia,
1058 724 1224 762 eamdem
1248 724 1296 762 ab
1331 724 1468 763 Rubeo
1501 728 1539 762 et
1570 724 1735 762 Iensono
1768 724 1911 762 editio-

244 805 326 831 nem
361 794 609 832 vetustiorem
639 806 863 843 expressam
892 805 981 832 esse
1003 805 1166 841 censeo,
1205 792 1271 830 sed
1304 793 1520 830 accuratius
1549 792 1595 830 ab
1625 792 1803 830 Iensono.
1868 791 1911 830 ld

244 864 284 900 ut
315 873 509 907 censeam,
544 861 674 900 ell'ecit
705 862 802 912 apud
837 874 893 900 me
925 862 1018 900 ordo
1052 862 1275 909 carminum,
1308 874 1415 912 quem
1447 861 1545 910 apud
1567 860 1767 899 lensonum
1799 858 1912 911 plane

246 929 413 968 eumdem
457 941 547 968 esse
590 928 844 979 deprehendi,
886 931 947 981 qui
989 934 1050 969 est
1095 931 1131 968 in
1178 929 1414 968 editionibus
1457 928 1756 980 antiquioribus,
1804 930 1845 967 ut
1875 928 1911 965 in

243 997 415 1036 Romana
449 988 571 1037 14r3.
643 997 746 1036 Ordo
790 999 900 1036 etiam
948 997 1226 1048 Opusculorum
1271 1009 1430 1047 prorsus
1472 997 1566 1034 idem
1598 996 1726 1035 estin
1759 996 1913 1035 Veneta

244 1066 396 1104 Iensoni
442 1070 555 1117 atque
587 1067 621 1103 in
662 1066 832 1105 Romana
880 1070 1000 1105 1473.
1043 1067 1162 1116 primo
1205 1065 1291 1104 loco
1336 1066 1545 1113 li'luretum,
1591 1067 1664 1103 tum
1707 1064 1910 1114 Priapeia,

245 1133 353 1184 Copa
386 1136 460 1172 etc.
523 1132 667 1172 Contra
698 1133 859 1172 Rubeus
891 1135 1059 1173 ordinem
1092 1135 1252 1173 mutav1t
1283 1147 1363 1172 eum
1398 1134 1433 1172 in
1462 1134 1631 1181 modum,
1664 1133 1710 1171 de
1741 1144 1814 1184 quo
1841 1132 1912 1170 iam

244 1202 380 1240 dictum
414 1204 527 1240 esta
560 1214 630 1239 me.
692 1202 899 1240 Praeterea
932 1202 1118 1240 Iensonus
1166 1202 1344 1241 Servium
1386 1203 1522 1240 omisit.
1601 1200 1707 1239 Haec
1749 1212 1821 1238 non
1861 1201 1913 1239 ita

244 1270 423 1319 disputo,
457 1270 538 1307 acsi
572 1271 742 1318 ignotam
776 1271 897 1308 fuisse
928 1270 1088 1308 Nicolao
1131 1269 1295 1307 Iensono
1336 1270 1536 1308 editionem
1582 1269 1708 1308 Rubei
1750 1271 1910 1319 putem:

244 1339 351 1375 immo
384 1350 493 1389 quam
527 1339 686 1375 maxime
724 1341 846 1375 notam
880 1339 1027 1386 fuisse,
1073 1341 1111 1376 et
1142 1337 1214 1376 hoc
1246 1339 1379 1386 egisse
1412 1338 1579 1388 inprimis
1611 1337 1810 1376 Iensonum
1842 1349 1912 1375 su-

245 1407 400 1455 spicor,
434 1409 472 1444 ut
504 1408 706 1456 superaret
746 1405 941 1454 Rubeum,
990 1410 1025 1445 et
1073 1407 1317 1445 emturientes
1356 1406 1401 1444 ad
1442 1418 1544 1444 snam
1585 1406 1778 1444 tabernam
1824 1405 1912 1443 alli-

246 1477 363 1512 ceret.
424 1474 486 1512 Ac
519 1486 559 1512 re
593 1487 686 1513 vera
717 1478 805 1513 sunt
838 1474 989 1512 lensoni
1023 1474 1172 1513 litterae
1204 1473 1394 1526 aliquanto
1422 1473 1560 1512 litteris
1586 1474 1713 1513 Rubei
1747 1473 1912 1522 elegan-

245 1543 387 1589 tiores,
420 1543 452 1579 si
487 1546 593 1581 recte
636 1543 807 1591 memini,
851 1543 1051 1593 impressio
1099 1543 1291 1594 aliquanto
1333 1543 1461 1593 purior
1501 1545 1615 1594 atque
1646 1543 1841 1589 exactior3
1875 1543 1913 1581 ct

245 1610 279 1646 in
313 1610 444 1647 verbis
478 1609 537 1648 hic
570 1610 650 1648 illic
682 1612 829 1650 recedit
860 1624 881 1648 a
915 1611 1064 1649 Veneta
1091 1611 1229 1649 Rubei.
1294 1610 1522 1662 Quamquam
1554 1610 1743 1648 fatendum
1775 1612 1836 1649 est
1867 1621 1913 1648 ea

246 1689 317 1715 nec
348 1677 460 1715 multa
493 1690 615 1729 neque
646 1679 786 1726 gravia
830 1691 943 1727 esse,
985 1691 1107 1730 neque
1147 1679 1244 1716 bene
1288 1678 1427 1729 ubique
1473 1677 1654 1716 recedere
1692 1677 1910 1726 Iensonum‚

246 1746 294 1782 iis
327 1746 476 1796 quidem
509 1747 544 1783 in
577 1747 825 1793 carminibus,
859 1759 954 1798 (fuae
987 1746 1140 1785 contuli.
1213 1746 1366 1786 Contuli
1399 1749 1547 1795 autem,
1582 1745 1645 1783 vel
1680 1746 1806 1796 potius
1837 1758 1912 1784 ex-

245 1814 383 1863 scripsi
419 1826 525 1864 qnam
559 1814 855 1863 diligentissime
888 1815 1030 1852 Diras:
1074 1817 1147 1852 tum
1190 1813 1330 1852 contuli
1374 1818 1551 1852 accurate
1583 1814 1797 1862 Mol-etum,
1830 1812 1912 1853 Co-

246 1895 351 1931 pam,
387 1880 597 1920 Catalecta.
660 1882 799 1921 Diti'ert
839 1882 1023 1920 Iensonus
1055 1895 1076 1920 a
1110 1882 1245 1921 Rubeo
1289 1883 1448 1919 maxime
1489 1881 1780 1932 orthographia.
1845 1883 1914 1921 Sic

245 1949 394 1987 litteras
437 1949 604 1988 initiales
647 1952 836 1999 maiores,
888 1963 982 2002 quas
1025 1951 1185 1989 Rubeus
1224 1950 1346 1988 nullas
1387 1950 1501 1989 habet
1543 1951 1614 1988 nisi
1654 1950 1691 1988 in
1734 1962 1912 1988 versuum

245 2019 380 2060 inItiis,
416 2018 604 2055 lensonus
649 2020 811 2069 passim,
854 2032 925 2057 non
959 2023 1199 2068 constanter,
1240 2019 1391 2057 intulit:
1435 2020 1592 2067 Diras,
1647 2019 1910 2067 Trinacriae,

247 2087 495 2137 Pampinns,
541 2087 737 2136 Baltare,
793 2089 978 2136 Cereris,
1031 2088 1223 2136 Veneris,
1267 2089 1475 2141 Iappiler,
1518 2088 1708 2140 Cyanen,
1752 2087 1909 2137 Erebo,

245 2153 498 2206 ss'eplzlnns,
540 2155 771 2204 Vulcanus,
807 2157 942 2204 Iouis,
975 2157 1146 2208 Syrtis,
1181 2156 1348 2209 Lydia,
1382 2157 1570 2204 Baccho,
1608 2156 1787 2204 Phoebe,
1824 2157 1912 2195 Mi-

245 2224 412 2271 noidis,
450 2224 612 2262 Iunone.
675 2224 891 2262 Iensonus:
923 2224 1144 2277 pleystala,
1182 2226 1414 2276 Aplaerz'ens,
1450 2227 1488 2263 et
1520 2225 1553 2262 in
1578 2223 1731 2262 Moreto
1748 2225 1911 2276 Aplzra,

247 2291 308 2329 ubi
343 2291 501 2330 Rubeus
533 2292 701 2343 fistula,
736 2294 938 2344 Africus,
971 2294 1113 2344 Afra3
1162 2297 1293 2331 contra
1333 2293 1475 2342 imber,
1523 2293 1691 2341 imbres,
1732 2293 1794 2330 ubi
1827 2292 1914 2331 Ru-

246 2360 341 2398 beus
372 2360 550 2411 bymber,
582 2361 781 2411 hymbres.
844 2361 1059 2399 Iensonus:
1090 2362 1287 2413 s'oelieia,
1320 2362 1474 2412 foelix,
1508 2362 1708 2412 Infoelix,
1743 2361 1806 2399 ubi
1827 2361 1914 2399 Ru-

246 2427 342 2465 beus
373 2428 518 2478 felicia
550 2430 623 2466 ete.
686 2428 835 2467 Deinde
868 2429 1054 2467 Iensonus
1087 2429 1307 2478 compendia
1335 2430 1547 2479 scripturae
1573 2430 1716 2467 minore
1745 2441 1912 2478 numero,

247 2508 353 2546 quam
389 2496 569 2544 Rubeus,
613 2499 651 2534 et
682 2497 1023 2547 interpunctionem
1058 2497 1117 2536 liic
1150 2497 1225 2534 illic
1256 2496 1371 2535 hahet
1402 2496 1611 2545 nwliorem,
1657 2500 1696 2536 ut
1726 2496 1810 2535 Dir.
1844 2499 1912 2535 59.

249 2567 315 2602 (il.
361 2565 453 2601 177.
531 2564 635 2602 Vitia
682 2577 731 2602 ex
771 2567 880 2614 parte
923 2564 1085 2603 lensono
1136 2568 1224 2604 snnt
1266 2577 1345 2603 cum
1394 2565 1531 2603 Rubeo
1582 2566 1817 2613 communia,
1875 2566 1914 2603 ut

247 2638 509 2671 BATTAREM
542 2633 578 2670 in
611 2632 720 2671 titulo
749 2634 936 2671 carminis.
976 2640 1087 2672 terra
1116 2648 1157 2673 v.
1185 2638 1250 2673 23.
1313 2648 1536 2673 renovasse
1554 2647 1592 2671 v.
1617 2637 1684 2673 54.
1745 2634 1915 2672 aduersi

249 2715 289 2739 v.
324 2706 391 2740 68.
454 2705 582 2741 amnis
617 2715 654 2739 v.
685 2706 752 2739 69.
822 2701 931 2740 Vnde
957 2703 1083 2757 lapsa
1112 2717 1150 2740 v.
1177 2704 1242 2741 79.
1306 2704 1481 2741 viternla
1512 2716 1548 2740 v.
1575 2705 1665 2740 115.
1699 2702 1914 2741 declinarit

249 2784 288 2809 v.
329 2772 418 2808 117.
480 2772 610 2809 nostri
645 2772 738 2808 145.
801 2770 1019 2809 celebrabit
1058 2774 1147 2809 146.
1210 2772 1364 2811 diutius
1403 2774 1493 2809 160.
1555 2783 1648 2822 erqo
1684 2773 1776 2809 179.
1822 2769 1914 2808 Alia

250 2840 404 2889 propria
423 2839 558 2877 Rubeo
590 2841 698 2879 sunt,
733 2842 770 2876 ut
802 2838 952 2877 ‹loaota
986 2852 1022 2876 v.
1045 2841 1112 2878 34.
1174 2844 1371 2888 terentia,
1406 2852 1478 2891 quo
1511 2839 1618 2876 modo
1650 2837 1723 2876 hoc
1757 2837 1912 2875 verbum

250 2906 390 2958 ubique
421 2907 557 2946 scribit
587 2907 774 2955 Rubeus,
808 2920 847 2944 v.
883 2909 949 2945 56.
1008 2907 1161 2958 ferrum
1195 2921 1231 2946 v.
1256 2911 1323 2946 61.
1385 2908 1435 2946 In
1463 2910 1586 2947 uicem
1613 2919 1651 2944 v.
1684 2907 1777 2943 143.
1828 2906 1913 2943 Di-

252 2980 358 3014 ceret
390 2989 428 3013 v.
467 2979 557 3015 163.
632 2989 671 3015 v.
708 2974 800 3015 117.
834 2974 993 3015 Rubeus
1024 2975 1228 3024 illoeserit,
1271 2975 1460 3015 Iensonus
1497 2974 1684 3014 illeserit.
1747 2986 1785 3010 v.
1818 2976 1911 3012 160.
