2006 3365
234 149 335 194 422
843 145 1208 187 DISSERTA'I'IO
1241 148 1311 188 lv.

234 263 375 301 satione
405 262 569 301 Plautini
604 263 652 299 cf.
686 261 877 311 Heynius.
941 261 1084 300 Variae
1115 261 1302 301 lectiones
1334 264 1371 301 in
1403 264 1572 313 margine
1598 264 1772 303 Dirarum
1804 264 1891 303 edi-

232 332 295 369 tae
326 330 397 368 liae
428 332 539 368 sunt:
588 328 635 367 ad
668 342 706 367 v.
742 333 780 368 7.
810 329 917 381 fient.
979 343 1019 369 v.
1053 332 1121 369 23.
1155 329 1327 370 Mutant
1359 329 1469 381 (sie).
1532 345 1571 371 v.
1605 336 1672 372 28.
1702 332 1892 385 frondeis
1920 349 1922 351 ·

233 399 344 437 alias
374 397 537 437 herbas.
600 410 640 435 v.
681 400 748 435 31.
791 398 988 437 succidet.
1062 411 1100 437 v.
1144 401 1211 438 82.
1255 400 1492 440 Proetorum.
1567 414 1605 440 v.
1652 404 1744 440 121.
1788 403 1891 450 riui,

232 466 413 505 labentes
446 467 608 505 currite.
670 478 710 503 v.
748 468 839 505 125.
873 466 963 506 Heu
987 468 1104 506 male.
1166 481 1206 506 v.
1233 470 1327 507 147.
1355 481 1439 520 qnae
1469 468 1592 509 Pana
1610 470 1761 519 Deum,
1794 472 1892 510 nisi.

232 547 270 572 v.
309 536 401 572 118.
432 536 580 573 nostis.
643 548 681 572 v.
719 538 810 573 181.
845 548 935 589 quo.
995 535 1078 587 Quo
1111 535 1158 574 de
1189 548 1341 575 numero
1374 538 1408 575 si
1440 538 1656 577 detraxeris
1688 550 1762 587 ea,
1795 550 1894 590 quae

232 614 282 640 ex
313 601 466 640 Aldinis
497 601 561 640 vel
594 614 644 640 ex
677 602 783 641 libris
828 605 917 642 ante
960 602 1126 643 Aldinas
1163 604 1336 654 vulgatis
1367 609 1516 656 sumpta
1547 609 1658 657 sunt,
1702 619 1775 659 quo
1807 606 1893 658 qui-

230 670 311 708 dem
344 670 456 709 etiam
489 670 658 709 Mutant
692 684 728 708 v.
763 675 830 710 23.
863 672 1050 722 pertinet,
1083 673 1181 725 quod
1214 674 1360 713 vitiose
1392 675 1572 725 scriptum
1604 677 1665 714 est
1694 687 1763 725 pro
1788 674 1894 714 Mu-

231 745 336 790 τενεῖς
369 739 505 778 deinde
537 740 570 778 si
610 740 800 792 frondeis
832 740 878 779 ad
910 754 950 779 v.
984 744 1051 780 28.
1092 754 1166 780 non
1208 743 1430 782 varietatem
1470 743 1648 782 lectionis
1680 755 1793 793 esse,
1825 743 1894 782 sed

232 808 524 858 explicationem
555 809 891 859 animadverteris,
925 810 1131 849 cuiusmodi
1163 810 1444 861 explicationes
1476 812 1510 849 in
1544 811 1754 862 Opuseulis
1784 813 1894 850 etiam

233 877 348 927 alibi,
380 876 471 917 licet
501 890 606 927 raro,
640 890 770 927 margo
802 877 1106 929 Antverpiensis
1138 879 1276 918 habet:
1311 880 1384 918 duo
1417 882 1563 918 restant
1595 882 1799 918 memoratu
1831 880 1894 918 di-

230 957 334 996 gna,
366 945 456 984 illud
488 947 587 998 quod
619 946 665 985 ad
699 959 737 986 v,
774 949 867 985 147.
900 948 1115 997 appositum
1147 950 1228 997 est,
1271 961 1354 1002 quse
1392 949 1509 988 Pana
1542 949 1695 996 Deum,
1738 950 1820 988 nisi
1857 950 1896 988 et

232 1015 330 1066 quod
362 1014 408 1053 ad
442 1028 480 1053 v.
516 1017 610 1054 143.
642 1018 789 1054 nostis.
865 1015 921 1053 Ea
951 1015 1020 1054 fuit
1052 1028 1160 1067 quum
1192 1028 1214 1055 a
1245 1016 1365 1055 Paulo
1399 1017 1571 1055 Manutio
1622 1029 1670 1054 ex
1703 1029 1769 1054 sua
1803 1028 1895 1055 con-

232 1083 377 1122 iectura
415 1083 592 1133 apposita
635 1081 924 1121 existimabam:
967 1095 1064 1121 nuno
1103 1096 1211 1136 quum
1259 1085 1389 1124 eadem
1431 1086 1467 1123 in
1509 1085 1663 1124 Veneta
1705 1084 1752 1123 ll.
1785 1084 1896 1123 Scoti

236 1154 357 1189 1555.
391 1151 490 1189 edita
523 1151 723 1201 legantur,
766 1163 815 1190 ex
846 1150 941 1202 hac,
981 1151 1045 1190 vel
1086 1164 1137 1191 ex
1174 1152 1248 1190 alia
1289 1152 1456 1191 eiusdem
1495 1153 1651 1203 stirpis,
1694 1155 1842 1204 sumpta
1873 1164 1896 1191 a

232 1219 350 1258 Paulo
383 1219 555 1259 Manutio
589 1220 778 1258 coniicio:
842 1220 949 1258 cuius
986 1223 1109 1260 autem
1149 1221 1222 1259 viri
1265 1220 1368 1260 docti
1406 1221 1647 1261 coniecturae
1678 1222 1779 1271 sint,
1812 1233 1895 1260 nam

232 1289 471 1327 coniecturas
505 1300 595 1326 esse
628 1292 769 1326 certum
803 1291 886 1338 est,
920 1289 1072 1338 ignoro.

317 1356 454 1395 llabeo
486 1356 805 1405 Lugdunensem,
853 1357 950 1408 apud
984 1357 1079 1396 Ant.
1118 1355 1357 1407 Gryphium,
1391 1356 1447 1396 M.
1482 1356 1532 1396 D.
1557 1356 1685 1397 XCII.
1721 1360 1786 1395 12.
1819 1369 1894 1396 ex-

231 1437 402 1475 pressam
434 1437 482 1463 ex
515 1424 799 1475 Autverpiensi
838 1428 958 1463 1566.
1000 1425 1064 1464 vel
1102 1437 1152 1464 ex
1191 1425 1265 1464 alia
1307 1425 1589 1476 Antverpiensi
1634 1426 1803 1464 eiusdem
1834 1426 1894 1463 fa-

230 1493 373 1541 miliae,
406 1493 469 1532 vel
503 1494 612 1532 etiam
646 1506 696 1532 ex
727 1492 852 1545 aliqua
880 1494 1010 1544 priore
1028 1492 1276 1545 Grypliiaua:
1311 1493 1444 1533 titulus
1476 1494 1593 1544 idem,
1626 1495 1687 1546 qui
1720 1494 1756 1532 in
1790 1493 1895 1533 Ant-

232 1562 427 1612 verpiensi
478 1566 598 1600 1566.
637 1562 841 1614 eademque
882 1562 1058 1602 lectionis
1101 1563 1270 1601 varietas
1310 1562 1345 1600 in
1388 1563 1579 1611 margine,
1614 1563 1686 1600 nisi
1718 1562 1816 1614 quod
1848 1561 1894 1600 ad

234 1643 273 1668 v.
307 1634 372 1668 23.
409 1630 571 1670 sslutent
601 1630 772 1680 legitur3
806 1631 840 1668 in
875 1631 948 1669 line
978 1630 1086 1669 Pauli
1120 1631 1283 1670 Manutii
1318 1631 1353 1668 in
1388 1630 1591 1680 Virgilium
1622 1630 1817 1670 Praefatio
1847 1629 1896 1669 ad

231 1698 463 1750 Torquatum
495 1697 696 1747 Bembum,
745 1698 848 1737 Petri
880 1699 922 1737 F.
954 1698 1042 1738 data
1073 1700 1273 1748 VenetiiS‚
1307 1699 1363 1737 M.
1396 1700 1445 1738 Ι).
1479 1700 1521 1738 L.
1556 1699 1606 1739 V.

318 1834 568 1873 Pervenimus
599 1835 644 1873 ad
664 1836 940 1886 Seceliyeretm,
975 1834 1022 1874 de
1055 1848 1128 1888 quo
1161 1836 1342 1887 quaedam
1373 1849 1443 1874 nou
1473 1837 1557 1875 trita
1585 1835 1769 1874 monenda
1794 1838 1895 1876 sunt.

234 1904 425 1952 Apparuit
457 1903 609 1953 primunr
642 1902 837 1952 Scaliger}
869 1903 965 1942 liber
1007 1916 1106 1943 anno
1154 1907 1274 1943 1573.
1323 1904 1393 1942 hae
1436 1905 1714 1954 inscriptione:
1755 1904 1898 1943 Publii

256 1971 399 2023 ‘imilla'
447 1972 643 2010 Maronis
693 1973 938 2024 Appendix,
1000 1973 1098 2012 Cum
1157 1974 1431 2026 supplemento
1471 1974 1680 2012 mullorum
1723 1975 1899 2013 antehac

231 2053 432 2092 nunquam
463 2053 701 2079 &tonsorum
732 2040 964 2080 Poematecm
996 2047 1171 2080 veterum
1204 2042 1435 2082 Poetarum.
1498 2042 1666 2095 Iosepln'
1691 2042 1898 2094 Scaliyeri

231 2109 280 2147 In
312 2109 495 2148 Eandem
525 2109 798 2161 ->tppemlicem
832 2110 1112 2149 s'ommentarii
1143 2112 1176 2148 ἃ
1207 2113 1522 2162 custigsationes.
1583 2110 1653 2149 Ad
1689 2110 1897 2150 Clarissi-

231 2191 329 2216 mum
367 2176 499 2216 'Virum
520 2178 708 2216 Iacobum
740 2179 976 2227 Calavium,
1010 2180 1237 2218 Iuriscons.
1271 2187 1419 2218 nostra»,
1451 2181 1587 2219 letalis
1617 2179 1748 2230 facile
1774 2179 1896 2217 Prin-

233 2248 369 2299 cipem.
425 2244 779 2299 Luffllzmi,Apml
800 2247 1213 2296 Gumoaltovilliam,
1249 2253 1307 2286 M.
1335 2252 1380 2285 D.
1408 2251 1601 2285 LXXIII.
1635 2246 1732 2285 Cum
1760 2248 1895 2298 priui-

232 2315 337 2365 leyio
374 2314 512 2364 Iteyis.
545 2316 584 2352 S.
647 2314 687 2351 ld
721 2327 817 2364 opus
860 2315 1087 2364 tripartitum
1129 2320 1200 2355 est.
1266 2316 1388 2354 Primo
1431 2313 1516 2351 loco
1558 2313 1769 2364 Appendix
1801 2315 1896 2354 Vir-

232 2382 397 2432 giliana‚
444 2394 541 2433 quae
573 2394 703 2420 rursus
735 2383 829 2420 duas
862 2383 896 2420 in
940 2386 1069 2432 partes
1110 2383 1360 2421 discernenda
1403 2384 1493 2420 est:
1542 2382 1757 2432 opuscula,
1789 2382 1828 2420 h.
1861 2395 1896 2422 e.

234 2449 378 2499 Culex,
424 2449 549 2500 Ciris,
594 2449 740 2498 Aetna,
775 2453 849 2489 eto.
883 2453 921 2488 et
955 2451 1153 2489 Variorum
1186 2451 1386 2489 Poetarum
1420 2451 1454 2488 in
1490 2450 1645 2499 Virgilii
1678 2450 1824 2501 Opera,
1859 2453 1897 2490 et

236 2519 382 2569 Vitam,
431 2519 641 2559 Praeeouia
689 2531 767 2557 cum
809 2520 971 2568 maiore,
1022 2531 1128 2571 quau}
1167 2519 1330 2558 antehac
1375 2520 1616 2557 accessione.
1679 2519 1894 2558 Secundo:

235 2587 416 2626 Veterum
450 2589 648 2627 Poetarum
690 2587 968 2627 Catalectorum
1001 2587 1104 2626 Libri
1140 2588 1238 2626 Duo.
1300 2588 1468 2627 Tertio:
1512 2587 1665 2638 loseplii
1700 2586 1896 2636 Scaligeri

235 2656 302 2694 lul.
335 2656 449 2696 Caes.
482 2656 566 2695 Filii
598 2656 659 2694 Ad
696 2655 957 2706 Appendieein
999 2656 1250 2705 virgilianam
1284 2656 1422 2695 Notae.
1492 2655 1599 2708 Quae
1630 2655 1776 2704 Notae,
1809 2655 1896 2693 sive

237 2723 550 2776 Castigationes,
592 2725 700 2773 sive,
744 2727 782 2762 ut
823 2725 907 2774 ipse
947 2725 1037 2763 dicit
1068 2725 1104 2762 in
1135 2724 1325 2775 Epistolis
1357 2725 1483 2763 statim
1516 2723 1744 2772 laudandis,
1788 2721 1894 2762 Con-

235 2794 426 2841 iectauea,
461 2806 533 2832 non
567 2794 637 2832 nisi
670 2792 714 2830 ad
739 2791 933 2843 opuscula
964 2792 1171 2843 pertinent.
1232 2793 1331 2831 Iluie
1363 2793 1504 2842 primae
1523 2792 1714 2843 Scaligeri
1741 2792 1895 2830 editioni

236 2862 385 2901 Petrum
427 2862 622 2901 Pitlioouui
668 2862 884 2912 praefuisse
928 2862 999 2900 iam
1040 2862 1274 2899 Burmannus
1315 2861 1438 2911 Epist.
1473 2861 1517 2899 ad
1552 2861 1740 2911 lloppium
1772 2859 1893 2898 Auth.

239 2930 324 2968 Lat.
356 2931 403 2969 T.
440 2931 468 2968 l.
503 2944 539 2981 p.
574 2946 695 2969 xxxr.
728 2943 809 2982 seq.
844 2931 1071 2970 monstravit
1102 2941 1151 2968 ex
1195 2929 1383 2980 Epistolis
1417 2929 1610 2978 Scaligeri
1641 2928 1724 2967 Lib.
1756 2927 1787 2966 l.
1821 2928 1893 2978 Ep.

240 3012 357 3036 xxm.
394 3002 427 3038 ·.·t
467 3015 597 3038 xxxin.
634 3015 786 3039 xxxm.
822 3014 968 3038 xxxiv.
1041 2998 1215 3049 Inprimis
1256 2997 1328 3036 lruc
1369 2998 1536 3050 pertinet
1574 2995 1738 3048 epistola
1770 3011 1892 3035 xxxt.
