2006 3365
251 164 352 207 332
831 157 1193 198 DlSSERTATlO
1226 159 1293 199 lv.

251 274 373 312 dinam
408 276 526 312 1517.
560 272 801 321 intercessit,
847 272 982 310 nullum
1023 272 1192 325 equidem
1231 274 1409 313 editorem
1441 276 1615 326 repperi,
1656 277 1716 329 qui
1758 276 1887 315 librum

252 346 418 381 veterem
450 354 553 379 manu
585 341 764 392 scriptum
795 341 1017 380 adhibuisse
1048 341 1092 379 ad
1131 341 1245 380 Diras
1278 344 1465 393 putandus
1496 346 1559 383 sit.
1623 346 1888 384 Documentum

252 414 354 457 esto,
393 410 616 460 virtutisque
649 406 890 459 κριτήριον,
927 423 1063 448 versus
1084 410 1254 449 Dirarum
1281 415 1371 450 102.
1406 425 1510 464 quem
1543 426 1650 464 quum
1673 413 1890 451 omisissent

251 478 462 526 Romanae,
495 478 665 516 omittunt
697 482 784 528 post
802 479 991 518 Romanas
1013 478 1198 530 reliquae,
1233 492 1324 531 quas
1345 481 1441 527 vidi,
1465 484 1550 519 ante
1573 480 1747 520 Aldinam
1770 483 1887 519 1517.
1943 490 1946 491 ’

251 557 399 594 omnes,
434 545 500 583 sed
533 547 742 585 restitutum
769 546 882 586 habet
909 547 1149 586 Mutinensis.
1212 548 1311 586 Hinc
1342 548 1545 599 appellatio
1569 550 1765 601 vulycttae
1793 561 1889 599 pen-

250 614 332 661 det,
367 626 439 665 qua
470 626 585 665 saepe
618 627 710 653 usus
742 628 834 653 snm.
898 615 1100 665 Vulgatam
1133 616 1355 667 scripturam
1388 618 1518 655 merito
1539 618 1645 656 dicas
1675 630 1768 666 eam,
1794 629 1890 669 quae.

249 695 270 720 a
302 681 480 721 Romanis
513 695 631 735 usquc
661 684 706 722 ad
731 684 904 722 Aldinam
931 688 1049 723 1515.
1082 685 1323 735 perduravit,
1356 690 1518 735 excepta
1543 686 1764 724 Mutinensi.
1810 686 1889 724 Sed

250 750 338 789 alibi
371 750 562 800 vulgatam
595 753 719 790 dicere
750 752 865 802 licet,
899 753 1074 805 quicquid
1098 766 1118 791 a
1142 752 1320 791 Romanis
1352 766 1470 804 nsque
1500 753 1544 791 ad
1576 753 1888 793 Aldinam1517.

251 819 386 858 editum
429 824 512 869 est,
553 832 624 859 non
657 820 813 860 exclusa
852 822 1078 860 Mutinensi.
1152 821 1236 860 Non
1268 833 1416 872 semper
1447 822 1539 860 enim
1571 822 1777 861 Mutinensi
1810 835 1890 860 cum

250 888 394 926 Aldina
425 890 621 938 eonvenit3
664 892 724 928 est
762 891 823 929 ubi
856 903 934 929 cum
980 889 1135 942 reliquis
1181 890 1288 928 libris
1330 890 1510 942 vulgatae
1553 891 1764 941 scripturae
1795 903 1889 929 eon-

250 957 371 1006 spirat
402 956 632 996 Mutinensis
664 966 793 996 contra
825 959 1028 997 Aldinam:
1062 959 1143 997 Dir.
1177 963 1214 998 7.
1240 964 1304 998 28.
1330 964 1397 999 88.
1458 959 1606 998 Rursus
1638 959 1750 998 tertio
1781 960 1890 997 modo

250 1024 443 1074 vulgatam
476 1025 601 1065 dicere
633 1026 856 1076 scripturam
890 1027 1021 1065 licebit
1053 1039 1153 1076 eam,
1187 1041 1281 1079 quae
1304 1029 1389 1067 inde
1412 1042 1431 1066 a
1452 1029 1601 1067 Veneta
1623 1027 1746 1066 Rubei
1769 1030 1889 1066 1475.

249 1092 382 1131 valuit.
443 1093 484 1131 In
517 1097 618 1133 tanto
651 1095 744 1132 enim
777 1094 976 1142 librorum,
1021 1097 1080 1147 qui
1114 1108 1134 1134 e
1167 1097 1346 1136 Romanis
1379 1097 1590 1145 fluxerunt,
1635 1109 1786 1135 numero
1820 1109 1889 1134 non

249 1161 309 1198 diu
342 1161 559 1200 intemerata
591 1163 727 1200 mansit
759 1162 1005 1201 Romanarum
1037 1165 1223 1214 scriptura
1242 1194 1252 1213 ,
1283 1165 1349 1203 sed
1384 1167 1568 1204 innnutata
1600 1168 1660 1203 est
1690 1164 1786 1203 locis
1819 1177 1890 1203 non

249 1229 404 1279 paucis,
453 1231 503 1269 ita
536 1235 575 1270 ut
606 1231 675 1269 iam
707 1232 802 1269 satis
835 1231 931 1269 inter
973 1244 1015 1270 se
1056 1232 1258 1271 dissimiles
1299 1234 1376 1272 sint
1410 1234 1579 1272 Venetae
1611 1233 1734 1272 Rubei
1772 1236 1890 1273 1435.

250 1298 401 1337 lensoni
430 1302 546 1338 1475.
581 1302 619 1338 et
650 1300 841 1351 principes
873 1299 958 1338 illae
985 1300 1191 1339 Romanae.
1255 1301 1468 1340 Dissimiles
1500 1306 1620 1340 autem
1653 1314 1758 1354 quum
1790 1302 1888 1350 dico,

251 1367 332 1405 dico
364 1367 400 1405 in
442 1367 770 1418 reprehensionem
811 1368 1037 1407 Venetarum
1080 1370 1254 1419 istarum,
1296 1371 1330 1408 in
1373 1371 1507 1422 quibus
1547 1369 1634 1408 nibil
1674 1382 1730 1409 me
1776 1372 1889 1420 novi,

251 1435 346 1487 quod
379 1435 514 1474 honum
547 1439 616 1484 sit,
659 1438 832 1476 invenire
864 1438 1020 1476 memini.
1083 1438 1141 1476 Ex
1176 1439 1322 1477 Veneta
1356 1440 1478 1478 Rubci
1517 1439 1636 1487 aliae,
1683 1443 1721 1477 et
1752 1452 1800 1477 ex
1832 1438 1891 1478 bis

251 1504 369 1552 aliae,
403 1518 612 1556 expressae
654 1509 764 1554 sunt,
807 1510 1005 1545 crescente
1046 1507 1217 1546 vitiorum
1260 1520 1430 1557 numero,
1473 1521 1593 1560 neque
1625 1510 1658 1546 in
1691 1507 1750 1546 his
1781 1509 1890 1559 quic-
1930 1550 1932 1552 ‚

251 1586 356 1624 quam
388 1574 560 1612 invenias
591 1574 797 1624 laudabile,
833 1576 902 1613 nisi
935 1575 1079 1627 quando
1113 1588 1184 1613 una
1216 1575 1276 1614 vel
1310 1576 1450 1625 altera,
1483 1577 1614 1616 relicta
1634 1577 1782 1616 Veneta
1806 1576 1890 1615 Ru-

250 1641 334 1689 bei,
367 1641 411 1680 ad
444 1643 605 1692 priscam
626 1644 872 1682 Romanarum
905 1644 1125 1694 scripturam
1157 1645 1273 1692 redit,
1304 1649 1342 1683 ut
1366 1644 1446 1683 Dir.
1472 1649 1536 1684 70.
1555 1645 1890 1694 Norimbergzmsis

256 1715 375 1750 1492.
408 1715 445 1750 et
477 1712 777 1761 Argentinensis
814 1715 931 1751 1502.
995 1712 1077 1750 Dir.
1106 1716 1194 1752 131.
1228 1714 1353 1752 eadem
1385 1714 1698 1762 Argentiriensis.
1758 1713 1890 1764 Magis

252 1780 361 1818 etiam
393 1781 660 1829 memorabile,
693 1781 789 1833 quod
822 1782 855 1819 in
889 1781 1079 1819 Brixiensi
1117 1783 1234 1820 1485.
1295 1781 1573 1820 Mediolanensi
1601 1785 1721 1821 1501.
1742 1787 1779 1821 et
1798 1782 1891 1820 vir-

251 1847 345 1897 gilio
377 1847 467 1886 Aldi
497 1850 602 1900 furti
632 1853 714 1898 est,
754 1849 835 1887 Dir.
872 1852 964 1888 166.
1027 1850 1159 1889 Critici
1202 1853 1333 1900 partes
1374 1851 1433 1902 qui
1475 1851 1603 1899 egerit
1641 1850 1711 1890 bac
1740 1854 1890 1897 aetate,

252 1930 358 1955 unum
391 1916 644 1970 alterumqne3
677 1918 737 1969 qui
771 1917 890 1956 libros
921 1921 1074 1957 veteres
1107 1919 1271 1969 scriptos
1304 1919 1527 1968 contulerit,
1561 1921 1711 1970 repperi
1743 1920 1892 1958 nullum.

252 1985 358 2038 Quod
392 1986 425 2024 in
457 1986 626 2025 Norimb.
666 1990 784 2026 1⁴92.
818 1988 985 2038 Argent.
1026 1991 1142 2025 1502.
1173 1994 1320 2041 pastos
1353 1988 1494 2037 legitur
1527 1988 1607 2026 Dir.
1633 1992 1698 2027 52.
1732 1989 1803 2027 etsi
1837 1989 1893 2027 in-

252 2055 405 2093 venitur
436 2055 470 2092 in
505 2054 610 2093 libris
641 2056 818 2106 scriptis,
851 2059 969 2094 tamen
1002 2068 1072 2094 non
1105 2069 1154 2094 ex
1187 2056 1281 2096 libro
1314 2058 1456 2108 scripto
1489 2059 1643 2096 venisse
1675 2059 1710 2096 in
1741 2057 1890 2096 Norim-

253 2123 480 2172 bergensem
514 2127 551 2162 et
583 2124 931 2173 Argentinenscm,
977 2125 1043 2163 sed
1092 2127 1342 2165 coniecturam
1381 2140 1468 2166 esse
1507 2127 1660 2167 Domitii
1701 2126 1893 2166 Calderini

255 2192 442 2242 suspicor.
503 2192 650 2231 Deinde
683 2192 753 2231 buc
785 2194 949 2243 pertinet
987 2194 1204 2244 glossator,
1250 2208 1355 2247 qucm
1389 2197 1490 2245 dico,
1524 2196 1696 2234 Venetae
1728 2194 1892 2233 Iensoni.

255 2260 426 2311 Denique
457 2273 477 2298 e
510 2261 729 2300 coniectura
766 2262 941 2301 nonnulla
982 2263 1062 2301 lod.
1109 2264 1249 2302 Badius
1293 2266 1530 2311 Ascensius‚
1577 2264 1650 2302 alia
1687 2263 1811 2303 Aldus
1850 2276 1894 2302 ea

255 2329 438 2378 editione,
481 2342 584 2381 quam
627 2330 829 2380 Virgilium
871 2331 962 2369 Aldi
1006 2332 1179 2383 appello,
1221 2336 1441 2371 imitavere:
1484 2345 1579 2385 quae
1620 2336 1740 2372 tamen
1773 2333 1894 2371 omnia

255 2409 328 2436 non
359 2400 447 2436 sunt
477 2399 596 2447 tanti,
636 2402 675 2437 ut
714 2411 814 2437 nova
859 2399 944 2438 inde
986 2399 1121 2439 classis
1152 2402 1235 2439 sive
1266 2404 1371 2439 aetas
1405 2402 1585 2440 numerari
1617 2402 1753 2452 possit.
1816 2401 1893 2440 Sed

256 2479 390 2505 novam
423 2466 581 2505 classem
615 2469 808 2507 constituit
839 2468 981 2507 Aldina
1016 2471 1134 2507 1517.
1167 2482 1273 2521 quam
1309 2473 1445 2520 postea
1476 2473 1634 2522 sequuta
1664 2472 1724 2509 est
1755 2470 1894 2509 Aldina

261 2538 381 2574 1534.
442 2535 512 2574 Est
543 2538 662 2574 autem
693 2534 788 2575 haec
819 2549 996 2589 perquam
1029 2538 1280 2576 memorabilis
1312 2539 1453 2588 editio,
1485 2538 1531 2577 ad
1563 2551 1670 2591 quam
1700 2538 1893 2577 adhibitos

260 2616 348 2642 esse
380 2604 531 2643 codices
563 2617 668 2642 manu
701 2606 887 2656 scriptos,
926 2606 987 2645 vel
1020 2619 1127 2645 unum
1158 2608 1316 2645 maxime
1348 2608 1513 2646 codicem
1554 2619 1660 2646 manu
1692 2608 1892 2658 scriptum,

260 2676 398 2712 certum
431 2675 504 2712 est.
564 2672 811 2726 Quamquam,
844 2687 890 2713 ne
921 2676 1004 2727 quis
1036 2675 1180 2713 nimium
1214 2676 1342 2715 credat
1375 2676 1560 2726 Aldinae,
1593 2676 1752 2715 tenenda
1783 2678 1892 2724 sunt,

261 2754 355 2793 quae
386 2743 480 2780 infra
512 2742 678 2781 dicturus
709 2756 787 2781 sum
820 2744 855 2781 in
888 2744 1147 2795 descriptione
1185 2742 1295 2781 huius
1334 2744 1533 2793 editionis,
1575 2748 1612 2784 et
1642 2757 1736 2797 quae
1767 2744 1893 2781 statim

262 2810 308 2848 de
340 2811 469 2849 codice
500 2811 694 2849 Bembino.
755 2813 827 2851 Hic
858 2812 944 2850 illud
978 2813 1176 2852 observari
1208 2813 1345 2861 velim,
1380 2826 1486 2865 quum
1518 2826 1635 2865 saepe
1661 2812 1893 2852 Mutinensis

264 2879 313 2916 ita
344 2879 497 2918 adiuvet
527 2882 638 2932 atque
678 2881 868 2920 confirmet
907 2882 1128 2932 scripturam
1167 2880 1385 2920 Aldinarum
1431 2883 1548 2921 1517.
1581 2885 1618 2921 et
1651 2883 1770 2919 1534.
1803 2884 1843 2920 ut
1872 2894 1893 2920 e

265 2947 458 2985 codicibus
488 2961 645 2999 prorsus
676 2949 773 2988 inter
803 2962 846 2988 se
876 2949 1088 2999 similibus,
1137 2949 1197 2988 vel
1243 2952 1407 3000 geminis
1446 2951 1568 3003 iisque
1606 2950 1779 3000 optimis,
1819 2950 1892 2988 flu-

266 3015 372 3054 xisse
389 3016 617 3057 Mutinensis
648 3020 687 3058 et
715 3018 857 3058 Aldina
878 3019 1099 3071 videantur,
1128 3019 1242 3069 alibi,
1276 3022 1314 3060 ct
1344 3019 1440 3060 locis
1467 3020 1562 3059 satis
1586 3018 1727 3070 multis,
1745 3019 1893 3058 differre
