2006 3365
285 118 384 162 292
877 107 1238 149 nlSSERTA'rlo
1274 107 1342 148 111.

285 229 581 268 Friesemannum
610 225 655 265 ad
688 238 727 263 v.
760 225 853 263 235.
885 223 1021 261 iniuria
1050 223 1206 261 accusat
1236 221 1438 272 Heynius:
1484 222 1679 262 tenendum
1718 225 1800 271 est,
1841 234 1914 275 quo

287 299 337 336 ibi
368 295 603 336 Schraderus
634 294 749 333 utitur
786 291 1012 340 Vossiano,
1046 303 1127 329 eum
1158 290 1384 329 Vossianum
1414 294 1481 329 81.
1514 303 1625 342 esse3
1656 291 1716 343 qui
1747 304 1769 330 a
1802 291 1915 330 Frie-

285 377 460 406 semanno
491 361 661 401 laudatur
699 361 953 408 Vossianus,
988 359 1147 398 collatus
1178 372 1199 397 a
1231 360 1372 399 Vossio
1403 359 1611 399 Thuaneus
1642 364 1715 400 est.

920 442 959 467 v.
999 430 1097 467 282.

539 498 738 538 Labentes
772 498 926 549 biiuyes
957 499 1076 537 etiam
1103 509 1177 550 per
1208 496 1350 536 sidera
1381 495 1499 535 Luna

539 567 704 607 Pressit
734 580 871 621 equos.

283 637 495 676 Vossianus
511 640 579 676 Sl.
612 636 812 675 Labeates
833 636 862 674 ἶ
885 635 1052 686 biiuyes.
1112 632 1198 672 Non
1217 646 1313 684 opus
1335 633 1548 673 mutatione.
1607 634 1727 674 lunae
1746 633 1806 673 vel
1827 634 1919 673 lune

283 707 403 746 Voss.
435 709 502 745 81.
535 705 703 757 August.
736 705 907 757 idemque
939 715 1027 742 esse
1058 704 1092 741 in
1125 703 1259 742 Petav.
1292 705 1330 742 et
1355 702 1501 741 Thoan.
1534 703 1644 743 facile
1676 704 1812 753 credo,
1844 703 1922 742 etsi

282 787 354 814 non
385 775 584 814 annotavit
615 773 796 814 Vossius.
913 786 952 811 v.
986 775 1079 811 355.
1113 774 1151 809 6.

537 843 701 882 Littora
725 855 734 880 :
768 856 881 897 quum
911 842 1119 894 Phrygsiae
1145 841 1306 892 passim
1336 852 1448 890 capa
1476 841 1634 893 praeda
1662 846 1892 893 peremptae

538 913 727 952 Fluctua!
757 914 880 951 omnis
913 914 953 950 in
985 922 1180 965 aequoreo
1212 911 1290 947 iam
1322 910 1529 961 naufraqa
1559 909 1696 961 fluctu.

282 982 323 1020 In
356 995 427 1034 quo
459 995 530 1021 uno
563 981 645 1020 loco
676 980 788 1019 multa
819 979 912 1018 disci
943 981 1102 1031 possunt
1132 979 1176 1016 ad
1210 978 1402 1016 historiam
1427 977 1553 1016 horum
1578 979 1774 1017 carminum
1802 976 1919 1016 utilia.

284 1051 332 1090 Et
363 1052 592 1089 emendatum
624 1050 769 1102 quidem
803 1053 930 1097 recte,
964 1051 1003 1087 ut
1034 1047 1213 1093 exhibui,
1246 1059 1401 1085 censeo.
1462 1047 1588 1086 Versu
1620 1047 1737 1097 priori
1771 1059 1854 1085 cum
1885 1046 1919 1084 in

283 1120 389 1157 libris
419 1122 509 1169 puto
541 1118 736 1167 omnibusg
770 1119 804 1156 in
823 1118 1051 1166 Augustano
1083 1117 1362 1168 comphryyz'ae
1421 1115 1478 1154 Dc
1499 1116 1692 1155 Vossiano
1717 1118 1782 1154 81.
1803 1118 1920 1154 utrum

285 1202 369 1227 cum
399 1187 557 1226 haberet
586 1199 631 1225 an
662 1194 761 1236 tum,
794 1185 1020 1225 dubitabam.
1086 1185 1234 1223 Deinde
1263 1191 1466 1237 perempta
1493 1184 1642 1223 Tlluan.
1672 1184 1808 1223 Petav.
1834 1184 1920 1222 Au-

283 1260 389 1307 gust.
421 1255 540 1294 Voss.
573 1260 639 1295 Sl.
672 1255 767 1294 unde
807 1258 908 1293 recte
948 1254 1045 1292 haud
1091 1253 1202 1291 dubie
1237 1259 1465 1307 peremptae
1506 1255 1665 1301 factum,
1705 1255 1869 1291 sortasse
1900 1264 1922 1291 a

285 1326 426 1366 Bembo
459 1326 624 1377 primum.
684 1324 787 1364 Libri
827 1324 989 1376 antiqui,
1036 1322 1184 1361 Tliuan.
1223 1322 1360 1360 Petav.
1403 1320 1685 1370 Augustanus:
1731 1321 1923 1360 Flac-tuae

287 1394 475 1444 (August.
508 1395 746 1443 Eleteteccmt)
780 1397 901 1432 omnis
933 1396 972 1432 in
1012 1403 1206 1445 aequoreo
1245 1391 1471 1442 naitfrctqia
1512 1390 1621 1429 luctu
1666 1392 1704 1428 et
1743 1390 1800 1428 sic
1837 1389 1922 1428 cod.

289 1464 524 1503 Basilccnsis
557 1475 634 1501 cum
667 1462 750 1511 illa,
793 1474 888 1514 quae
920 1462 1074 1511 saepius
1105 1459 1149 1497 ad
1183 1459 1378 1496 veritatem
1410 1458 1597 1510 antiquam
1628 1458 1794 1508 accedit,
1834 1457 1924 1496 Mu·-

291 1533 440 1571 tinensi.
501 1531 677 1570 Mendum
710 1531 855 1569 foedum
888 1530 1053 1581 quidem,
1087 1528 1153 1566 sed
1189 1528 1295 1566 cuius
1327 1528 1437 1576 origo
1469 1526 1581 1565 facile
1612 1529 1782 1577 apparet.
1842 1527 1926 1565 Ex-

292 1603 433 1641 ciderat
464 1603 566 1639 iam:
607 1598 692 1637 hinc
724 1598 879 1650 aliquis,
924 1601 1073 1636 metrum
1105 1597 1251 1635 scilicet
1280 1597 1540 1639 restituturus,
1573 1597 1797 1647 naufraqia
1828 1596 1927 1634 scri-

292 1672 382 1722 psit.
441 1668 590 1707 Vcneta
621 1667 784 1706 Acbatis
816 1670 965 1705 caetera
998 1670 1036 1705 ut
1067 1665 1148 1704 cod.
1182 1664 1298 1704 Basil.
1331 1666 1396 1703 sed
1429 1666 1655 1716 naaisraqa
1686 1664 1821 1714 babet,
1853 1675 1926 1702 non

295 1738 487 1785 consultO,
530 1740 570 1775 ut
601 1739 709 1787 puto,
750 1735 818 1774 sed
850 1747 1044 1785 operarum
1077 1747 1223 1784 errore,
1266 1735 1326 1786 qui
1359 1746 1507 1772 errores
1539 1733 1639 1772 multi
1671 1736 1758 1772 sunt
1788 1734 1823 1771 in
1857 1732 1930 1772 hac

296 1808 480 1855 editioue;
513 1807 544 1843 si
577 1808 694 1844 tamen
727 1805 777 1842 sit
808 1805 1013 1851 correctio,
1047 1802 1178 1841 infelix
1210 1806 1283 1842 est.
1343 1803 1398 1841 At
1431 1802 1465 1840 in
1500 1802 1648 1840 Veneta
1678 1802 1824 1851 liubai,
1868 1805 1929 1840 at-

296 1888 368 1928 que
399 1875 484 1913 inde
522 1875 557 1912 in
601 1873 805 1911 Vicentina
843 1876 880 1911 et
922 1871 1112 1910 Vossiauo
1144 1870 1192 1910 11.
1240 1871 1349 1909 t'oeda
1390 1871 1599 1920 correctio,
1642 1883 1761 1922 eoque
1807 1871 1930 1919 magis

295 1945 425 1992 foeda,
460 1956 531 1996 quo
563 1944 754 1981 corrector
781 1941 938 1992 propius
970 1953 990 1978 a
1025 1952 1114 1978 vero
1147 1941 1292 1979 abfuit:
1327 1940 1517 1978 Fluctuat
1543 1951 1552 1976 ε
1587 1952 1783 1993 aequoreo
1807 1941 1930 1979 omnis

295 2017 373 2053 iam
404 2014 613 2064 naufraya
642 2011 779 2063 fluctu.
839 2009 914 2048 Iam
940 2009 1025 2061 quid
1052 2010 1265 2048 Vossianus
1283 2012 1350 2048 Sl.
1376 2008 1439 2047 ille
1464 2021 1577 2059 supra
1609 2008 1750 2046 modum
1781 2004 1932 2047 bonus?

296 2082 485 2121 Tenemus
516 2080 815 2127 emendatorem,
848 2079 919 2116 nisi
959 2077 1081 2116 fallor.
1152 2077 1341 2127 Virgilius
1384 2078 1532 2115 iuvenis
1572 2089 1721 2116 versum
1762 2089 1834 2115 non
1875 2077 1931 2115 in-

299 2151 450 2200 dignum
493 2148 660 2198 Virgilio
701 2149 784 2186 viro
828 2148 1003 2185 fecerat:
1051 2146 1115 2185 ille
1161 2146 1414 2196 gracilitatem
1465 2148 1633 2184 sectatur
1678 2145 1930 2185 Ovidianam:

302 2219 440 2259 Omnis
473 2220 512 2255 in
543 2229 709 2270 equoreo
750 2216 883 2267 fluitat
923 2217 1001 2254 iam
1037 2217 1244 2267 naufraya
1281 2215 1417 2266 fluctu.
1479 2214 1649 2266 Denique
1680 2226 1752 2252 non
1784 2214 1953 2253 multum·

300 2287 427 2338 placet
459 2285 869 2335 Fluetnat—flueln.
913 2297 956 2322 ac
996 2285 1160 2322 sortasse
1193 2296 1284 2322 vera
1316 2286 1376 2322 est
1407 2284 1535 2322 nescio
1568 2283 1673 2321 cuius
1704 2284 1775 2321 viri
1807 2284 1930 2333 docti,

301 2357 466 2394 fortasse
485 2353 636 2402 Bemhi,
669 2353 876 2391 emendatio
907 2359 1055 2391 tractu.
1117 2352 1194 2391 Sed
1223 2352 1311 2390 vide
1342 2365 1448 2404 quam
1481 2364 1605 2402 parum
1637 2351 1698 2390 his
1729 2353 1764 2390 in
1795 2351 1932 2391 litteriS

301 2425 435 2463 deceat
466 2422 694 2461 confidenter
725 2421 837 2472 loqui.
898 2421 1012 2473 Quam
1053 2420 1177 2472 paullo
1208 2423 1295 2459 ante
1325 2420 1446 2458 verbo
1478 2421 1598 2459 monui
1630 2420 1813 2460 infelicem
1845 2432 1933 2460 cor-

302 2492 506 2531 rectionem
536 2492 636 2539 sore,
669 2491 700 2528 si
733 2492 815 2542 quis
847 2491 947 2528 serio
979 2490 1028 2528 ita
1061 2490 1259 2539 corrigere
1292 2489 1476 2538 voluerit,
1525 2492 1752 2543 navist-aya
1781 2490 1930 2542 fluctu,

303 2575 382 2601 eam
414 2572 509 2599 nunc
541 2571 611 2597 non
644 2559 790 2596 multum
822 2558 933 2596 abest
964 2559 1047 2610 quin
1079 2571 1206 2597 veram
1248 2561 1285 2597 et
1321 2559 1506 2610 antiquam
1546 2564 1682 2610 poetae
1712 2560 1933 2609 scripturam

302 2634 439 2681 putem.
499 2628 539 2667 Id
571 2628 777 2666 auctoritas
809 2627 904 2677 apud
936 2640 992 2665 me
1009 2626 1197 2676 Scaligeri
1220 2627 1364 2674 effecit,
1393 2640 1499 2679 quem
1531 2629 1756 2680 navifraqa
1787 2639 1807 2665 e
1839 2638 1933 2665 con-

302 2700 443 2737 iectura
473 2707 684 2749 proponere
724 2695 849 2733 video-
909 2695 956 2733 Et
987 2707 1078 2734 sane
1109 2708 1203 2747 quae
1233 2708 1289 2735 mc
1321 2708 1479 2735 caussae
1511 2697 1781 2747 impediebant,
1834 2695 1933 2748 quod

302 2768 548 2819 mccifrayus
580 2763 669 2802 alibi
700 2764 773 2801 vim
806 2762 945 2802 habere
977 2764 1137 2802 activam
1169 2764 1290 2814 solet,
1324 2769 1362 2804 et
1383 2765 1477 2818 quod
1499 2765 1666 2804 insolens
1686 2765 1810 2815 poetis
1836 2766 1933 2804 ictus

304 2836 337 2872 in
371 2835 521 2886 syllaba
554 2834 662 2872 vocis
694 2831 858 2870 secunda
889 2835 951 2880 vi,
986 2844 1054 2870 eae
1085 2844 1154 2871 non
1187 2837 1324 2873 tantum
1351 2834 1477 2874 vali-nt
1499 2835 1534 2873 in
1555 2833 1627 2872 hoc
1644 2835 1778 2884 poeta,
1812 2845 1933 2885 quan-

303 2907 373 2941 tum
407 2903 577 2942 valerent
608 2903 643 2940 in
674 2901 761 2940 alio.
823 2900 952 2953 ltaque
992 2913 1063 2939 non
1102 2902 1447 2953 reprehendendum
1486 2914 1646 2951 censeo,
1686 2902 1720 2940 si
1756 2903 1840 2955 quis
1882 2903 1934 2942 ita

304 2983 448 3010 versum
479 2975 699 3023 conceptum
729 2983 751 3009 a
782 2974 894 3022 poeta
925 2970 1053 3010 dicat:
