2006 3365
621 196 887 239 RECENSIO
921 198 1213 240 LIBRORUM.
1643 203 1744 248 413

89 309 207 348 solum
238 314 394 361 propter
426 316 638 362 corruptam
672 312 733 351 hio
765 313 841 352 illie
873 314 1120 363 scripturam,
1154 326 1250 366 quae
1283 313 1418 354 fel'ellit
1436 313 1641 366 aliquoties
1668 315 1744 353 Ba-

87 377 206 426 dium,
252 379 318 416 sed
351 379 448 430 quod
482 383 553 417 tam
588 381 751 419 dil'lieilis
784 384 896 432 pocta
929 379 1025 420 Cato
1059 385 1145 427 est,
1180 385 1218 421 ut
1251 395 1322 421 non
1355 383 1522 433 potuerit
1553 384 1588 421 in
1620 383 1744 421 omnia

88 449 303 495 penetrare.
369 447 569 486 Praeterea
611 460 689 486 eam
723 449 757 486 in
792 449 1028 487 contexenda
1063 449 1277 500 periphrasi
1310 463 1378 489 sua
1409 451 1641 502 diligentiam
1673 451 1741 489 ad-

86 511 236 557 hibuit,
271 527 367 566 quae
399 516 523 564 magis
556 517 685 566 pueris
717 529 823 568 quam
859 517 951 555 viris
984 517 1087 556 utilis
1119 522 1192 556 est.

173 650 298 687 Habui
340 652 475 699 etiam,
519 654 625 690 cuius
666 653 841 702 lleynius
882 653 1105 690 'petitionem
1143 654 1254 702 facit,
1298 652 1462 691 libellum
1501 667 1533 692 s.
1578 654 1604 693 l.
1636 658 1674 694 et
1704 667 1739 693 a.

84 720 160 757 oet.
195 718 256 756 vel
300 721 336 756 4.
380 720 465 757 urin.
508 719 644 758 litteris
683 719 852 768 gothicis
901 721 1144 770 impressum,
1191 734 1263 772 quo
1304 722 1543 760 eontinentur
1588 721 1738 771 Culex,

84 786 224 833 Dirae,
259 786 327 825 Vir
360 787 512 835 Bonus,
547 788 594 825 de
626 787 736 835 ludo,
771 787 816 824 de
849 787 984 835 liuore,
1017 788 1065 824 (le
1097 800 1241 826 venere
1265 791 1298 827 ἃ
1325 789 1436 838 vino,
1469 790 1514 827 de
1545 789 1671 829 littera
1696 804 1739 841 y,

83 859 267 905 excerpta
301 868 348 893 ex
398 855 577 904 Horatio,
620 855 821 902 Iuvenale,
867 855 1022 901 Persio,
1065 857 1314 904 fragmentum
1356 856 1463 894 Ennii
1496 870 1543 895 ex
1576 859 1739 908 septimo

82 922 283 961 Annalium
318 923 405 961 illud
439 924 536 974 quod
582 923 729 962 Gellius
760 923 850 962 Xll.
887 937 940 961 xv.
983 925 1252 972 conservavit,
1296 937 1441 963 carmen
1484 925 1629 964 Fratris
1661 927 1740 965 Ba-

81 993 199 1041 ptiste
230 992 427 1030 Mantuani
469 992 711 1031 carmelitae.
781 990 943 1031 Curavit
987 991 1182 1030 Adrianus
1226 990 1479 1031 Cornelianus
1518 991 1738 1041 Crollitius,

81 1060 187 1097 cuius
219 1059 255 1097 in
290 1059 398 1098 titulo
431 1058 514 1098 libri
556 1061 785 1110 epigramma
827 1063 887 1098 est
930 1060 974 1098 ad
1018 1061 1245 1098 iuuentutem
1277 1059 1456 1098 bonarum
1487 1061 1620 1099 artium
1652 1065 1741 1101 stu-

79 1126 235 1166 diosam.
298 1128 413 1166 Posui
447 1126 519 1166 11οο
552 1128 658 1171 loco.
704 1129 872 1180 ‹pioiniam
913 1128 948 1166 in
982 1128 1085 1166 Diris
1117 1140 1277 1178 prorsus
1317 1130 1496 1168 convenit
1538 1128 1739 1169 Cronllitio

79 1206 158 1233 cum
191 1196 409 1244 Asccusio,
443 1201 481 1236 et
512 1198 658 1249 quidem
691 1209 770 1235 eum
805 1197 1045 1235 Ascensiana
1074 1196 1105 1234 Ι.

171 1332 426 1383 Virqilius
460 1333 596 1372 Aldi.
659 1332 728 1370 Sic
759 1332 909 1383 appello
943 1332 1144 1382 Virgilium
1176 1333 1291 1382 Aldi,
1318 1333 1540 1384 impressum
1566 1335 1737 1386 octonis,

76 1398 214 1438 litteris
248 1401 476 1444 minorihus,
520 1413 614 1452 quas
646 1404 844 1438 currentes
878 1405 1036 1445 vocant,
1070 1402 1153 1440 sine
1193 1403 1278 1440 anui
1319 1402 1468 1440 iudicio.
1540 1403 1638 1441 Puto
1670 1416 1737 1442 re-

74 1469 294 1518 petitionem
327 1481 415 1507 csse
448 1468 603 1517 Virgilii
628 1468 757 1507 Aldini
784 1471 905 1507 1501.
939 1482 1048 1518 eam,
1084 1471 1189 1508 cuius
1221 1472 1359 1509 mentio
1391 1471 1488 1521 apud
1524 1470 1735 1521 lleynium:

76 1536 148 1574 etsi
182 1535 255 1574 hoc
287 1549 422 1575 novum
457 1540 537 1585 est,
583 1538 654 1575 nisi
689 1536 818 1581 fallor,
862 1538 959 1588 quod
994 1550 1091 1576 11111ιο
1122 1538 1252 1587 trado,
1297 1538 1443 1577 adiecta
1476 1551 1565 1577 esse
1597 1540 1632 1577 in
1666 1539 1737 1578 hac

76 1605 305 1654 repetitione
338 1605 546 1655 Opuseula.
604 1606 794 1643 Praefatio
827 1604 921 1643 haee
952 1609 1039 1644 est:
1082 1611 1240 1646 ALDVS
1267 1613 1532 1646 S'rvnlosis.
1559 1613 1597 1647 S.
1682 1607 1734 1646 P.

82 1671 127 1711 V.
161 1673 223 1711 M.
256 1672 471 1711 Bucolica.
505 1673 718 1723 Georyica.
763 1673 948 1712 Aeneida
985 1677 1300 1714 accuratissime
1329 1679 1537 1727 recoquita
1570 1678 1735 1715 curaui-

73 1754 158 1780 mus
191 1742 367 1780 secundo
401 1743 661 1793 informanda
697 1743 846 1794 paruis
879 1742 1186 1782 characteribus
1233 1746 1414 1792 nostris,
1462 1751 1505 1782 ut
1548 1745 1737 1783 commodi

71 1809 187 1848 uobis
222 1812 406 1861 quamuis
439 1810 563 1861 longae
596 1813 668 1849 uice
700 1813 861 1849 comites
891 1811 1041 1862 forent.
1103 1811 1351 1850 Addidimus
1383 1817 1501 1851 etiam
1533 1813 1735 1866 opuscula

71 1885 151 1916 tam
185 1891 268 1931 qme
300 1880 339 1916 in
371 1881 574 1917 iuuentute
601 1883 729 1930 poe'ta
762 1881 1005 1930 composuit,
1040 1877 1131 1931 qud
1164 1893 1250 1932 quoe
1282 1880 1369 1918 illis
1399 1882 1558 1918 inserta
1581 1881 1735 1919 baben-

71 1952 149 1984 tur.
212 1947 267 1985 Et
299 1960 529 1999 quanquam
561 1946 761 1984 obscoena
793 1959 868 1984 non
901 1947 1160 1985 censebamus
1201 1948 1326 1998 (liqna
1372 1949 1618 1997 enchiridio,
1664 1955 1735 1987 ta-

73 2027 158 2053 men
189 2014 325 2053 mullis
358 2015 532 2053 assiduo
565 2017 738 2052 conuilio
771 2014 1098 2065 elstregsilctnlibus
1126 2016 1318 2054 addenda
1339 2030 1387 2054 ea
1412 2016 1500 2067 leye
1522 2019 1734 2066 iussimus,

71 2089 113 2121 n!
143 2095 218 2134 pro
250 2084 368 2121 unius
402 2084 561 2135 cuiusqg
594 2082 765 2120 arbitrio
793 2084 986 2134 separari
1006 2090 1190 2134 possent.
1254 2085 1382 2140 Quam
1407 2092 1535 2123 aulem
1561 2098 1611 2123 ea
1631 2098 1734 2137 opu-

71 2151 190 2190 scula
223 2152 472 2198 incorrecta,
507 2156 592 2203 atq3
627 2151 856 2202 deprauata
881 2157 1157 2201 uayarencur,
1188 2152 1387 2202 sacz'llirne
1418 2154 1458 2191 si
1489 2150 1548 2190 cu*
1579 2156 1734 2193 nostris

72 2219 225 2258 collata
258 2232 284 2257 a
318 2218 432 2257 uobis
463 2219 646 2269 fuerint,
682 2222 948 2269 coynoscete's.
1019 2218 1172 2257 Valete.
1233 2218 1367 2258 Insunt
1400 2221 1562 2258 carmina
1594 2221 1735 2259 minora

72 2290 111 2326 et
142 2286 338 2337 Opuseula
370 2287 512 2334 onmia,
555 2299 652 2338 quae
683 2290 769 2325 sunt
803 2288 836 2325 in
871 2287 1032 2325 Venetis
1065 2287 1189 2325 Rubei
1224 2292 1262 2325 et
1294 2287 1472 2336 lensoni,
1507 2287 1733 2338 Vicentina‚

71 2354 251 2406 reliquis,
283 2357 320 2392 et
352 2354 482 2392 eodem
514 2354 695 2406 pleraque
727 2356 880 2393 ordine:
915 2355 1081 2405 Maphaei
1119 2355 1233 2404 Vegii
1266 2355 1477 2394 Laudensis
1501 2355 1634 2403 Liber,
1656 2356 1732 2395 Al-

72 2423 158 2462 cinii
194 2421 341 2461 Versus
362 2451 370 2467 ,
404 2422 445 2460 ln
479 2422 631 2461 Obitum
667 2422 832 2472 Vergilii
866 2423 1151 2473 ('I'‹uuporibus
1184 2423 1333 2472 laetis),
1366 2423 1516 2462 Laudes
1549 2423 1730 2472 llortuli,

71 2490 131 2529 De
164 2490 263 2528 Vino
296 2492 334 2528 et
374 2490 554 2539 Venere,
596 2491 656 2529 De
694 2491 851 2535 Liuor-e,
891 2491 950 2529 De
984 2490 1106 2530 Cautu
1152 2492 1343 2540 sirenum,
1385 2494 1460 2529 etc.
1536 2490 1732 2540 Opuseula

71 2558 144 2597 hoe
176 2558 331 2596 ordine:
374 2558 444 2596 Est
483 2561 521 2596 et
562 2570 658 2606 non,
707 2558 777 2596 Vir
818 2559 963 2607 honus,
1011 2559 1165 2608 Rosae,
1208 2558 1356 2608 Culex,
1395 2559 1533 2606 Dirae,
1576 2559 1729 2608 Aetna,

72 2625 196 2675 Ciris,
230 2624 444 2670 Moretnm,
487 2624 609 2675 Copa.
671 2625 822 2664 Desunt
853 2630 993 2665 tantum
1036 2627 1255 2675 eataiecta,
1297 2639 1418 2679 neque
1450 2627 1628 2677 Priapeia
1659 2627 1731 2665 ad-

71 2694 150 2733 dita
189 2696 276 2731 sunt
324 2692 532 2742 exemplari
571 2704 666 2731 meo-
750 2694 885 2745 Neque
933 2695 1098 2745 epistola
1149 2695 1194 2733 de
1241 2693 1540 2745 orthographiae
1585 2695 1731 2733 ratione

72 2763 219 2800 adiecta
251 2764 336 2809 est,
377 2773 483 2812 quam
529 2773 617 2800 esse
659 2763 694 2800 in
728 2763 895 2812 Virgilio
930 2763 1020 2801 Aldi
1055 2766 1178 2802 1501.
1212 2765 1374 2801 testatur
1407 2762 1597 2812 lleynius.
1660 2761 1730 2800 Ul-

72 2831 159 2868 timo
192 2829 275 2867 loco
295 2827 425 2879 Copa,
454 2829 513 2867 cui
536 2828 633 2867 haee
663 2830 836 2869 subiecta
867 2835 928 2870 est
948 2832 1180 2870 admonitio:
1213 2836 1371 2869 ALDVS
1398 2836 1661 2870 STVDIOSlS.
1688 2836 1730 2871 S.

71 2897 295 2950 Sperabam
327 2895 486 2936 daiuru*
524 2896 640 2936 uobis
675 2898 863 2938 Culicem.
905 2901 1089 2939 Aetnam.
1132 2900 1259 2938 Cirin.
1291 2900 1424 2937 Diras
1464 2898 1634 2949 Vergilii
1664 2899 1730 2938 lu-

72 2979 176 3014 sus,
224 2968 512 3014 correctiores,
554 2965 707 3005 babilis
749 2967 938 3006 alicunde
983 2967 1205 3006 emendatis
1247 2966 1441 3018 exemplis
1484 2967 1590 3020 quod
1632 2968 1730 3019 quia

72 3047 148 3073 non
179 3034 315 3082 licuit,
352 3034 497 3087 quales
530 3035 926 3086 circunferebantur,
960 3036 1157 3074 dedimus.
1222 3035 1334 3086 Veyii
1362 3041 1579 3088 praeterea
1610 3035 1728 3075 libel-
