2006 3365
311 146 412 193 348
897 142 1260 184 DISSERTATIO
1290 143 1360 185 IV.

312 260 376 299 illa
406 258 549 311 plenam
581 258 687 297 fidem
718 256 879 304 habent,
920 269 1016 310 quae
1055 257 1198 297 diserte
1228 260 1392 298 testatus
1437 263 1497 299 est
1526 261 1713 309 Vossius,
1757 263 1796 300 ut
1833 260 1943 313 quum

310 329 392 368 Dir.
434 341 472 365 v.
509 330 571 365 13.
601 326 763 377 flumina
795 339 884 365 esse
923 327 957 364 in
991 325 1144 375 codice,
1182 338 1254 365 non
1296 328 1489 379 flann’nag
1534 343 1570 367 v.
1605 333 1669 368 15.
1702 330 1943 380 condamu83

310 411 349 435 v.
374 400 439 434 20.
460 395 598 445 llin03
633 408 670 434 r.
690 398 754 432 21.
784 397 918 447 pinxit
953 407 1041 433 esse
1072 395 1280 433 annotavit.
1341 396 1394 433 Ea
1427 396 1483 434 sic
1514 396 1663 436 laudavi
1695 397 1941 449 simpliciter:

318 465 434 505 Voss.
467 463 502 501 I.
578 463 676 502 Aliis
707 462 830 500 multis
861 462 955 501 locis
988 475 1066 501 cum
1100 463 1239 501 Aldina
1270 464 1516 502 consensisse
1549 465 1760 505 Vossianus
1794 465 1820 505 l.
1855 478 1942 505 cen-

309 532 447 570 sendus
480 535 540 570 est
569 535 724 582 propter
755 531 939 570 silentium
972 531 1120 569 Vossii.
1192 531 1239 569 Et
1278 532 1312 569 in
1355 531 1412 570 his
1455 533 1598 585 quidem
1629 534 1723 573 locis
1756 548 1824 573 non
1856 535 1943 574 ubi-

309 613 379 652 que
409 601 520 639 anxie
553 601 833 639 commemoravi
866 600 1091 639 Vossianum
1123 599 1153 638 Ι.
1215 600 1369 639 Poterat
1414 600 1487 640 hoc
1518 603 1757 642 divinandum
1789 603 1943 643 lectori-

308 669 380 708 bus
412 668 589 721 relinqui,
631 668 754 707 videri
796 669 845 707 ihi
878 681 956 708 cum
990 668 1129 708 Aldina
1160 671 1388 708 convenisse
1423 670 1611 710 Vossiano
1645 672 1674 710 l.
1736 672 1842 727 Quae
1873 685 1943 711 au-

307 740 380 777 tem
413 738 695 776 commemoravi
727 751 776 776 ex
808 750 852 776 eo
884 750 1053 787 genere,
1087 739 1370 777 counnemoravi
1404 751 1482 778 cum
1514 739 1584 778 hac
1616 744 1731 780 nota:
1770 742 1889 781 Voss.
1908 742 1943 780 Ι.

308 810 346 847 si
373 808 408 859 [ἱ
442 821 477 846 s.
511 806 583 846 hoc
615 811 695 851 est,
742 808 775 845 si
807 807 898 845 fides
929 807 1080 846 silentio
1112 808 1261 847 Vossii.
1323 807 1419 847 Sunt
1451 808 1544 845 enim
1577 807 1648 847 loci
1679 810 1841 848 nonnulli
1873 815 1944 849 tam

307 875 493 925 singulari
532 875 638 914 modo
679 876 852 926 concepti
889 876 924 914 in
963 876 1124 925 Aldina,
1171 880 1210 915 ut
1251 877 1351 914 iures
1391 876 1524 914 nullum
1564 877 1723 916 inveniri
1763 879 1944 929 scriptum

308 945 492 989 codicem,
534 945 595 996 qui
632 944 884 995 adstipuletur
931 945 1117 995 Aldinae3
1160 944 1326 983 Vossius
1369 949 1487 984 tamen
1528 944 1618 983 nihil
1659 958 1681 984 e
1720 947 1848 985 codice
1880 947 1943 986 illo

307 1014 503 1052 varietatis
533 1014 742 1051 annotavit.
804 1012 854 1051 Ut
885 1013 967 1051 Dir.
1000 1026 1038 1051 v.
1069 1017 1108 1053 S.
1142 1014 1253 1053 dieat
1284 1016 1343 1053 est
1374 1014 1408 1052 iu
1429 1013 1595 1058 Aldina:
1628 1013 1717 1052 nihil
1749 1016 1946 1055 annotavit

306 1082 485 1121 Vossius.
545 1094 585 1120 v.
628 1085 693 1120 35.
740 1081 974 1133 flayrabmzt
1020 1081 1192 1121 Aldina:
1241 1083 1329 1122 nihil
1375 1085 1512 1122 monuit
1556 1084 1734 1123 Vossius.
1795 1098 1835 1123 v.
1875 1088 1943 1124 88.

306 1163 466 1203 campos
499 1164 570 1190 nec
600 1151 715 1189 adire
744 1150 771 1188 l.
805 1151 840 1188 in
875 1149 1040 1190 Aldina:
1073 1150 1161 1190 silet
1184 1151 1360 1190 Vossius.
1422 1152 1518 1206 Quid
1552 1153 1670 1202 igitur
1701 1153 1945 1192 iudicabimus

306 1220 353 1258 de
384 1218 442 1257 his
474 1215 602 1258 loeis?
661 1219 920 1258 Aberravisse
951 1219 1152 1268 Vossium,
1195 1223 1308 1271 atque
1339 1221 1492 1259 oblitum
1534 1234 1622 1260 esse.
1653 1228 1832 1260 annotare
1863 1222 1944 1260 dis-

306 1301 453 1327 sensum
486 1288 628 1326 codicis
659 1284 753 1326 sui?
813 1287 897 1326 Non
939 1288 1110 1337 videtur,
1144 1301 1251 1340 quum
1284 1301 1328 1326 ea
1359 1288 1559 1337 diligentia
1591 1291 1794 1329 instituerit
1825 1289 1944 1329 colla-

306 1358 464 1403 tionem,
499 1361 537 1395 ut
567 1356 660 1395 vitia
691 1356 910 1403 manifesta,
943 1360 980 1395 et
1011 1357 1182 1395 minutias
1213 1357 1530 1408 orthographicas
1561 1363 1740 1396 annotare
1772 1371 1842 1397 non
1874 1358 1944 1398 de-

306 1426 486 1475 dignatus
512 1427 588 1464 sit:
622 1426 669 1463 cf.
687 1425 768 1463 Dir.
795 1428 881 1462 111.
910 1428 998 1463 151.
1021 1428 1112 1464 183.
1138 1428 1229 1465 140.
1251 1429 1342 1464 141.
1404 1426 1465 1465 An
1485 1427 1606 1465 fuisse
1628 1427 1762 1476 (licat,
1786 1427 1945 1479 βαφα-

308 1495 416 1544 bunt,
449 1498 486 1534 et
512 1509 583 1534 nec
603 1495 719 1533 adire
749 1494 782 1532 iu
806 1494 935 1532 codice
964 1493 1117 1543 Vossii,
1152 1498 1190 1533 ut
1220 1498 1280 1533 est
1313 1495 1348 1532 in
1375 1491 1542 1534 Aldina?
1573 1495 1630 1534 Ita
1660 1496 1823 1535 videtur.
1885 1497 1945 1535 Ac

305 1564 453 1603 multum
492 1565 631 1602 crescit
668 1564 761 1602 fides
802 1563 966 1602 Aldinae
997 1563 1106 1602 huius
1139 1564 1280 1603 codicis
1326 1565 1445 1604 Voss.
1479 1564 1509 1603 Ι.
1544 1577 1743 1603 consensu.
1803 1565 1944 1604 Tamen

307 1646 413 1685 quum
448 1645 510 1671 res
542 1645 614 1670 non
646 1645 803 1683 prorsus
834 1638 939 1672 certa
970 1634 1043 1681 sit,
1089 1634 1269 1671 eiusmodi
1300 1633 1394 1672 locis
1426 1638 1568 1683 notam,
1613 1646 1719 1686 quam
1761 1634 1863 1683 dixi,
1906 1636 1946 1674 si

304 1702 339 1753 f.
371 1715 406 1741 s.
446 1702 668 1740 addidimus.

391 1770 540 1809 Deinde
571 1772 603 1808 si
636 1770 782 1822 quando
821 1782 893 1808 non
934 1770 1215 1808 commemoravi
1256 1769 1487 1808 Vossiauum
1518 1769 1549 1808 Ι.
1594 1770 1654 1809 ubi
1688 1774 1808 1810 tamen
1841 1783 1945 1810 eom-

305 1843 526 1877 memoratur
564 1838 791 1878 Vossianus
824 1851 845 1876 a
878 1839 1117 1887 Burmanno,
1158 1841 1221 1876 aut
1253 1839 1284 1876 si
1316 1839 1363 1876 de
1394 1852 1439 1877 eo
1472 1852 1628 1890 prorsus
1661 1841 1847 1878 contraria
1877 1841 1944 1888 iis,

307 1920 403 1960 quae
434 1920 483 1946 ex
516 1907 643 1946 eodem
676 1907 827 1946 tradidit
861 1908 1112 1955 Burmannus,
1146 1906 1275 1955 retuli,
1309 1907 1343 1944 id
1376 1920 1546 1959 quoque,
1579 1921 1624 1946 ne
1656 1909 1739 1960 quis
1770 1909 1944 1958 miretur,

306 1977 425 2027 ipsius
456 1977 680 2014 auctoritate
711 1975 843 2014 Vossii
876 1978 1009 2014 factum
1042 1976 1149 2014 sciat.
1223 1975 1368 2025 Nempe
1409 1989 1503 2027 quae
1535 1977 1765 2016 Burmannus
1797 1990 1845 2016 ex
1877 1990 1946 2016 suo

306 2045 498 2083 Vossiano
529 2046 694 2095 profert,
720 2044 814 2082 haud
848 2057 932 2083 raro
965 2049 1096 2095 aperte
1127 2045 1369 2093 refragantur
1401 2044 1590 2083 collationi
1611 2045 1741 2084 Vossii
1772 2047 1890 2097 ipsius
1910 2046 1945 2084 in

308 2112 480 2163 exemplo
501 2113 654 2152 Aldino.
716 2112 765 2152 Ut
796 2126 902 2165 quum
923 2113 1006 2151 Dir.
1028 2117 1089 2151 15.
1115 2113 1270 2159 sulcis,
1305 2127 1343 2151 v.
1378 2117 1443 2152 46.
1474 2115 1570 2166 fiat,
1604 2127 1642 2152 v.
1676 2117 1743 2154 43.
1775 2117 1944 2164 noslris,

309 2195 347 2219 v.
380 2185 446 2220 88.
479 2183 645 2230 audire,
681 2196 718 2220 v.
757 2186 846 2222 149.
880 2185 1099 2235 insparsa,
1133 2184 1166 2220 in
1199 2183 1392 2222 Vossiano
1425 2196 1513 2222 esse
1546 2184 1774 2222 Burmannus
1806 2184 1944 2222 tradit:

309 2251 494 2289 contraria
536 2251 662 2300 potius
704 2252 738 2288 in
772 2263 817 2289 eo
850 2252 967 2290 fuisse.
999 2251 1232 2290 statuendum
1281 2256 1340 2289 est
1372 2264 1391 2289 e
1423 2251 1572 2289 silentio
1617 2250 1774 2301 Vossii,
1814 2252 1943 2301 sulci,

308 2320 429 2372 fiant,
462 2323 634 2368 vestris,
668 2333 739 2359 nec
770 2321 905 2368 adire,
940 2323 1158 2372 inspersa,
1192 2332 1272 2357 nam
1305 2320 1361 2357 sic
1392 2320 1426 2356 in
1448 2319 1608 2370 Aldina,
1641 2321 1696 2357 cui
1730 2319 1819 2358 nihil
1852 2332 1946 2359 con-

309 2388 460 2427 trarium
491 2400 540 2425 ex
572 2388 700 2426 codice
731 2389 925 2427 annotavit
958 2388 1124 2427 Vossius
1156 2389 1201 2426 iis
1233 2387 1342 2427 locis.
1417 2387 1610 2441 Quomodo
1651 2391 1770 2427 autem
1810 2390 1945 2428 factum

309 2456 382 2504 sit,
414 2461 453 2494 ut
484 2456 713 2494 Burmannus
746 2456 936 2495 Vossiano
968 2470 1012 2495 ea
1043 2457 1256 2506 affinxerit,
1296 2469 1391 2508 quae
1424 2458 1545 2507 ipsius
1578 2456 1728 2506 vossii,
1770 2458 1830 2509 qui
1864 2469 1945 2495 eum

310 2524 475 2564 codicem
517 2524 701 2572 contulit,
747 2526 959 2564 testimonio
1001 2529 1242 2576 repugnant,
1286 2527 1527 2573 coniectura,
1569 2529 1608 2564 ut
1648 2525 1733 2564 mihi
1775 2527 1944 2576 videtur,

310 2593 500 2631 admodum
531 2592 736 2643 probabili,
770 2606 840 2631 non
874 2594 936 2632 illa
967 2595 1091 2633 obiter
1122 2595 1367 2643 excogitata,
1399 2594 1464 2632 sed
1499 2594 1702 2642 diligenter
1732 2606 1943 2645 perpensa,

311 2675 355 2701 ac
386 2662 593 2700 deliberata
625 2674 702 2700 cum
735 2662 894 2709 Geelio,
929 2663 1094 2714 explico.
1154 2664 1385 2702 Burmannus
1417 2662 1610 2714 exemplar
1640 2663 1727 2701 illud
1760 2662 1941 2711 Aldinae,

312 2732 348 2770 in
379 2744 450 2783 quo
484 2731 634 2770 collatio
667 2731 823 2779 Vossii,
860 2744 931 2770 non
966 2733 1083 2783 ipsum
1116 2733 1305 2782 inspexit,
1337 2732 1404 2771 sed
1436 2732 1534 2770 aliud
1567 2731 1759 2782 exemplar
1789 2730 1942 2775 habuit,

312 2801 348 2838 in
380 2800 477 2852 quod
509 2813 553 2838 ea
584 2799 733 2839 collatio
765 2801 811 2838 ab
842 2800 915 2839 alio
948 2802 1030 2839 viro
1063 2802 1198 2849 docto,
1230 2802 1394 2840 sortasse
1421 2814 1441 2839 a
1468 2801 1620 2849 Tollio,
1653 2799 1833 2838 translata
1864 2802 1946 2840 erat

314 2881 363 2907 ex
394 2868 457 2907 illo
490 2868 662 2919 exemplo
694 2868 847 2907 Aldino.
908 2869 1008 2907 Idem
1040 2870 1099 2908 vir
1131 2870 1264 2908 doetus
1304 2870 1399 2908 alius
1439 2869 1628 2908 cuiusdam
1670 2868 1836 2916 codicis,
1880 2867 1944 2906 vel

314 2937 467 2976 aliorum
500 2938 685 2987 codicum,
726 2936 910 2976 lectiones
942 2937 1153 2989 addiderat,
1193 2942 1306 2991 atque
1345 2939 1652 2978 intermiscuerat.
1711 2937 1945 2975 Burmannus

317 3017 409 3044 vero
449 3007 522 3046 ista
559 3007 679 3046 onmia
716 3006 761 3045 ad
801 3019 907 3045 unum
945 3007 1111 3046 codicem
1151 3007 1377 3047 Vossianum
1417 3006 1556 3046 retulit.
1625 3004 1662 3043 ls
1694 3004 1789 3043 alius
1821 3005 1943 3045 codex
