2006 3365
331 196 431 241 326
929 190 1293 232 DISSERTATIO
1325 191 1393 231 ΙΙΙ.

415 308 524 346 Nunc
554 317 672 356 pauca
702 309 906 357 supersunt
936 307 983 346 de
1013 307 1122 358 poesi
1154 305 1312 346 Catonis
1336 307 1544 356 generatim
1566 308 1745 346 dicenda:
1779 309 1962 360 quatenus

328 377 472 428 quidem
504 374 673 413 iudicium
704 374 752 413 de
783 387 827 414 ea
857 377 945 414 ferri
976 388 1025 414 ex
1055 375 1115 414 his
1138 375 1282 414 duobus
1304 376 1551 426 carminibus,
1579 376 1701 416 Diris
1727 379 1764 416 ct
1785 377 1959 428 Ecloya,

326 444 427 482 licet.

410 512 542 550 Sermo
574 512 608 550 in
641 514 799 564 utroque
831 513 990 551 carmine
1023 513 1138 557 idem,
1174 525 1311 551 versus
1332 512 1440 551 idem.
1501 512 1550 551 Et
1579 525 1671 550 sane
1693 512 1817 550 mirum
1841 514 1958 560 soret,

323 581 354 618 si
387 579 544 620 Catonis
575 581 764 629 ingenium
798 594 841 620 eo
874 583 1051 632 temporis
1083 583 1230 632 spatio,
1274 582 1369 633 quod
1414 582 1510 620 inter
1546 582 1728 630 Eclogam
1771 585 1808 621 et
1844 583 1959 621 Diras

320 650 587 688 intercessisse
619 650 798 695 diximus,
830 650 878 688 ab
909 664 977 688 sua
1009 650 1248 701 simplicitate
1278 650 1511 688 deflexisset.
1573 650 1716 703 Quodsi
1750 652 1806 690 cui
1837 653 1959 701 magis

318 719 494 755 maturum
527 730 671 756 carmen
702 719 857 768 Dirae,
889 720 1012 767 magis
1044 718 1176 767 virile,
1211 731 1316 770 quam
1348 718 1503 757 alterum
1537 719 1734 767 videatur,
1769 723 1807 758 ut
1838 722 1959 758 fateor

317 786 440 824 videri
472 786 582 837 mihi,
626 787 825 825 videndum
858 791 938 836 est,
978 800 1023 826 au
1056 789 1090 826 id
1123 791 1380 836 argumentum
1412 786 1582 825 Dirarum
1614 788 1664 825 ita
1696 790 1812 839 serat,
1845 788 1958 827 valde

315 855 405 894 illud
438 855 625 894 diversum
656 856 703 894 ab
735 860 956 905 argumento
990 856 1182 905 Eclogae,
1215 867 1309 908 quae
1342 858 1421 893 tota
1452 856 1641 894 amatoria.

399 923 441 963 In
472 924 632 976 Eeloya
663 924 735 963 hoc
765 924 1043 962 observandum
1075 937 1119 962 ac
1150 924 1480 975 perpendendum,
1514 924 1611 976 quod
1646 926 1825 964 versibus
1855 927 1956 964 scri-

313 995 378 1044 pta
410 997 469 1032 est
501 993 743 1032 hexametris.
805 992 914 1031 Unde
944 1005 1164 1043 persuasum
1195 992 1280 1031 mihi
1323 996 1404 1042 est,
1451 993 1561 1031 etiam
1614 993 1755 1046 reliqua
1797 995 1956 1033 carmina

313 1061 474 1115 Lydiae
505 1062 589 1100 libri
622 1062 750 1100 eodem
782 1064 900 1100 metro
933 1063 1063 1100 luisse.
1124 1061 1257 1112 Inepta
1288 1066 1347 1101 cst
1379 1062 1566 1112 opinatio,
1602 1063 1670 1100 iam
1703 1075 1816 1114 supra
1842 1075 1954 1102 ano-

312 1130 372 1169 bis
405 1130 508 1168 Diss.
541 1129 591 1170 11.
623 1133 721 1169 extr.
754 1129 938 1180 explosa,
983 1128 1161 1169 Catonem
1194 1133 1361 1171 fortasse
1394 1132 1504 1170 etiam
1543 1131 1664 1182 lyrico
1696 1133 1856 1170 carmine
1886 1144 1953 1171 ce-

311 1198 527 1237 lebravisse
559 1198 728 1248 Lydiam.
791 1199 846 1237 At
876 1197 948 1236 hoc
978 1199 1113 1250 aliquis
1145 1204 1324 1250 (praerat,
1366 1213 1472 1251 (prum
1506 1203 1543 1239 et
1574 1200 1744 1252 Eclogac
1775 1204 1952 1249 nostrae,

310 1271 348 1306 et
387 1267 607 1319 reliquorum
656 1268 691 1305 in
738 1266 858 1317 Lydia
898 1268 1093 1305 carminum
1132 1267 1242 1305 molle
1282 1270 1392 1320 atque
1432 1270 1646 1306 amatorium
1695 1271 1953 1317 argumentum

310 1337 451 1374 fuerit:
485 1348 549 1374 cur
579 1347 650 1374 non
683 1335 821 1383 elegis.
882 1335 1100 1386 Responsio
1140 1335 1285 1386 facilis,
1326 1341 1436 1387 atque
1467 1337 1502 1374 in
1533 1340 1719 1387 promptu.
1779 1337 1951 1375 Nondum

310 1405 464 1443 inventa
495 1407 577 1444 erat
608 1403 768 1444 Catonis
800 1408 924 1444 aetate
966 1404 1103 1453 Elegia
1134 1404 1279 1443 Latina.
1342 1404 1497 1443 Primum
1540 1405 1699 1454 Elegiae
1738 1406 1835 1443 inter
1866 1405 1951 1444 Ro-

308 1486 437 1511 manos
469 1477 657 1512 auctorem
690 1476 727 1512 ct
759 1485 834 1521 ego
866 1486 1015 1523 semper
1046 1474 1262 1523 suspicatus
1296 1486 1396 1521 sum,
1429 1477 1466 1512 et
1488 1474 1692 1512 Santenius
1723 1473 1767 1512 ad
1799 1473 1951 1512 Teren-

310 1543 448 1581 tianum
479 1542 534 1580 M.
566 1555 603 1592 p.
637 1545 732 1580 286.
765 1542 885 1580 verbo
918 1545 1062 1590 monet,
1105 1541 1290 1581 Catullum
1328 1543 1460 1580 fuisse.
1522 1542 1564 1580 ld
1597 1541 1742 1580 duobus
1774 1554 1950 1593 compro-

312 1611 421 1649 batur
451 1611 704 1660 argumentis,
752 1622 903 1662 quorum
935 1612 1038 1661 prius
1069 1610 1302 1648 historicum.
1378 1609 1512 1649 Nullus
1545 1611 1580 1647 in
1614 1609 1770 1649 historia
1801 1610 1950 1649 littera-

312 1691 388 1717 rum
420 1679 611 1717 latinarum
643 1678 837 1717 invenitur
867 1680 1052 1730 antiquior
1085 1677 1233 1717 Catullo
1266 1678 1459 1727 elegorum
1500 1679 1686 1728 scriptor:
1734 1691 1814 1716 nam
1854 1679 1951 1729 Epi-

314 1751 538 1799 grammata,
571 1747 758 1796 elegiacis
790 1747 969 1785 versibus
1001 1748 1162 1798 scripta,
1196 1749 1233 1785 ut
1252 1747 1382 1795 Ennii,
1415 1749 1518 1785 recte
1550 1747 1596 1784 ab
1629 1746 1699 1785 hac
1730 1748 1951 1799 quaestione

314 1816 480 1855 excludit.
514 1816 732 1855 Santenius.
793 1815 964 1854 Alterum
996 1818 1273 1864 argumentum,
1315 1816 1350 1853 in
1382 1828 1453 1867 quo
1486 1828 1558 1853 non
1589 1816 1710 1853 minus
1751 1816 1951 1866 ponderis,

315 1898 335 1924 e
371 1884 684 1935 contemplatione
717 1884 838 1935 ipsius
870 1883 1020 1933 elegiae
1041 1883 1275 1923 Catullianae
1306 1884 1518 1934 petendum.
1581 1883 1677 1922 Sunt
1709 1888 1858 1934 praeter
1873 1882 1953 1923 Co-

316 1968 404 1993 mam
440 1953 666 2001 een-enices,
709 1965 804 2005 quac
846 1965 918 1990 non
960 1953 1110 2003 propria
1152 1955 1211 1990 est
1251 1950 1411 2003 Catulli,
1453 1956 1490 1991 et
1529 1956 1680 2002 praeter
1723 1964 1867 1990 carmen
1908 1951 1954 1990 ad

314 2023 486 2069 ianuam,
519 2021 615 2073 quod
648 2021 988 2072 epigrammaticum
1020 2022 1162 2070 magis,
1196 2033 1299 2073 quam
1332 2020 1564 2069 elegiacum,
1593 2021 1686 2059 duae
1719 2018 1946 2060 [1111111111Οᾶ-

319 2091 398 2131 tulli
430 2090 600 2142 elegiae,
632 2091 677 2128 ad
708 2089 895 2138 Ortalum,
929 2090 973 2128 ad
997 2090 1197 2137 Manlium,
1230 2103 1278 2127 ex
1299 2091 1588 2141 Epigraimnatis
1619 2089 1663 2128 ad
1697 2089 1847 2138 elegiae
1868 2088 1954 2127 lon-

315 2161 522 2210 gitudinem
562 2159 730 2206 accedit,
776 2159 871 2211 quod
905 2158 1022 2210 vulgo
1055 2162 1114 2197 est
1146 2158 1328 2198 LXXVI.
1404 2158 1453 2198 Se·
1493 2171 1573 2212 qua
1611 2159 1841 2197 recordante·
1880 2160 1952 2195 etc.

315 2229 402 2268 Non
434 2228 580 2266 inultum
618 2228 789 2265 momenti
832 2228 866 2265 in
906 2240 950 2265 eo
994 2239 1147 2277 ponam,
1191 2227 1287 2279 quod
1330 2230 1400 2266 tam
1442 2239 1585 2276 paucae
1624 2228 1726 2264 sint:
1773 2226 1844 2264 etsi
1882 2224 1954 2264 hoc

318 2309 464 2350 quoque
498 2308 569 2334 non
600 2295 691 2334 male
722 2296 855 2348 aliquis
894 2297 938 2334 ad
972 2295 1067 2334 hanc
1099 2297 1386 2346 disputationem
1418 2298 1581 2333 nostram
1613 2294 1837 2333 adhibuerit.
1899 2295 1954 2333 At

319 2365 524 2413 Catullum,
558 2367 705 2416 poetam
738 2365 1100 2413 ingeniosissimum‚
1143 2365 1203 2415 qui
1235 2367 1416 2414 acceptos
1447 2364 1494 2402 ah
1525 2364 1795 2415 antiquioribus
1827 2363 1953 2414 poetis

317 2436 443 2475 latinis
475 2434 629 2472 iambum
661 2435 699 2472 et
737 2432 1096 2483 hendecasyllabum
1138 2433 1188 2470 ita
1228 2432 1419 2481 excoluit,
1459 2432 1548 2470 nihil
1588 2435 1625 2471 ut
1664 2432 1879 2480 elegantius
1909 2443 1953 2470 ac

319 2504 512 2543 rotundius
544 2502 706 2551 cogitari
738 2505 872 2554 queat,
919 2502 978 2553 qui
1023 2500 1094 2538 alia
1125 2504 1262 2549 metra,
1302 2502 1432 2551 parvis
1478 2504 1566 2551 apta
1597 2502 1842 2550 carminibus,
1874 2501 1951 2550 pri-

319 2586 426 2621 mus,
460 2574 496 2610 ut
527 2571 633 2609 Diss.
660 2570 691 2609 Ι.
724 2584 760 2621 p.
786 2574 880 2609 230.
913 2568 1160 2620 probabiliter
1191 2569 1357 2614 conieci,
1392 2570 1426 2607 in
1460 2570 1601 2608 Latium
1633 2569 1777 2618 intulit,
1810 2571 1951 2607 tracta-

320 2642 450 2693 vitque
481 2639 697 2678 fclicissime
728 2651 772 2677 ac
805 2639 1057 2688 peritissime:
1100 2638 1132 2675 si
1176 2638 1211 2675 in
1251 2636 1386 2686 Elegia
1418 2638 1512 2676 alios
1543 2642 1718 2677 auctores
1750 2638 1884 2676 latinos
1915 2639 1953 2676 et

322 2711 420 2748 bona
452 2707 624 2759 exempla
653 2707 768 2745 latina
798 2710 883 2745 ante
915 2705 1044 2744 oeulos
1075 2704 1292 2754 habuisset,
1323 2706 1511 2758 aliquanto
1534 2707 1656 2756 magis
1686 2707 1839 2756 peritum
1872 2717 1951 2743 ma-

322 2779 460 2829 gisque
491 2776 734 2816 exercitatum
767 2775 838 2813 hoc
869 2777 903 2813 in
935 2786 1098 2824 genere,
1132 2786 1236 2825 quam
1268 2786 1363 2813 nunc
1384 2778 1463 2823 est,
1493 2775 1719 2813 videremus.
1779 2773 1872 2812 Nam
1904 2774 1952 2813 de

322 2847 458 2895 Elegia
489 2846 533 2883 ad
565 2844 747 2884 Manlium
778 2845 898 2883 sentio
931 2843 1074 2895 quidem
1107 2855 1184 2882 cum
1217 2843 1396 2882 Mureto:
1439 2843 1720 2894 pulcherrimam
1760 2855 1872 2892 esse,
1913 2846 1952 2882 et

323 2916 486 2952 sortasse
518 2913 650 2952 nullam
683 2914 719 2951 in
751 2912 847 2951 omni
879 2912 1011 2951 Latina
1041 2911 1170 2960 lingua
1201 2911 1445 2962 pulchriorem
1477 2912 1661 2962 reperiri:
1703 2923 1828 2949 verum
1861 2924 1949 2950 sen-

324 2982 373 3019 tio
405 2983 476 3031 ita,
516 2983 602 3034 quia
631 2984 791 3033 poetae,
837 2981 872 3019 in
913 2993 984 3032 quo
1017 2980 1072 3019 sic
1102 2979 1323 3030 simplicitas
1353 2981 1504 3032 antiqua
1535 2992 1612 3018 cum
1643 2980 1796 3029 propria
1826 2993 1949 3019 venu-

324 3052 423 3088 state
455 3051 650 3090 coniuncta
681 3052 761 3099 est,
803 3051 842 3090 ut
871 3051 930 3089 est
960 3049 1058 3100 apud
1090 3048 1295 3101 Catullum,
1337 3049 1445 3089 etiam
1483 3049 1599 3089 minus
1629 3047 1804 3089 absoluta
1834 3061 1950 3101 opera
