2006 3365
269 145 370 189 306
857 133 1221 174 DISSERTATIO
1253 133 1321 174 Ill.

503 254 589 292 Hoc
617 255 742 290 minus
777 250 959 303 inph'cuie
990 249 1083 288 (lira
1111 248 1327 300 formidine
1355 257 1526 288 mentem.

498 321 614 373 Quem
644 327 858 373 postquam
887 319 991 358 vidit
1022 331 1182 357 caesum
1212 318 1497 369 lanyaescere,
1531 319 1650 358 sedit.

272 390 504 431 Sententiam
537 391 617 427 l'ere
657 390 884 439 assequutus
930 390 990 425 est
1030 386 1229 436 lleynius3
1276 398 1341 424 eur
1379 387 1507 437 inepta
1546 389 1620 435 sit,
1661 391 1724 425 aut
1754 387 1838 438 quid
1872 386 1907 423 in

272 473 349 499 eam
392 461 506 508 poeta
546 458 661 507 inepti
706 455 895 504 intulerit,
937 455 1077 494 oblitus
1117 457 1176 493 est
1220 456 1358 493 dicere.
1421 455 1644 494 Sententia:
1693 458 1909 505 pastorem,

270 528 368 579 quod
401 529 559 577 repente
590 526 742 564 excitus
775 538 795 563 e
827 537 955 562 somno
987 526 1142 562 mentem
1176 524 1331 561 nondum
1365 526 1476 561 totam
1506 524 1740 573 recepisset,
1773 523 1909 560 obstu-

270 597 456 646 pefactum
488 596 610 643 magis
643 606 747 646 quam
780 594 1016 644 perterritum
1048 592 1230 643 adspectu
1263 592 1458 640 draconis,
1491 604 1562 630 non
1595 592 1806 630 metientem
1836 597 1910 641 ‘pe-

270 663 374 702 riculi
407 664 720 713 magnitudinem,
755 667 792 701 et
824 662 932 714 quasi
965 661 1144 709 inscium,
1179 660 1268 698 illud
1301 661 1461 705 fecisse,
1494 660 1591 712 quod
1621 661 1793 710 optimum
1817 663 1911 698 erat.

270 733 355 772 Non
388 745 490 782 nego
524 731 596 770 boc
627 731 842 780 elegantius
874 731 944 769 diei
978 730 1171 780 potuisse,
1203 734 1316 781 atque
1341 729 1556 778 elegantius
1585 728 1749 767 dixisset
1773 731 1914 766 matura

271 804 397 841 aetate
426 800 644 850 Virgilius:
679 800 745 839 sed
779 802 838 839 est
869 800 962 838 satis
994 798 1091 837 bene
1119 798 1268 836 dietum.
1329 811 1368 836 v.
1395 801 1486 837 197.
1519 799 1645 836 summ·
1665 797 1912 836 eeorrectio-

273 883 319 910 ne
352 869 542 919 Scaligeri
575 870 807 914 certissima,
841 868 1040 907 facillima:
1079 868 1114 905 in
1146 866 1205 905 his
1237 867 1328 905 meis
1359 866 1528 905 onmibus
1559 868 1660 905 omni
1691 865 1843 915 legitur.
1877 868 1915 905 et

274 943 398 980 somni
429 941 514 978 ante
547 938 784 987 Scaligerum
817 937 981 984 Aldina,
1025 935 1175 985 Heynio
1207 938 1384 974 testante.
1446 949 1484 973 v.
1524 939 1613 974 198.
1654 938 1742 985 apte
1780 934 1915 973 dictum

274 1009 457 1048 Nescius
490 1008 755 1060 adspiciens:
789 1018 860 1044 non
893 1006 1054 1054 agnovit
1083 1009 1296 1055 serpentem
1329 1007 1482 1055 past0r3
1515 1004 1609 1042 vidit
1640 1006 1778 1042 tantum
1809 1015 1916 1041 mon-

275 1080 415 1124 strum,
456 1075 608 1123 malum,
648 1073 866 1125 perieulum.
921 1074 993 1112 ista
1025 1086 1139 1122 vere,
1181 1076 1295 1112 timor
1333 1074 1628 1113 obcaecaverat
1671 1080 1808 1121 artus,
1849 1083 1918 1123 per

274 1144 519 1198 parenthesin
550 1143 770 1194 accipienda
801 1146 914 1189 sunt,
957 1141 1081 1194 qualia
1112 1154 1197 1180 mox
1233 1142 1441 1180 videbimus
1472 1142 1570 1193 apud
1604 1142 1785 1182 Catonem
1818 1152 1917 1179 non-

274 1214 402 1254 nulla:
452 1217 537 1252 sunt
585 1213 678 1251 enim
719 1211 955 1263 epexegesis
996 1210 1194 1248 verborum
1239 1213 1400 1250 nescius
1449 1211 1701 1264 adspiciens.
1761 1210 1918 1249 Neseis

275 1283 425 1323 Thuan.
467 1289 733 1322 cxcecaaeral
777 1280 895 1319 Voss.
930 1284 996 1319 Sl.
1040 1279 1334 1318 obcaecaverat
1373 1279 1437 1318 vel
1475 1280 1741 1319 obcecaverat
1771 1278 1919 1330 reliqui.

276 1366 315 1391 v.
354 1355 444 1391 199.
476 1351 655 1405 implevit
685 1350 832 1389 Tlman.
858 1349 1027 1403 inplevit
1045 1348 1162 1387 Voss.
1183 1352 1249 1388 81.
1275 1349 1494 1403 implicuit,
1529 1351 1568 1387 ut
1591 1348 1725 1398 vulgo,
1749 1348 1920 1397 August.

279 1422 422 1479 Quem,
457 1423 684 1470 serpentem.

365 1488 425 1529 Cl'.
459 1489 587 1528 Caius
621 1488 705 1528 Cul.
741 1490 834 1526 205,
869 1487 989 1544 (laem
1022 1485 1107 1526 Cul.
1130 1489 1225 1525 232.
1266 1486 1343 1526 Sed
1377 1487 1472 1525 satis
1504 1485 1757 1536 exemplorum
1790 1497 1811 1522 e
1842 1483 1919 1523 Cu-

279 1559 353 1597 lice
385 1562 457 1597 est.
519 1555 717 1596 Caeterum
749 1556 810 1594 hie
849 1569 921 1594 non
964 1557 1139 1607 proprius
1186 1554 1320 1595 Catoni
1360 1559 1398 1594 et
1442 1555 1713 1607 antiquioribus
1750 1553 1922 1593 nectendi

279 1628 429 1675 modus,
470 1626 536 1664 sed
570 1626 771 1663 communis
803 1624 1111 1674 elegantissimis·
1173 1624 1365 1673 Virgilius
1397 1624 1542 1673 Georg.
1577 1625 1607 1664 Ι.
1641 1627 1736 1663 343.
1769 1625 1808 1662 4.

510 1694 667 1733 Cuncta
697 1694 770 1732 aba·
802 1695 980 1733 Cererem
1009 1693 1136 1745 pubes
1169 1695 1348 1745 ayrestis
1381 1694 1536 1732 adoret.

510 1761 580 1802 Cui
611 1770 653 1802 ta
684 1763 790 1802 lacte
819 1764 970 1814 savos,
1010 1769 1049 1800 ec
1078 1764 1163 1800 miti
1194 1762 1303 1801 dilue
1333 1762 1512 1801 Baccho.

283 1834 367 1872 Huc
399 1833 488 1871 l'acit
520 1830 703 1869 lluschkii
734 1832 778 1869 ad
811 1830 955 1869 Tibull.
987 1830 1016 1868 Ι.
1050 1846 1115 1879 v1,
1147 1835 1212 1869 40.
1246 1830 1294 1869 ll.
1331 1846 1395 1879 111,
1431 1834 1497 1869 43.
1530 1830 1599 1869 ΙΙΙ.
1633 1845 1664 1879 1,
1696 1833 1758 1867 10.
1790 1828 1923 1879 dispu-

283 1903 400 1951 tatio,
434 1913 482 1939 ex
515 1913 586 1952 qua
616 1899 724 1938 locos
757 1901 981 1949 consignavi
1015 1902 1114 1943 tres,
1147 1899 1305 1947 Virgilii
1338 1900 1437 1938 Aen.
1459 1899 1528 1938 1V.
1558 1902 1651 1938 138.
1710 1896 1854 1936 Tibulli
1875 1895 1925 1934 ΙΙ.

284 1987 352 2020 111,
387 1974 452 2007 43.
484 1970 671 2020 Propertii
706 1968 753 2007 ll.
788 1984 912 2018 xv111,
948 1972 1011 2006 15.
1045 1968 1180 2020 quibus
1213 1968 1300 2006 illud
1335 1980 1524 2007 cennmune
1556 1980 1635 2006 cum
1668 1964 1814 2006 Catone
1844 1965 1926 2004 Dir.

283 2054 322 2078 v.
358 2041 421 2078 78.
457 2042 495 2077 et
527 2050 605 2076 cum
638 2037 796 2088 prolatis
827 2050 847 2075 a
878 2049 935 2075 me
974 2036 1068 2075 loeis
1100 2035 1264 2083 Culicis,
1307 2037 1404 2089 quod
1437 2049 1586 2075 versum
1627 2035 1757 2086 incipit
1788 2046 1927 2086 prono-

285 2121 388 2157 men,
420 2109 459 2145 et
491 2106 588 2158 quod
630 2118 764 2144 novam
805 2106 1053 2154 sententiam,
1097 2104 1159 2143 vel
1202 2118 1335 2143 novam
1367 2105 1579 2143 sententiae
1610 2107 1774 2155 partem,
1807 2103 1858 2141 ita
1889 2105 1928 2142 ut

287 2178 320 2215 si
353 2188 424 2214 non
458 2181 649 2227 punctum,
691 2174 800 2213 eolon
842 2178 942 2213 certe
983 2174 1191 2224 ponendum
1224 2175 1273 2212 sit
1303 2178 1390 2213 aute
1421 2185 1625 2224 pronomen
1656 2172 1758 2211 illud.
1821 2171 1928 2225 Quod

287 2247 429 2297 ipsum,
462 2257 570 2295 quum
601 2244 635 2281 in
669 2247 798 2282 nostra
829 2244 935 2294 poesi
970 2255 1041 2281 non
1074 2241 1262 2281 soleamus
1294 2245 1440 2290 facere,
1472 2241 1566 2280 male
1592 2240 1722 2280 habuit
1739 2241 1930 2291 Hcynium

288 2319 362 2353 tum
394 2313 430 2351 in
464 2311 607 2351 Culicis
640 2325 677 2349 v.
710 2315 912 2350 121.186.
939 2314 1033 2350 232.
1067 2312 1113 2349 de
1144 2311 1279 2363 quibus
1310 2310 1436 2361 paullo
1468 2312 1554 2349 ante
1585 2310 1831 2360 disputatum,
1858 2312 1932 2347 tum

290 2385 325 2421 in
358 2382 472 2430 Virg.
504 2380 667 2419 Aeneid.
694 2380 762 2418 lV.
792 2384 880 2419 138.
915 2384 952 2418 et
984 2381 1018 2417 in
1039 2379 1180 2418 Tibull.
1209 2379 1256 2417 ll.
1279 2395 1342 2423 111,
1368 2382 1433 2417 43.
1467 2378 1704 2430 impulitque,
1738 2382 1775 2417 ut
1808 2377 1932 2416 mallet

290 2451 510 2503 pronomine
541 2449 836 2488 demonstrativo
871 2462 960 2487 usos
992 2453 1126 2499 poetas
1159 2461 1260 2486 esse.
1336 2447 1475 2486 Verum
1507 2452 1627 2486 tamen
1659 2446 1756 2486 hunc
1787 2457 1932 2498 quoque

292 2519 469 2571 loquendi
502 2518 644 2556 modum
677 2531 766 2556 suos
798 2517 979 2556 habuisse
1004 2518 1138 2556 limites
1171 2516 1354 2555 credibile
1385 2522 1456 2556 est.
1518 2516 1567 2555 Et
1596 2515 1634 2554 hi
1666 2517 1809 2568 quidem
1836 2527 1932 2566 poe-

293 2593 372 2636 tae,
405 2588 466 2640 qui
509 2586 790 2635 elegantiores,
836 2588 1091 2637 temperatius·
1152 2585 1244 2624 Nam
1285 2586 1403 2636 primo
1437 2598 1510 2624 non
1541 2588 1613 2624 tam
1644 2596 1761 2635 saepe
1793 2595 1931 2634 prono-

293 2660 389 2696 mine
419 2657 463 2695 ad
497 2656 702 2694 nectendas
734 2657 942 2694 sententias
974 2658 1148 2701 utuntur,
1201 2667 1306 2706 quam
1352 2656 1487 2693 factum
1528 2655 1563 2692 in
1595 2652 1726 2693 Culice
1759 2652 1932 2691 vidimus.

296 2727 443 2765 Deinde
477 2724 566 2763 nihn
600 2724 767 2776 equidem
799 2724 834 2761 in
873 2724 981 2773 poesi
1019 2723 1118 2762 culta
1150 2722 1395 2775 elegantique
1435 2723 1525 2761 novi
1563 2721 1647 2761 loco
1691 2720 1831 2761 Culicis
1875 2721 1932 2768 ei,

297 2808 401 2848 quem
434 2797 659 2845 postremum
692 2792 874 2839 tractavi,
907 2791 1054 2830 simile:
1089 2792 1149 2830 ubi
1184 2804 1288 2830 nemo
1321 2794 1440 2841 neget
1471 2791 1598 2830 dirrum
1631 2802 1745 2839 esse,
1777 2792 1816 2828 et
1846 2801 1932 2827 sero

297 2865 428 2902 venire
462 2864 594 2918 Quem.
656 2861 787 2912 ltaque
818 2864 1044 2899 curaverunt
1076 2863 1233 2911 poetae,
1266 2860 1376 2898 facilc
1409 2863 1447 2900 ut
1477 2861 1751 2910 agnosceretur
1782 2869 1933 2905 nomen,

298 2933 341 2969 ad
375 2932 470 2983 quod
514 2943 678 2982 sequens
721 2930 928 2980 pertineret
968 2941 1185 2979 pronomen.
1262 2929 1487 2983 Quamquam
1519 2940 1563 2967 ea
1594 2929 1629 2965 in
1660 2938 1699 2964 re
1732 2937 1802 2964 non
1833 2927 1937 2964 anxii

297 3002 422 3044 suere,
457 3000 522 3037 sed
557 2999 811 3037 confidendum
843 2997 1066 3050 aliquantum
1098 3000 1204 3038 recto
1230 2997 1385 3037 lectoris
1412 3009 1526 3036 sensu
1547 2997 1744 3048 putavere.
1805 2994 1935 3035 Veluti
