2006 3365
634 163 898 205 RECENSIO
932 164 1226 206 LIBRORUM.
1649 163 1746 207 361

109 279 249 320 Ovidii·
281 280 465 320 Nasonis
501 278 714 329 (Virgilius
744 291 882 329 magno
915 284 1086 333 quantum
1121 279 1313 318 concessit
1343 277 1494 317 homero
1519 299 1571 305 -
1596 275 1752 317 Livoris

107 348 251 387 titulum
301 349 562 399 pre”posuisse
604 349 722 398 tibi.)
785 354 823 387 S.
865 349 1033 389 Carmen
1072 349 1338 388 tetrastiChon
1381 346 1525 387 Ovidii
1564 347 1751 386 Nasonis

109 417 265 471 (Qualis
297 417 480 456 bucolicis
512 421 670 469 quantus
702 416 836 456 tellure
867 417 1089 466 domanda.)
1163 422 1201 456 9.
1238 420 1301 455 10.
1340 419 1399 454 11.
1433 415 1511 454 Fol.
1552 419 1616 454 19.
1647 426 1750 452 verS.

106 499 226 538 usque
257 485 302 524 ad
335 485 413 524 Fol.
448 490 542 524 218.
579 486 778 530 Bucolica,
811 485 1024 535 Georgica,
1058 486 1225 533 Aeneis,
1259 497 1337 523 cum
1371 484 1496 522 multis
1527 483 1676 533 glossis
1709 494 1754 521 ac

106 553 279 592 scholiis.
341 554 418 593 Sed
452 568 496 593 ea
527 555 702 593 desinunt
734 568 812 594 cum
846 554 1030 592 Aeneide.
1095 557 1158 591 12.
1192 553 1271 592 Fol.
1298 556 1392 591 218.
1426 554 1575 605 Incipit
1607 552 1751 591 More-

105 629 184 662 tmn
222 622 383 674 Vir-yilii
416 622 516 670 (Iam
550 636 624 661 nox
658 623 836 662 hibernas
869 623 928 661 his
959 622 1120 673 quinque
1153 625 1358 671 peregerat
1389 620 1503 659 horas
1537 642 1589 648 —-
1621 621 1752 672 Atque

105 692 189 740 agit
220 692 253 729 in
287 695 447 741 segetes
480 696 516 731 et
549 696 673 731 terrae
705 692 831 731 condit
855 691 1048 739 aratrum.)
1114 693 1178 728 13.
1212 689 1338 727 eadem
1371 702 1460 740 pag.
1494 701 1631 727 versus
1663 692 1751 727 octo

106 760 167 809 lii,
200 761 281 798 sine
312 761 584 811 inscriptione:
631 760 679 799 Ut
711 760 801 798 belli
833 771 996 797 sonuere
1029 757 1141 797 tubae
1172 757 1344 796 violenta
1375 757 1532 808 peremit
1561 756 1752 807 Yppolite

106 828 320 869 tlieutranta
363 829 434 868 lice
475 829 608 868 clonon
649 828 808 868 oebalon
852 827 934 866 alce
973 830 1047 865 etc.
1094 830 1282 865 octavus:
1326 825 1537 875 Argolicus
1579 824 1752 864 tlieutras

105 910 231 936 mesos
264 897 395 936 clonus
426 897 585 936 oebalus
616 909 738 936 arcas.
803 899 868 936 14.
916 895 1007 934 ibid.
1040 907 1178 933 versus
1209 907 1304 942 sex,
1347 895 1431 933 sine
1473 894 1750 945 inscriptione:

107 967 183 1007 Sus
216 968 364 1005 iuvenis
396 978 553 1017 serpens
585 978 709 1004 casum
743 977 883 1004 venere
914 963 984 1002 sub
1016 975 1139 1001 unum.
1200 966 1362 1002 sextus:
1396 963 1473 1001 Sed
1507 975 1644 1013 corpus
1676 974 1750 1011 ge-

105 1034 214 1073 lidum
246 1036 394 1086 perlicit
424 1047 468 1073 ac
501 1034 671 1072 calidum.
742 1037 803 1072 15.
846 1032 924 1071 Fol.
960 1033 1052 1070 217.
1093 1033 1245 1084 Incipit
1293 1033 1489 1072 Meccnas
1537 1030 1751 1079 (Defleram

106 1104 259 1143 Iuvenis
292 1105 388 1142 tristi
421 1103 527 1141 modo
560 1104 722 1142 carmine
762 1105 839 1141 fata
871 1125 923 1130 —-
955 1100 1013 1140 'I'e
1053 1113 1173 1139 venus
1217 1102 1252 1139 in
1295 1102 1417 1152 patrio
1463 1100 1629 1140 collocet
1666 1101 1752 1151 ipsa

105 1174 223 1223 sinu.)
289 1175 352 1210 16.
372 1172 451 1211 Fol.
480 1175 575 1211 219.
608 1184 711 1210 vers
747 1183 865 1223 usque
896 1170 940 1209 ad
973 1170 1052 1209 Fol.
1087 1173 1181 1208 222.
1214 1171 1361 1223 Incipit
1392 1176 1506 1209 mRA
1531 1175 1750 1209 MARONIS

108 1246 172 1281 17.
206 1241 289 1279 ead.
321 1241 461 1292 pagina
493 1240 558 1279 sol.
592 1243 687 1278 222.
733 1241 883 1293 Incipit
919 1240 1116 1292 Priapeia
1148 1239 1343 1279 Maronis
1392 1238 1514 1292 (Quid
1555 1238 1630 1278 hoc
1660 1239 1751 1277 novi

105 1315 179 1350 est.
211 1311 296 1363 quid
330 1311 385 1348 ira
417 1310 569 1349 nunciat
599 1310 720 1348 deum.
783 1309 920 1348 Silenti
953 1312 1062 1347 nocte
1094 1308 1275 1346 candidus
1307 1307 1394 1346 mihi
1426 1321 1520 1359 puer
1545 1330 1597 1335 —
1617 1309 1752 1347 Venus

104 1380 236 1418 iocosa
267 1379 377 1417 molle
409 1379 553 1429 ruperit
585 1377 722 1424 latus.)
790 1382 850 1416 18.
885 1377 965 1416 Fol.
989 1380 1085 1416 223.
1117 1378 1266 1429 Incipit
1295 1378 1408 1430 Copa
1435 1376 1597 1428 Viryilii
1624 1376 1752 1426 (Copa

105 1449 246 1486 furisca
286 1450 398 1498 caput
435 1459 555 1496 greca
597 1446 767 1485 redimita
806 1446 945 1485 mitella
977 1468 1030 1474 —
1072 1446 1182 1485 Mors
1212 1450 1335 1484 autem
1367 1446 1515 1484 vellens
1548 1446 1668 1484 vivite
1700 1445 1753 1484 ait,

107 1517 265 1566 venio.)

193 1584 317 1623 Facile
349 1585 515 1635 reperiet
545 1583 639 1622 haec
670 1584 853 1632 carmina,
902 1585 963 1636 qui
996 1584 1187 1636 disputata
1219 1597 1240 1622 a
1272 1596 1329 1622 me
1362 1584 1408 1622 de
1440 1583 1526 1622 aliis
1558 1581 1756 1622 codicibus

106 1655 210 1693 adire
241 1652 416 1691 volucrit.
478 1653 544 1692 Sic
585 1652 681 1704 quod
723 1665 818 1690 num.
858 1657 918 1692 13.
953 1653 1235 1692 commemoravi
1270 1654 1529 1703 epigramma,
1574 1651 1664 1689 illud
1697 1654 1757 1690 est

109 1722 206 1774 quod
240 1723 273 1760 in
305 1721 488 1760 Tliuaneo
520 1722 590 1759 sub
624 1722 770 1760 nomine
813 1722 965 1760 Traiani
1007 1722 1250 1773 Imperatoris
1297 1722 1461 1773 legitur,
1505 1720 1624 1760 Anth.
1673 1720 1756 1759 Lat.

109 1791 159 1830 lib
193 1791 240 1829 ll.
275 1806 436 1829 comm.
508 1790 615 1843 Quod
660 1792 942 1829 commemoravi
992 1804 1088 1829 num.
1124 1793 1188 1830 14.
1228 1791 1311 1830 Sus
1350 1793 1510 1829 incenis
1555 1803 1754 1843 serpens,

110 1860 231 1909 vulgo
264 1862 313 1899 dc
342 1867 464 1899 niorte
493 1863 638 1908 Itium,
686 1860 748 1898 vel
780 1874 884 1899 mors
916 1863 1054 1908 trium,
1088 1860 1182 1897 idem
1215 1861 1250 1897 in
1281 1859 1466 1897 Tliuaneo
1499 1861 1587 1897 est:
1620 1871 1663 1897 ac
1696 1859 1755 1896 vi-

111 1929 245 1967 dentur
276 1930 309 1967 in
343 1930 594 1976 Monacensi,
629 1932 666 1967 ut
710 1930 745 1967 in
778 1929 988 1977 Tliuanco,
1028 1929 1099 1966 «luo
1142 1931 1280 1966 tantum
1324 1928 1483 1965 disticha
1523 1940 1632 1970 esse,
1674 1939 1756 1965 nam

112 1998 272 2036 ultimum
305 1998 340 2035 in
366 1997 589 2036 Monacensi
622 1997 832 2047 distichon,
863 1998 960 2036 unde
992 2010 1144 2035 versum
1175 1998 1257 2036 Sed
1289 2010 1435 2049 corpus
1461 1997 1634 2049 yelidum
1660 2009 1758 2049 pcr-

110 2068 195 2120 ficit
227 2080 277 2106 ac
308 2066 483 2105 calidum
513 2068 700 2116 apposui,
732 2066 805 2104 alio
837 2070 1059 2115 argumento
1092 2079 1179 2104 esse
1211 2069 1328 2116 patet.

200 2136 327 2174 Bonus
358 2134 477 2183 liber,
518 2134 591 2173 hoc
624 2139 709 2183 est,
751 2136 786 2173 in
831 2135 954 2173 multis
997 2147 1075 2173 cum
1108 2135 1156 2172 iis
1188 2136 1248 2187 qui
1281 2138 1367 2173 sunt
1399 2134 1550 2185 optimi,
1591 2145 1757 2172 consen-

113 2207 236 2245 tiens:
271 2203 383 2242 valde
415 2203 663 2241 memorabilis
695 2217 767 2253 eo,
800 2205 896 2256 qnod
929 2205 963 2242 in
995 2204 1090 2242 locis
1125 2204 1406 2242 difficilioribus
1438 2203 1640 2255 aliquoties
1672 2214 1757 2241 cor-

113 2275 304 2312 rectiones
336 2276 448 2324 atque
480 2274 716 2311 coniecturas
748 2272 916 2311 exhibet.
986 2273 1083 2325 Quid
1118 2274 1210 2311 enim
1242 2273 1487 2311 iudicabimus
1519 2271 1617 2309 aliud
1650 2272 1684 2309 in
1717 2285 1757 2309 v.

115 2347 181 2381 31.
216 2343 276 2380 ubi
309 2344 348 2380 in
381 2342 592 2394 platanis,
637 2345 674 2380 et
707 2356 743 2380 v.
779 2345 844 2382 73.
878 2343 940 2380 ubi
973 2345 1140 2396 spinas,
1180 2345 1218 2381 et
1259 2356 1300 2380 v.
1328 2344 1396 2381 82.
1441 2341 1502 2380 uhi
1541 2354 1759 2395 parcarum

113 2407 289 2461 legitur?
329 2408 390 2450 Cs.
422 2424 461 2449 v.
501 2415 588 2449 116.
627 2415 717 2451 158.

573 2606 1154 2663 Monacensis
1213 2607 1296 2662 ΙΙ.

204 2754 298 2795 Cod.
332 2754 501 2794 Cehxl.
537 2754 782 2804 chartaceus,
818 2757 882 2795 l'ol.
914 2769 1041 2805 magn.
1074 2756 1163 2795 solia
1194 2758 1290 2793 285.
1352 2755 1392 2793 In
1426 2754 1535 2797 solio.
1569 2754 1665 2806 quod
1699 2756 1759 2793 te-

118 2829 296 2875 gumento
329 2824 605 2873 agglutinatum
635 2829 713 2870 est,
739 2826 933 2876 Inscriptio
958 2825 1126 2875 legitur:
1160 2825 1283 2863 Liber
1309 2825 1499 2863 Docloris
1523 2823 1762 2861 Ilurlnmmzi

117 2894 289 2935 schedel
328 2895 376 2933 dc
415 2893 690 2942 Nnreumerqa
730 2895 857 2932 endem
898 2907 1025 2941 manu,
1071 2908 1166 2946 (luae
1207 2893 1374 2932 codicem
1421 2893 1575 2941 scripsit
1614 2892 1758 2941 ipsum:

119 2964 214 3001 unde
246 2964 432 3001 observat
452 2961 702 2999 'l‘liierscliius
735 2965 898 3001 tortasse
929 2963 1092 3002 codicem
1124 2967 1238 3000 totum
1270 2962 1317 2998 ab
1350 2962 1432 3010 ipso
1464 2961 1641 3010 scriptum
1672 2973 1761 2999 csse

120 3031 339 3072 Schedelio.
415 3029 497 3082 Quo
536 3030 643 3069 etiam
683 3031 821 3070 faciunt
861 3043 954 3084 quae
991 3030 1130 3070 monuit
1172 3029 1208 3069 T
1213 3028 1445 3072 liierscliius,
1487 3041 1628 3068 manum
1671 3042 1760 3069 esse
