2006 3365
469 150 521 189 ΙΝ
554 149 771 190 VALERH
806 151 1045 192 CATONIS
1076 149 1259 191 DlRAS.
1594 153 1690 197 111

47 268 80 306 in
120 278 249 322 unum,
293 269 332 306 et
371 272 522 317 staqna
561 267 803 321 relinquant.
875 267 928 305 Ea
969 270 1109 316 stagna
1149 267 1304 318 infesta
1348 265 1533 312 domme,
1580 262 1618 302 h.
1657 276 1694 303 e.

44 335 213 373 onmibus
256 335 289 372 in
329 335 486 383 regione
527 334 590 373 illa
629 346 805 383 agrorum
846 335 1165 385 possessoribus,
1212 338 1249 373 et
1287 335 1333 373 de
1372 333 1553 372 imbribus
1590 333 1694 371 addit

43 405 262 449 me'nanles,
296 403 379 453 quia
412 402 604 451 signifieat
635 403 789 441 effusum
821 403 864 441 iri
898 406 1035 451 stagna
1063 404 1098 440 in
1126 415 1243 452 agros
1271 403 1417 452 cultos,
1450 402 1483 440 id
1517 401 1613 454 quod
1647 401 1693 440 de

45 483 112 509 suo
143 483 239 520 agro
271 470 416 509 diserte
449 471 560 509 dicit:
604 471 726 518 merle,
767 471 802 509 id
836 473 916 517 est,
958 483 978 509 e
1012 471 1149 522 quibus
1189 472 1363 520 stagnis,
1408 472 1557 523 elapsa
1586 483 1691 510 meos

43 553 167 590 aqros
208 541 435 592 pervenerit
478 540 599 579 unda.
661 541 828 579 dominis
869 540 984 587 iungo
1027 551 1105 576 eum
1148 539 1280 577 verbis
1318 540 1472 590 infesta
1516 545 1689 591 stagna,

43 608 109 646 sed
134 611 193 646 est
217 608 324 646 etiam
348 607 442 645 idem
470 607 692 646 vocabulum
714 607 883 645 dominis
908 606 1112 655 cogitando
1135 606 1384 657 supplendum
1409 608 1453 645 ad
1477 610 1690 647 minantes.

129 675 333 724 Vulgatum
366 676 474 721 illud,
516 677 613 728 quod
646 676 762 726 primo
795 675 877 713 loeo
910 675 1213 722 commemoravi,
1252 678 1441 713 servatum
1475 677 1508 714 in
1540 675 1689 722 multis,

42 747 80 783 ut
111 745 146 782 in
178 744 298 783 Basil.
333 749 449 783 15⁴3.
483 745 516 782 in
549 744 831 793 Scaligeranis,
866 742 1034 789 pithoei,
1069 742 1301 787 Boxhornn,
1334 744 1552 784 Burmanni:
1585 747 1623 782 et
1653 745 1689 782 in

42 811 100 850 his
133 812 280 865 quidem
313 813 481 851 omnibus
514 813 636 868 Qneis
671 812 830 860 legitur,
872 824 922 850 ex
956 811 1114 861 vulgato
1154 811 1218 850 illa
1248 814 1375 850 aetate
1407 824 1522 850 more.
1584 812 1687 870 Qui,

41 880 235 930 Scaligeri
268 882 479 926 inventum,
523 894 616 920 unus
649 881 763 919 edidit
795 880 1008 930 Arnoldus,
1049 880 1116 919 sed
1150 883 1188 919 ut
1226 879 1298 918 alia
1338 882 1476 932 repetit
1508 880 1690 930 Sealige-

40 963 150 997 rana,
195 962 267 988 non
300 951 491 993 sentiens,
536 953 717 1000 utputo,
761 962 865 1001 quam
907 949 995 988 illud
1038 950 1235 999 egregium
1268 952 1387 988 esset.
1506 949 1690 988 Heinsius

41 1019 144 1056 varia
176 1018 341 1056 luserat:
388 1018 491 1076 Quin
524 1018 674 1067 (lanais,
718 1017 778 1057 vel
813 1019 944 1066 etiam,
987 1021 1026 1058 ut
1056 1018 1290 1057 Burmannus
1322 1019 1459 1069 refert,
1501 1018 1580 1077 (lui
1610 1019 1689 1058 du-

39 1100 144 1136 mos,
177 1088 331 1139 infesta
363 1090 539 1126 inarmis
572 1095 722 1139 slafflza
753 1088 1006 1142 relinquant,
1041 1086 1100 1125 vel
1123 1087 1347 1140 relinquat3
1381 1087 1444 1125 vel
1465 1089 1687 1137 minanteS,

39 1158 254 1204 minantis,
288 1157 423 1194 factum
456 1168 545 1194 esse
576 1169 625 1194 ex
656 1157 854 1205 hamatis-3
897 1168 1012 1206 posse
1050 1156 1159 1194 etiam
1198 1157 1367 1195 insessa
1405 1155 1483 1205 legi
1525 1168 1592 1207 pro
1625 1160 1688 1195 in-

37 1226 166 1276 festa.
243 1224 528 1263 Wernsdoriius
560 1224 678 1273 legit:
714 1224 824 1280 Quos
857 1237 914 1263 se.
948 1236 1099 1275 campos
1131 1224 1278 1264 (lamini
1308 1225 1507 1275 infestos,
1539 1227 1689 1264 miran-

39 1301 100 1333 tes
134 1300 307 1346 slaqna,
350 1294 603 1348 relinquerat,
650 1294 764 1333 Unde
801 1293 974 1346 relapsa
1004 1306 1109 1332 meos
1143 1307 1181 1332 a.
1218 1307 1333 1346 perv.
1368 1294 1490 1333 unda.
1538 1306 1690 1332 versum

41 1361 195 1401 alterum
227 1362 394 1413 pendere
433 1375 454 1400 a
484 1365 688 1401 mirantes.
752 1361 858 1401 Unde
893 1361 1159 1400 Eielnstadius:
1215 1362 1320 1419 Quin
1361 1362 1515 1401 domino
1547 1363 1692 1415 infesti

39 1434 230 1470 mirantes
264 1438 416 1483 stayna
459 1432 702 1485 relinquant.
765 1430 969 1469 Putsehins
1011 1431 1150 1469 edidit:
1201 1431 1326 1486 Queis
1366 1431 1512 1470 domini
1550 1432 1693 1483 infesli

43 1502 235 1539 mirantes
268 1508 420 1552 stayzza
450 1501 702 1554 relinquant,
753 1500 867 1540 Unde
897 1501 1068 1553 relapsa
1100 1502 1173 1538 etc.
1214 1499 1451 1551 approbante
1481 1500 1694 1550 nuperrime

45 1568 228 1617 Silligio,
261 1570 321 1621 qui
354 1572 473 1607 tamen
509 1570 611 1627 Quis
644 1569 880 1607 scribendum
912 1581 1000 1607 esse
1031 1572 1177 1607 monet:
1220 1571 1334 1621 atque
1364 1580 1413 1607 ex
1446 1567 1572 1606 horum
1604 1569 1695 1620 opi-

44 1638 155 1675 nione
187 1638 330 1689 infesti
361 1640 422 1677 est
451 1639 663 1690 infestati:
710 1638 807 1689 quod
851 1650 988 1676 vereor
1029 1641 1068 1677 ut
1106 1636 1291 1689 exemplis
1323 1637 1558 1688 comprobari
1598 1638 1695 1677 satis

43 1705 188 1744 idoneis
220 1708 345 1758 queat.

130 1773 317 1815 Conlundi
350 1775 447 1814 inter
479 1788 522 1814 se
555 1778 638 1830 qui,
674 1775 785 1830 quid,
822 1778 930 1830 quis,
965 1788 1086 1828 neque
1116 1787 1185 1827 per
1216 1787 1260 1814 se
1290 1775 1415 1813 mirum
1442 1776 1525 1825 est,
1558 1777 1596 1814 et
1621 1773 1695 1813 hoc

45 1843 152 1894 loeo,
186 1844 368 1896 quomodo
401 1845 540 1883 fuerint
571 1847 747 1890 confusa,
782 1847 899 1895 patet.
950 1845 1010 1884 Ex
1043 1844 1122 1903 Qui
1152 1845 1345 1893 dominis,
1378 1843 1473 1883 male
1504 1843 1695 1895 duplicata

46 1913 72 1951 «l
104 1911 249 1959 littera,
291 1911 400 1969 Quid
437 1913 606 1953 dominis
648 1916 810 1964 faetum3
858 1914 999 1952 deinde
1038 1914 1086 1952 ab
1125 1927 1190 1963 eo,
1234 1915 1294 1966 qui
1335 1925 1487 1951 sensum
1525 1925 1614 1952 esse
1657 1914 1694 1951 in

47 1981 156 2039 Quid
186 1981 321 2019 nullum
352 1981 607 2032 intelligeret,
647 1983 774 2038 (luis,
809 1983 906 2035 quod
941 1982 1002 2021 ille
1033 1986 1096 2022 aut
1128 1982 1173 2020 ad
1206 1994 1371 2034 sequens
1403 1981 1598 2030 dominis,
1631 1984 1695 2020 aut

47 2051 92 2089 ad
125 2050 290 2099 imbres,
334 2056 371 2091 ut
405 2052 612 2101 Domitius,
646 2052 847 2091 referebat.
970 2050 1122 2101 Placet,
1164 2063 1270 2103 quum
1310 2049 1398 2090 nihii
1439 2050 1638 2102 impediat,
1673 2063 1695 2088 e

48 2118 178 2159 Culice
221 2119 339 2158 locum
378 2121 643 2171 perstringere
683 2119 755 2159 hac
797 2120 1100 2172 opportunitate,
1147 2120 1183 2158 in
1223 2132 1295 2173 quo
1339 2119 1467 2159 eadem
1508 2120 1694 2158 confusio.

47 2187 132 2228 Cul.
166 2192 259 2227 207.
296 2202 380 2241 sqq.

333 2258 511 2310 Esfiyies
545 2259 601 2298 ad
630 2273 714 2298 eum
745 2259 888 2297 culicis
922 2258 1105 2307 devenit,
1137 2265 1175 2298 et
1206 2258 1270 2297 illi

339 2327 491 2366 Tristis
524 2328 574 2366 ab
605 2335 748 2367 eventu
780 2329 923 2367 cecinit
955 2330 1142 2367 convicia
1171 2328 1326 2366 mortis.

334 2395 494 2450 Inquit:
528 2395 625 2449 Quid
657 2397 830 2444 meritus,
864 2396 920 2435 ad
951 2409 1056 2450 quae
1086 2396 1251 2436 delatus
1283 2394 1457 2435 acerbas

336 2464 467 2515 (loyor
497 2466 613 2504 adire
644 2461 789 2504 vices?
1469 2518 1478 2521 -

49 2533 117 2573 Sic
148 2532 344 2583 Heynius‚
394 2532 500 2590 Quid
537 2536 724 2581 meritus,
770 2547 790 2572 e
823 2532 1109 2584 Scaligeranis,
1151 2533 1251 2572 aliis.
1313 2533 1399 2583 Ego
1431 2531 1504 2571 hoc
1534 2533 1569 2571 in
1602 2533 1696 2573 Vir-

49 2601 143 2651 gilio
174 2600 265 2640 Aldi
297 2602 466 2652 reperio,
498 2605 536 2640 et
565 2602 662 2652 apud
696 2602 863 2641 Badium.
906 2603 989 2641 Non
1022 2605 1082 2642 est
1112 2605 1233 2641 autem
1265 2614 1414 2646 verum,
1449 2601 1546 2654 quod
1580 2603 1697 2640 refert

50 2670 248 2720 Heynius,
283 2673 372 2725 quis
404 2672 554 2709 meritis
586 2683 674 2709 esse
706 2672 741 2709 in
774 2678 869 2710 vett.
903 2670 995 2710 edd.
1041 2670 1135 2709 Nam
1166 2672 1202 2710 in
1227 2670 1389 2710 Venetis
1420 2669 1560 2709 Achat.
1595 2670 1695 2708 Rub.

51 2738 282 2786 Mutinensi,
329 2738 532 2777 Vieentina
573 2739 734 2793 Inquit:
775 2740 874 2794 quid
909 2742 1084 2780 meritis:
1123 2739 1280 2790 legitur.
1341 2740 1390 2779 Et
1428 2740 1485 2778 sie
1523 2751 1594 2777 non
1626 2751 1697 2777 so-

52 2806 122 2845 lum
154 2809 188 2845 in
221 2807 305 2846 cod.
336 2807 428 2846 Bas.
461 2810 498 2845 et
530 2806 648 2845 Voss.
683 2807 729 2847 ll.
771 2809 837 2846 sed
881 2810 990 2847 etium
1022 2810 1055 2847 in
1090 2808 1282 2847 vossiano
1313 2812 1379 2847 81.
1444 2808 1695 2857 Augustano,

53 2880 91 2914 et
122 2875 217 2914 haud
251 2876 362 2914 dubie
395 2876 430 2913 in
464 2875 671 2914 petaviano
704 2880 741 2915 et
771 2877 978 2928 Tliuaneo,
1018 2890 1233 2929 quamquam
1275 2889 1323 2916 ex
1360 2875 1421 2915 his
1454 2876 1543 2914 nihil
1574 2887 1696 2913 anno-

52 2946 149 2984 tavit
181 2945 372 2995 Vossius3
405 2944 572 2995 idemque
605 2945 673 2982 suit
704 2947 737 2983 in
769 2946 980 2984 membrana
1010 2944 1138 2986 Contii
1169 2946 1264 2997 apud
1299 2945 1549 2996 Scaligerum.
1603 2945 1694 2998 quis

52 3015 231 3063 meritis,
273 3025 367 3066 quae
400 3025 490 3051 vera
523 3011 618 3050 haud
651 3012 761 3053 dubie
793 3015 999 3065 scriptura,
1043 3016 1196 3065 propria
1228 3014 1376 3053 videtur
1409 3012 1559 3052 Aldinis
1591 3024 1693 3051 esse.
