2006 3365
271 135 374 181 254
875 128 1234 169 DISSERTATIO
1260 129 1311 169 11.

355 246 462 285 Haec
491 245 578 283 sunt
608 244 778 282 veterum
810 242 855 281 de
881 242 1036 282 Valerio
1058 241 1205 283 Catone
1237 243 1469 293 testimonia,
1502 256 1546 283 eo
1579 256 1599 283 a
1630 244 1740 283 nobis
1771 244 1903 283 ordine

269 315 473 366 disposita,
508 325 614 364 quem
646 312 812 360 dignitas
843 314 880 350 et
910 312 1109 360 gravitas,
1152 324 1222 350 non
1255 315 1466 359 auctorum,
1498 312 1564 350 sed
1597 313 1758 362 ipsorum
1791 313 1901 351 testi-

268 383 466 421 moniorum
499 379 728 431 postulabat.
789 379 880 418 Nam
914 379 1050 419 Catulli
1092 379 1219 427 locus,
1264 385 1302 419 ut
1342 380 1413 418 boc
1443 381 1566 418 statim
1599 393 1781 428 moneam,
1828 393 1900 432 quo

269 452 348 489 iure
380 450 424 488 ad
458 452 623 487 nostrum
648 446 827 487 Catonem
853 450 1057 490 reseratur,
1091 449 1301 497 ambiguum
1326 453 1397 487 est.
1457 448 1714 487 Gravissimus
1746 450 1901 486 omnium

268 518 475 558 Suetonius
507 518 643 566 testis,
675 518 756 554 sine
788 530 858 568 quo
893 528 1011 568 neque
1042 517 1183 569 reliqua
1208 518 1418 556 testimonia
1450 518 1617 556 idoneam
1644 517 1799 556 Catonis
1831 529 1902 555 no-

267 588 383 626 titiam
415 586 632 633 efficerent,
667 598 808 637 neque,
843 585 937 637 quod
972 585 1079 623 nobis
1112 587 1317 635 primarium
1351 590 1435 635 est,
1468 586 1611 626 Valerii
1638 584 1794 625 Catonis
1813 598 1902 624 esse

265 656 385 705 haec,
427 667 523 708 quae
562 654 725 702 edimus,
769 659 964 704 poemata,
1011 654 1169 692 divinari
1212 656 1411 704 potuisset.
1482 654 1612 707 Itaque
1655 666 1677 692 a
1718 654 1900 693 Suetonio

263 728 342 764 tota
374 724 512 775 pendet
544 723 588 761 de
621 723 700 762 vita
731 719 959 775 scriptisque
991 722 1149 762 Catonis
1181 722 1400 773 disputatio,

349 793 411 832 Ac
441 793 487 831 de
520 793 753 843 temporibus
779 792 923 843 quidem
944 790 1118 834 Catonis,
1152 793 1222 829 etsi
1257 791 1414 829 natalem
1441 792 1520 829 eius
1543 793 1680 830 frustra
1705 791 1899 843 anquiias,

262 864 400 901 tantum
433 865 583 900 constat
613 866 783 912 quantum
815 861 988 899 sul'liciat.
1051 860 1121 913 Qui
1163 861 1326 899 Sullani
1365 863 1552 912 temporis
1586 860 1749 898 lieentia
1780 860 1898 909 patri-

261 932 383 969 monio
415 933 552 968 exutus
584 930 674 977 suit,
707 930 790 967 eius
821 934 997 967 senectus
1029 941 1124 980 quae
1155 930 1189 967 in
1222 932 1390 980 tempora
1421 929 1622 977 inciderit,
1655 927 1785 976 colligi
1818 929 1901 966 sere

263 1003 424 1050 poterat.
494 999 656 1037 Accedit
693 998 923 1048 praeclarum
965 997 1110 1035 Horatii
1153 998 1417 1045 testimonium,
1460 998 1520 1049 qui
1560 1010 1666 1048 quum
1705 996 1900 1035 scribebat

261 1069 410 1106 satiram
449 1066 535 1104 libri
576 1066 683 1116 primi
729 1065 923 1109 decimam,
965 1066 1060 1117 quod
1104 1069 1206 1104 certe
1246 1078 1315 1103 non
1358 1069 1443 1103 ante
1476 1077 1604 1103 annum
1645 1062 1691 1102 U.
1724 1061 1767 1103 C.
1804 1067 1900 1103 715.

261 1139 396 1175 sactum
429 1138 511 1183 est,
554 1133 734 1174 Catonem
776 1138 994 1184 occupatum
1040 1133 1269 1171 emendando
1316 1134 1483 1181 Lucilio,
1529 1133 1642 1171 vidit.
1716 1133 1899 1171 Maiorem

261 1207 381 1243 autem
415 1203 571 1241 Horatio
605 1204 721 1241 suisse
755 1203 956 1251 Catonem,
989 1205 1028 1240 et
1058 1202 1230 1240 maiorem
1263 1202 1385 1240 multis
1416 1202 1549 1249 annis,
1595 1214 1665 1240 non
1700 1200 1817 1239 solum
1849 1213 1899 1240 cx

261 1273 392 1311 verbis
424 1272 571 1310 Horatii
604 1272 698 1322 ipsis
742 1271 956 1319 colligitur,
994 1283 1089 1322 quae
1135 1271 1185 1308 ita
1216 1269 1380 1319 babent,
1425 1273 1465 1308 ut
1496 1282 1700 1307 sermonem
1733 1282 1821 1307 esse
1851 1269 1901 1307 de

261 1342 343 1380 viro
375 1345 447 1380 tum
479 1340 564 1378 aliis
596 1340 709 1378 rebus
739 1344 809 1378 tum
834 1340 939 1377 annis
966 1339 1077 1390 gravi
1106 1338 1215 1377 facile
1242 1350 1478 1387 cognoscas,
1511 1341 1549 1377 et
1580 1350 1672 1376 sane
1703 1338 1898 1377 consilium

261 1411 359 1450 istud
394 1410 573 1448 Lucilium
607 1409 824 1448 emendandi
855 1421 924 1459 per
955 1420 997 1447 se
1041 1408 1162 1456 magis
1203 1419 1249 1446 ex
1293 1407 1502 1459 antiquiore
1540 1405 1671 1445 schola
1716 1406 1897 1445 hominem

261 1493 366 1531 quam
398 1478 587 1531 aequalem
629 1479 772 1517 lloratii
816 1478 944 1527 decetg
991 1477 1057 1514 sed
1091 1477 1258 1527 apertius
1291 1477 1398 1514 etiam
1431 1476 1561 1514 Furius
1593 1474 1796 1514 Bibaculus
1827 1475 1900 1514 de-

261 1552 454 1587 monstrat.
517 1549 558 1586 Si
592 1549 684 1586 enim
724 1545 818 1585 Cato
861 1547 969 1585 Furio
1013 1544 1189 1583 Bibaculo
1232 1558 1356 1583 senez*
1396 1545 1486 1593 suit,
1530 1544 1625 1596 quod
1666 1544 1806 1582 diserte
1847 1544 1898 1582 ait

261 1618 393 1656 Furius
424 1617 693 1667 epigrannnate
723 1615 818 1665 apud
853 1615 1089 1660 Suetonium,
1130 1615 1198 1651 fuit
1240 1614 1332 1651 idem
1366 1613 1475 1651 etiam
1508 1614 1629 1662 magis
1661 1625 1781 1651 senex
1812 1612 1896 1650 Ho-

261 1686 378 1733 ratio,
413 1698 518 1737 quem
551 1685 699 1723 vixisse
732 1696 809 1722 cum
843 1684 951 1722 Furio
974 1681 1181 1731 Bibaculo,
1215 1682 1280 1719 sed
1315 1683 1486 1719 minorem
1519 1682 1656 1729 luisse,
1690 1682 1820 1731 partim
1847 1694 1896 1719 ex

261 1754 389 1791 eadem
422 1756 536 1791 satira
568 1754 709 1791 decima
742 1753 827 1791 libri
862 1751 890 1789 Ι.
925 1755 962 1789 et
992 1750 1042 1788 Il.
1084 1763 1121 1787 v.
1156 1752 1222 1788 41.
1270 1751 1400 1800 partim
1438 1749 1522 1787 aliis
1555 1749 1781 1787 testimoniis
1814 1749 1896 1787 erfi-

260 1823 368 1860 citur.
430 1822 634 1860 Praeterea
665 1821 946 1868 Philocomum,
982 1819 1076 1870 apud
1111 1831 1215 1870 quem
1248 1817 1376 1856 Lucilii
1409 1819 1543 1856 satiras
1571 1816 1665 1856 Cato
1699 1816 1813 1865 legit,
1848 1829 1898 1855 ex

260 1891 535 1929 vetustioribus
575 1891 826 1939 grammaticis
873 1890 1012 1936 luisse,
1058 1888 1118 1939 qui
1167 1899 1236 1924 non
1276 1888 1482 1936 attigerunt
1522 1889 1683 1924 aetatem
1725 1886 1896 1934 Horatii,

259 1963 339 1998 tota
373 1959 543 1998 Suetonii
579 1971 622 1997 eo
657 1959 738 1996 loeo
773 1970 855 2008 cap.
890 1973 930 1995 ιι.
973 1957 1177 2007 disputatio
1209 1956 1387 1995 ostendit.
1448 1955 1553 2003 Ergo
1587 1953 1769 1994 Catonem
1799 1965 1895 1992 anno

258 2027 305 2067 U.
339 2026 383 2067 C.
426 2029 519 2065 715.
553 2040 684 2065 novem
724 2031 760 2065 et
796 2027 1024 2074 sexaginta,
1064 2024 1124 2062 vel
1166 2024 1433 2074 septuaginta,
1474 2027 1595 2062 natum
1634 2035 1752 2060 annos
1778 2023 1896 2060 fuisse

257 2098 452 2147 ponimus:
487 2100 524 2134 ut
555 2108 588 2133 a.
624 2097 717 2134 614.
759 2107 830 2146 qno
862 2094 969 2133 Sulla
1000 2106 1088 2131 suas
1122 2093 1289 2131 colonias
1323 2092 1502 2131 militares
1543 2092 1720 2139 deduxit,
1763 2103 1894 2129 annum

258 2165 385 2214 egerit
417 2165 629 2202 vicesimum
662 2168 846 2202 octavum.
910 2161 1013 2214 Quae.
1048 2161 1140 2199 ratio
1167 2164 1204 2199 et
1230 2174 1296 2199 sua
1321 2174 1364 2199 se
1385 2161 1624 2212 simplicitate
1643 2159 1892 2206 connnendat‚

260 2236 298 2272 et
329 2235 416 2284 apta
448 2235 507 2271 est
545 2232 766 2281 digerendis
798 2234 836 2270 et
867 2230 1055 2269 commodo
1097 2229 1357 2280 explicandis,
1397 2230 1493 2282 quod
1533 2230 1627 2267 infra
1660 2228 1744 2274 liet,
1790 2228 1894 2266 vitae

261 2300 417 2341 Catonis
449 2300 612 2339 eventis.
674 2300 788 2353 Quam
820 2300 934 2348 longe
966 2297 1061 2336 ultra
1094 2310 1173 2335 eum
1205 2311 1310 2350 quem
1344 2298 1420 2336 dixi
1452 2298 1642 2336 terminum
1668 2297 1782 2335 vitam
1801 2308 1891 2347 pro-

259 2370 410 2408 duxerit
441 2368 559 2417 Cam,
606 2369 844 2417 ignoramus:
886 2370 1045 2414 tantum,
1092 2378 1139 2403 ne
1180 2367 1262 2417 quis
1301 2369 1530 2405 senectutem
1571 2363 1704 2404 Catoni
1737 2376 1891 2415 prorsus

259 2440 467 2477 inusitatam
498 2437 699 2486 attribuat,
733 2436 970 2487 reputandum
1003 2438 1080 2479 est,
1114 2434 1210 2487 quod
1243 2435 1375 2474 scribit
1407 2435 1643 2474 Suetonius:
1697 2433 1806 2473 Vixit
1836 2432 1891 2470 ad

257 2515 469 2548 extremam
500 2512 718 2554 senectam,
768 2507 963 2543 manifesto
1003 2505 1147 2542 ductum
1188 2516 1276 2542 esse
1318 2518 1366 2543 ex
1409 2517 1522 2543 versu
1566 2503 1663 2542 Furii
1694 2499 1886 2541 Bibaculi:

258 2578 324 2616 Ad
356 2589 538 2615 summam
566 2588 689 2627 prope
720 2576 897 2612 nutriant
930 2579 1141 2613 senectam.
1201 2572 1275 2611 Iam
1308 2586 1401 2611 vero
1427 2586 1521 2626 quae.
1545 2572 1639 2611 llaec
1662 2572 1712 2610 sit
1737 2580 1888 2609 Smnma

258 2653 441 2692 senecta,
473 2644 681 2692 ambiguum
714 2646 794 2692 est,
835 2646 871 2681 et
903 2644 1023 2692 potuit
1055 2640 1125 2679 boc
1159 2643 1267 2679 etiam
1299 2642 1345 2680 de
1377 2643 1670 2692 septuagenario
1703 2640 1786 2678 dici.

345 2713 489 2753 Deinde
521 2712 663 2751 Gallum
704 2723 753 2749 ex
795 2710 915 2749 Gallia
948 2712 1066 2748 tuisse
1097 2710 1286 2749 Valerium
1320 2709 1499 2750 Caunvm
1532 2712 1702 2748 docemur
1733 2721 1753 2745 a
1785 2707 1886 2746 Sue-

257 2784 372 2822 tonio.
435 2782 500 2821 Sic
531 2780 736 2818 Suetonius
768 2791 916 2830 semper
947 2780 983 2817 in
1015 2778 1228 2817 Illustribus
1256 2780 1535 2826 Grannuaticis,
1568 2779 1627 2816 ubi
1659 2779 1883 2826 compertum

257 2865 301 2891 ea
332 2853 377 2890 de
408 2864 448 2890 re
481 2849 668 2898 babebat,
701 2848 863 2885 ordinem
896 2849 1100 2900 cuiusque,
1133 2849 1367 2896 ingenuusne
1392 2860 1437 2885 an
1463 2846 1676 2885 libertinus.
1710 2850 1746 2883 et
1778 2845 1883 2883 cuius

256 2921 413 2959 libertus
446 2920 573 2966 suerit,
606 2921 643 2955 et.
675 2918 735 2955 ubi
769 2921 876 2955 natus
908 2917 1018 2955 suerit
1050 2917 1227 2968 quisque,
1261 2921 1297 2955 et
1329 2931 1399 2968 quo
1432 2928 1549 2954 rerum
1571 2914 1783 2951 discrimine
1810 2926 1881 2951 ve-

257 2991 351 3028 nerit
373 2990 406 3027 in
428 2987 585 3035 Urbem,
607 2987 764 3024 indicat:
791 2989 829 3025 in
849 2985 989 3025 Gallia
1014 2991 1156 3032 natas,
1183 2988 1342 3024 natione
1363 2986 1491 3036 Syrus
1506 3011 1519 3031 ,
1551 2983 1851 3022 Beneventanus
1866 3010 1879 3029 ,
