2006 3365
239 137 340 182 274
836 125 1203 167 DISSERTATIO
1242 125 1292 167 11.

336 249 624 288 Grammaticos
655 242 816 283 libellos
847 244 888 281 ut
916 253 990 281 non
1029 253 1189 294 magnos
1218 241 1381 290 ambitu,
1413 240 1465 281 ita
1507 253 1578 281 nec
1616 241 1751 281 multos
1782 240 1882 279 scri-

243 318 343 369 psit,
374 327 453 353 mea
484 312 694 360 sententia,
716 310 829 352 Cato.
890 309 1062 349 Malebat
1084 321 1182 348 voce
1213 310 1361 348 erudire
1391 310 1610 361 audientes,
1644 313 1683 349 et
1713 309 1883 360 scripto-

243 386 370 431 ribus,
404 382 561 420 maxime
592 381 740 431 poetis,
783 378 1055 430 praelegendis
1085 380 1198 430 atque
1229 378 1520 428 interpretandis
1548 386 1695 432 poetas
1725 379 1882 431 facere,

243 457 283 492 ut
313 451 375 490 ille
406 451 471 488 ait.
531 449 626 488 Tum
659 450 768 487 etiam
800 446 975 498 exemplo
1007 459 1098 485 suo:
1131 459 1347 499 quamquam
1377 458 1447 485 nec
1478 451 1649 498 poemata
1680 446 1881 489 Catonem,

243 534 350 574 quum
381 520 535 559 Romam
567 518 739 557 habitare
770 517 986 567 coepisset,
1028 515 1262 567 docendique
1301 515 1539 565 suscepisset
1575 528 1728 566 munus,
1774 514 1887 554 multa

244 589 450 639 scripsisse
480 587 657 626 arbitror.
720 586 779 625 Ad
812 583 964 624 libellos
995 584 1263 633 grammaticos
1294 595 1401 622 unum
1433 582 1556 623 habeo
1588 585 1684 636 quod
1715 585 1885 623 referam.

243 658 368 709 Supra
397 656 558 707 apposui
598 654 772 694 Suetonii
804 666 825 693 c
867 666 949 705 cap.
985 668 1025 691 11.
1065 651 1204 702 locum,
1247 652 1292 691 de
1323 653 1451 691 satiris
1482 653 1644 702 Lucilii,
1691 666 1795 707 quas
1827 652 1888 691 le-

243 730 358 780 qisse
389 739 435 765 se
465 725 576 778 apud
606 723 848 763 Archelaum
870 722 1086 775 Pompeius
1111 721 1326 770 Lenaeus,
1359 722 1471 774 apud
1499 721 1767 761 Philocomum
1804 720 1889 760 Va-

245 798 368 837 lerius
401 796 505 835 Cato
533 794 806 847 praedicant:
852 792 950 844 quod
983 803 1090 844 quum
1123 791 1174 829 ita
1204 790 1340 828 dictum
1373 791 1451 838 sit,
1485 792 1526 829 ut
1554 791 1735 841 scriptum
1767 789 1889 842 quod-

245 867 326 904 dam
358 863 516 904 Catonis
555 866 640 902 ante
680 861 813 901 oculos
855 860 1040 899 habuisse
1089 859 1262 898 videatur
1301 858 1526 905 Suetonius,
1574 871 1752 911 nusquam
1794 858 1890 898 Cato

245 935 333 974 illud
365 935 411 973 de
442 946 486 972 se
516 933 739 984 praedicare
762 930 888 982 potuit
913 930 1062 980 aptius,
1088 940 1193 980 quam
1226 928 1260 966 in
1293 927 1423 967 libello
1455 928 1612 978 generis
1642 926 1890 977 grannnatici.

246 1005 394 1044 Deinde
425 1002 552 1042 eadem
585 1002 748 1039 sortasse
788 998 1095 1049 opportunitate,
1139 996 1343 1049 eodemque
1375 996 1483 1047 loco,
1524 1008 1659 1035 novam
1691 996 1892 1035 editionem

247 1071 464 1112 emendandi
495 1083 516 1109 a
547 1082 591 1108 se
621 1055 757 1108 Lucilii
798 1067 1035 1118 promiserat.

333 1141 425 1179 Tam
458 1150 577 1190 pauca
608 1150 714 1190 quum
758 1136 859 1185 siut,
901 1147 995 1187 quae
1026 1134 1073 1173 de
1104 1134 1260 1185 scriptis
1292 1132 1451 1174 Catonis
1483 1136 1684 1179 constant,
1728 1136 1765 1173 et
1797 1145 1893 1184 pau-

250 1211 353 1249 ciora
385 1208 495 1248 etiam
526 1209 612 1245 ante
643 1218 722 1254 me,
770 1205 830 1257 qui
864 1204 1085 1253 diligentius
1115 1203 1294 1240 excussis
1327 1203 1521 1251 Suetonii,
1552 1201 1706 1241 aliorum
1725 1231 1735 1250 ,
1781 1202 1895 1240 testi-

247 1279 384 1318 moniis
415 1275 592 1316 nonnulla
623 1275 800 1313 docuisse
833 1285 932 1311 nova
963 1275 1001 1311 et
1031 1285 1053 1311 a
1084 1272 1229 1310 nemine
1260 1272 1470 1310 observata
1500 1274 1611 1310 antea
1630 1271 1718 1309 mihi
1742 1270 1896 1319 videor,

250 1350 324 1388 viri
357 1347 458 1386 docti
490 1358 510 1384 e
542 1345 760 1384 coniectura
792 1355 938 1392 augere
970 1353 1156 1380 numerum
1190 1337 1347 1379 Catonis
1380 1351 1559 1390 operum,
1589 1339 1799 1391 Catonique
1830 1352 1897 1377 as-

250 1418 410 1466 signare
446 1413 651 1461 nonnulla,
691 1425 786 1465 quae
828 1412 972 1450 incerto
1013 1409 1230 1448 serebantur
1266 1411 1443 1459 auctore,
1491 1407 1705 1447 voluerunt.
1773 1407 1898 1447 Valde

249 1485 303 1524 illi
336 1482 546 1523 infeliciter.
607 1481 754 1520 Primus
786 1480 940 1519 Delrius
971 1482 1076 1527 esto,
1123 1478 1183 1530 qui
1229 1477 1275 1515 ad
1323 1475 1504 1517 Catonem
1546 1477 1737 1516 referebat
1769 1477 1897 1517 Cirin.

250 1554 291 1593 Id
324 1566 431 1606 quum
462 1551 634 1590 breviter
680 1549 887 1588 indicasset
927 1548 1105 1598 Heynius
1151 1546 1351 1585 Prooemio
1390 1547 1426 1584 in
1469 1544 1572 1585 Cirin
1614 1559 1651 1597 p.
1687 1549 1779 1584 106.
1811 1545 1899 1585 mihi

254 1623 384 1662 labore
425 1619 522 1658 haud
562 1618 709 1667 exiguo
751 1616 995 1669 inquirendus
1035 1616 1140 1654 locus
1189 1616 1269 1654 fuit.
1340 1614 1525 1653 Dubitare
1566 1627 1629 1662 se,
1670 1615 1754 1666 quis
1795 1613 1898 1654 Cirin

255 1690 475 1742 scripserit,
516 1699 589 1725 non
622 1685 736 1725 semel
769 1685 968 1737 profitetur
1008 1683 1159 1722 Delrius
1189 1683 1234 1722 ad
1268 1683 1439 1722 Senecae
1469 1683 1739 1731 Tragoedias:
1779 1686 1818 1722 ut
1863 1684 1899 1722 in

256 1757 530 1806 Adversariis,
577 1767 673 1807 quae
716 1754 864 1793 Partem
908 1752 1176 1804 Syntagmatis
1212 1751 1455 1800 Tragoediae
1504 1751 1660 1790 Latinae
1700 1752 1900 1790 secundam

258 1827 510 1875 constituunt,
550 1837 588 1875 p.
623 1827 688 1862 93.
736 1823 962 1874 Vir-qilz'us,
1006 1823 1045 1860 si
1083 1820 1193 1859 modo
1234 1823 1324 1872 ipse
1365 1826 1529 1868 auctor,
1574 1820 1623 1858 de
1659 1821 1815 1873 Scylla.
1864 1824 1902 1860 ct

257 1897 410 1947 saepius
441 1895 477 1932 in
510 1891 809 1941 Commentario,
855 1892 939 1929 sive
979 1891 1094 1929 Parte
1125 1889 1195 1927 ΙΙΙ.
1237 1889 1505 1939 Syutagmatis
1542 1888 1722 1938 Tragici,
1766 1903 1802 1941 p.
1835 1893 1902 1929 96.

259 1966 420 2021 quidam
452 1965 492 2001 in
524 1962 636 2015 Cyri.
697 1973 736 2011 p.
763 1964 859 1999 202.
892 1959 1092 2017 Quisquis
1126 1959 1196 1997 ille
1226 1965 1316 2007 est,
1349 1960 1387 1996 in
1421 1957 1532 2010 Cyri.
1595 1971 1630 2008 p.
1659 1960 1754 1997 525.
1785 1965 1905 1998 vetus

260 2036 328 2075 ille
359 2034 535 2086 scriptor
565 2033 607 2069 in
647 2030 758 2082 Cyri.
830 2027 957 2067 Semel
1011 2028 1211 2068 Valerium
1252 2026 1442 2074 nominat,
1482 2026 1654 2065 Adrers.
1686 2040 1723 2077 p.
1758 2030 1823 2066 94.
1857 2027 1906 2067 (le

259 2103 404 2157 Scylla
441 2101 655 2147 Valerius,
690 2100 730 2137 z'n
763 2098 875 2150 Cyri.
938 2096 985 2135 Et
1017 2096 1050 2134 in
1085 2096 1316 2147 Scriptorum
1348 2094 1475 2134 Indice
1506 2097 1541 2133 in
1574 2095 1722 2134 Partem
1753 2096 1820 2134 ΙΙΙ.
1855 2098 1907 2136 ita

262 2176 350 2212 est:
387 2171 542 2211 Valerii
573 2168 766 2215 Catonis,
804 2168 872 2220 qui
904 2171 1068 2213 auctor,
1094 2165 1220 2204 Ciris.
1281 2164 1377 2218 Quid
1410 2164 1474 2203 ille
1506 2177 1631 2203 secmn
1663 2163 1838 2204 habuerit
1860 2165 1905 2204 ad

264 2237 587 2280 commendandam
618 2234 822 2274 mirabilem
854 2234 1087 2284 opinionem,
1130 2235 1269 2272 frustra
1300 2245 1452 2284 quaero.
1513 2232 1597 2282 An,
1646 2234 1731 2285 quia
1769 2235 1906 2273 mentio

266 2312 326 2349 est
356 2309 394 2346 in
426 2305 505 2346 Cir-i
547 2306 804 2355 Dictynnae,
844 2301 940 2340 haec
972 2302 1039 2340 suit
1070 2301 1189 2340 Delrii
1221 2301 1428 2348 sententia,
1470 2301 1565 2339 idem
1608 2302 1722 2341 Cirin
1762 2314 1907 2341 carmen

267 2390 377 2428 esse,
409 2379 447 2415 ct
477 2374 661 2413 laudatam
691 2384 714 2410 a
745 2371 929 2411 Suetonio
961 2371 1139 2409 Dianam
1169 2370 1255 2407 sive
1288 2365 1562 2422 Dictynnam?
1631 2369 1754 2410 Multo
1787 2371 1909 2420 magis

268 2447 491 2500 portentosa
529 2440 780 2481 Wernsdorfii
823 2439 996 2479 Prooem.
1036 2438 1083 2477 de
1121 2438 1208 2477 Val.
1248 2436 1393 2477 Catone
1433 2452 1470 2489 p.
1504 2454 1630 2479 vau.
1672 2441 1909 2491 coniectura,

268 2514 426 2555 Valerio
447 2510 583 2552 Catoni
615 2509 855 2549 attribuentis
888 2518 1035 2546 carmen
1062 2507 1107 2545 ad
1126 2506 1309 2557 Lydiam:
1342 2507 1482 2560 Lydia
1515 2508 1621 2548 bella
1648 2508 1788 2561 puella
1808 2522 1910 2547 can-

271 2584 385 2624 dida.
445 2579 560 2634 Quam
593 2578 845 2617 coniecturam
875 2577 1015 2627 repetit
1044 2575 1152 2614 Tom.
1186 2575 1308 2614 eiusd.
1340 2588 1429 2627 pag.
1454 2580 1545 2616 133.
1574 2589 1632 2628 sq.
1666 2579 1704 2615 et
1735 2578 1828 2615 345.
1850 2588 1909 2629 sq.

271 2652 364 2692 Dixi
407 2650 454 2688 de
495 2647 667 2686 carminis
713 2646 822 2684 istius
863 2646 1007 2693 aetate,
1054 2645 1431 2697 compositionemque
1478 2646 1559 2684 eius
1596 2647 1804 2694 metricam,
1846 2644 1910 2684 vel

271 2722 398 2773 potius
430 2715 702 2768 rhythmicam,
744 2712 910 2764 explicui
950 2713 985 2751 in
1015 2713 1213 2752 Prooemio
1246 2713 1385 2752 Indicis
1418 2713 1592 2754 Scholar.
1626 2714 1817 2754 Bonnens.
1850 2712 1911 2752 hi-

272 2791 381 2829 bern.
414 2800 448 2827 a.
470 2788 593 2825 1828.
656 2783 735 2824 Sed
768 2782 996 2822 conferenda
1027 2784 1088 2821 est
1117 2781 1314 2821 Niebuhrii
1345 2784 1393 2822 de
1424 2784 1554 2823 eodem
1581 2783 1762 2831 carmine,
1793 2794 1838 2821 ac
1866 2782 1912 2821 de

275 2858 422 2897 «luobus
463 2855 577 2903 aliis,
618 2852 746 2891 eodem
778 2849 980 2901 rhythmo,
1021 2850 1068 2889 ab
1101 2851 1184 2901 ipso
1216 2852 1398 2903 repertis,
1446 2855 1483 2891 et
1514 2852 1729 2890 doctissima
1761 2854 1799 2890 et
1830 2852 1911 2890 elc-

276 2925 501 2976 gantissima
532 2920 777 2970 dissertatio,
817 2931 922 2971 quam
953 2918 1039 2958 mihi
1070 2919 1286 2971 inscripsit,
1331 2921 1367 2959 in
1398 2921 1536 2960 Museo
1567 2919 1751 2959 Rbenano
1782 2920 1852 2959 111.
1885 2936 1912 2959 1.

275 2993 533 3045 Disputationi
553 2990 617 3031 isti
641 3001 745 3029 meae
769 3000 864 3042 quae
884 2988 1012 3028 addam
1034 2989 1208 3029 nonnulla
1230 2988 1367 3030 habeo.
1426 2989 1545 3029 Unum
1575 2989 1672 3041 quod
1699 2990 1912 3042 corrigam:
