2006 3365
239 129 305 174 74
796 127 1322 170 ANIMADVERSIONES

238 244 286 281 cf.
304 242 533 282 Burmannus
550 245 586 282 in
611 242 727 282 Anth.
747 242 829 281 Lat.
854 242 902 282 T.
923 241 953 282 1.
972 256 1010 294 p.
1039 247 1105 282 63.
1124 257 1181 296 sq.
1206 244 1290 283 add.
1312 243 1431 284 Antb.
1452 244 1533 284 Lat.
1552 244 1617 283 lib.
1634 245 1682 283 V.
1703 259 1818 294 mun,
1836 246 1872 282 Ἰ.

236 312 293 350 At
323 325 427 363 quam
459 312 521 350 ille
553 310 710 350 Catonis
742 312 871 349 versui
910 313 961 350 ita
1000 312 1196 351 emendato
1235 311 1524 363 explicationem
1564 314 1684 360 addit,
1726 327 1876 368 aequor

236 380 436 431 referebat
467 382 670 431 imayinem
701 379 836 419 silvae
866 380 947 420 sibi
976 380 1254 420 incumbentis:
1294 381 1340 420 de
1381 394 1426 421 ea
1457 381 1701 422 vehementer
1731 382 1874 421 dubito.

237 446 430 487 Claudiani
462 450 566 486 certe
596 446 723 498 locus,
754 448 800 487 de
831 448 958 500 Raptu
988 449 1053 488 Pr.
1086 449 1151 488 lib.
1183 448 1253 488 111.
1285 452 1383 489 extr.

1086 518 1282 557 clarescit
1311 519 1523 558 Etruscum

517 582 678 635 Littus,
709 592 747 625 et
777 598 939 625 accenso
970 586 1216 638 resplendent
1245 599 1409 639 aequore
1438 588 1602 640 Syrtes:

234 649 401 701 alienus,
440 654 726 706 sententiaeque
755 655 906 693 Heinsii
939 657 1170 705 contrarius,
1211 658 1250 694 ut
1279 668 1351 708 quo
1390 667 1463 694 non
1503 656 1549 695 de
1582 655 1751 706 Syrtium
1783 655 1876 693 ima-

232 720 349 770 gine,
381 734 486 773 quam
509 734 650 774 aequor
679 724 839 771 reserat,
871 724 940 762 sed
961 724 1008 763 de
1029 723 1231 775 splendore
1257 736 1379 763 sermo
1404 727 1485 771 est,
1518 725 1580 777 qui
1604 725 1651 763 ab
1676 724 1878 762 illuminato

232 788 382 827 facibus
424 788 577 829 Cereris
614 792 702 830 mari
739 792 777 830 in
816 791 957 842 Syrtes
997 793 1217 843 perveniat,
1270 794 1309 832 et
1350 793 1642 832 transfundatur.
1713 792 1878 831 Prorsus

232 858 273 896 ut
303 858 402 908 apud
434 858 615 898 Catonem
647 872 696 899 ex
727 863 858 900 nostra
888 861 1205 912 interpretatione
1235 874 1388 914 cyaneo
1426 862 1688 914 resplendens
1720 861 1879 901 aethere

233 926 361 966 silva.

317 995 467 1036 Versus
495 998 561 1034 41.
593 996 625 1034 si
657 998 739 1049 quis
769 997 865 1036 alius
897 999 933 1036 in
959 1001 1039 1037 toto
1061 996 1220 1038 Catonis
1242 998 1450 1048 volumine,
1481 997 1756 1037 memorabilem
1779 996 1879 1035 sori-

231 1064 365 1114 pturae
390 1064 609 1103 varietatem
633 1065 755 1104 offert.
796 1064 989 1106 Constans
1019 1066 1193 1105 librorum
1225 1067 1469 1117 scriptorum,
1501 1066 1648 1105 duobus
1680 1065 1878 1116 exceptis,

232 1132 411 1181 omnium,
452 1132 588 1171 petav.
619 1131 767 1171 Thuan.
800 1134 957 1174 Putean.
990 1147 1052 1186 ap.
1094 1136 1218 1173 Burm.
1250 1135 1368 1175 Voss·
1401 1134 1432 1173 1.
1478 1135 1638 1173 Helmst.
1670 1134 1878 1172 Parisinor.

232 1199 282 1238 ΙΙ.
314 1199 384 1237 ΙΙΙ.
415 1198 648 1249 Anglieani,
681 1199 922 1251 Augustani,
955 1203 1258 1250 Monacensium,
1292 1206 1330 1242 et
1360 1202 1519 1242 Vratisl.
1542 1202 1572 1241 Ι.
1605 1204 1767 1254 itemque
1795 1202 1879 1241 edi-

233 1270 352 1307 torum
382 1270 469 1306 ante
499 1266 683 1318 Aldinas‚
716 1282 786 1307 uno
818 1274 1003 1321 excepto,
1035 1272 1212 1321 omnium,
1244 1271 1431 1322 scriptura
1461 1274 1541 1311 est:

573 1337 668 1377 IVon
698 1340 835 1378 iterum
866 1340 1020 1380 (licens.

235 1404 348 1444 erebo
380 1404 442 1444 vel
473 1406 604 1446 Erebo
636 1406 672 1444 in
704 1407 856 1457 iisdem,
888 1408 960 1447 nisi
993 1408 1091 1461 quod
1122 1408 1264 1448 lieroho
1295 1408 1331 1447 in
1355 1409 1477 1447 Paris.
1502 1407 1553 1447 ΙΙ.
1585 1408 1700 1447 erebo
1732 1408 1771 1447 in
1792 1407 1880 1447 Au-

235 1476 340 1523 gust.
380 1474 519 1514 lierebo
557 1475 592 1513 in
625 1475 723 1514 Ven.
755 1475 895 1516 Achat.
936 1477 1037 1517 Rub.
1069 1476 1260 1516 Vossiano
1292 1476 1342 1517 ΙΙ.
1383 1477 1536 1517 Vieent.
1578 1476 1627 1515 al.
1667 1476 1803 1516 erebro
1842 1477 1880 1516 in

235 1543 341 1581 Mon.
365 1541 396 1581 l.
422 1542 473 1582 li.
505 1543 615 1583 Vrat.
647 1544 678 1583 I.
725 1545 826 1584 liclia
856 1544 1003 1585 Thuan.
1035 1546 1159 1584 Paris.
1186 1545 1235 1584 ΙΙ.
1261 1545 1331 1584 ΙΙΙ.
1364 1544 1533 1596 August.
1566 1545 1748 1585 Vrat.11.
1780 1546 1880 1599 lyda

235 1610 334 1650 Ven.
366 1610 467 1650 th.
585 1612 757 1666 Denique
788 1614 893 1654 clia-ti
922 1614 1033 1653 iidem
1064 1613 1116 1652 illi
1147 1626 1301 1664 omnes,
1333 1617 1486 1665 praeter
1512 1613 1618 1652 Mon.
1638 1613 1735 1655 1.11.
1769 1614 1878 1654 Vrat.

233 1679 263 1719 Ι.
298 1681 332 1718 in
364 1681 499 1732 quibus
531 1682 617 1722 dixi
648 1684 687 1721 et
717 1683 887 1721 Norimh.
913 1685 1031 1721 1492.
1062 1683 1162 1722 Ven.
1194 1685 1314 1721 1499.
1347 1682 1518 1732 Argent.
1553 1685 1674 1722 1502.
1708 1682 1876 1722 Ascens.

232 1748 262 1788 I.
295 1748 344 1787 ΙΙ.
377 1749 447 1788 ΙΙΙ.
499 1749 703 1802 Iuntinam,
735 1752 770 1789 in
802 1752 937 1804 quibus
969 1752 1085 1791 dixit.
1145 1751 1248 1790 dia-it
1278 1753 1444 1791 sortasse
1477 1752 1630 1791 Domitii
1661 1751 1877 1791 coniectura

232 1821 293 1857 est
331 1816 541 1867 Camerini,
582 1820 686 1858 cuius
723 1818 819 1858 haee
857 1822 945 1859 sunt
982 1819 1102 1859 verba
1140 1820 1186 1858 ad
1219 1818 1256 1858 h.
1288 1819 1312 1858 l.
1375 1820 1542 1873 Lydia:
1592 1820 1742 1873 lydiam
1780 1823 1878 1860 enim

231 1888 397 1926 amicam
426 1887 542 1939 Verq.
574 1901 651 1927 non
680 1889 830 1927 nomine
856 1891 1020 1941 proprio
1052 1889 1127 1928 secl
1153 1888 1395 1942 placabilem
1418 1896 1559 1929 notare
1577 1889 1719 1929 voluit.
1755 1889 1877 1929 Nus-

231 1969 348 2010 quam
371 1958 469 1995 enim
498 1958 722 1996 meretrices
751 1957 1044 2011 placabiliores
1078 1971 1193 2011 quam
1223 1960 1263 1996 in
1289 1957 1404 2010 lydia
1424 1962 1700 2012 reperiantur:
1734 1964 1777 1997 ut
1801 1970 1878 1996 non

231 2024 357 2063 solnm
389 2037 414 2062 a
443 2025 691 2076 salutaribus
721 2029 861 2079 precia
891 2039 966 2065 non
996 2029 1161 2077 emissam
1193 2040 1309 2080 (luam
1338 2029 1487 2066 omnino
1516 2027 1600 2066 illis
1620 2026 1876 2081 persolvant.

230 2092 404 2143 Respicit
436 2093 663 2132 Strabonem
694 2094 760 2132 lib.
792 2094 862 2133 XI.
895 2098 994 2134 extr.
1040 2094 1134 2134 Tam
1166 2095 1349 2133 mirabilia
1380 2095 1504 2148 aliquo
1535 2098 1659 2135 tamen
1690 2093 1874 2145 consilio,

230 2173 304 2199 non
336 2173 494 2211 prorsus
525 2164 688 2212 temere,
731 2164 988 2214 adscripsisse
1019 2163 1218 2202 Domitium
1249 2166 1375 2214 putes.
1436 2164 1498 2203 Ao
1528 2165 1695 2203 fortasse
1726 2164 1777 2204 ita
1806 2175 1875 2203 ac-

232 2230 398 2280 cipiebat
429 2231 523 2269 ista:
572 2230 689 2283 Quum
720 2231 844 2282 Lydia
875 2232 993 2281 dixit,
1034 2232 1132 2285 quod
1169 2244 1241 2270 non
1281 2233 1439 2283 amplius
1476 2233 1620 2272 dictura
1659 2235 1739 2283 est,
1778 2239 1874 2283 tua,

230 2306 301 2338 tua
333 2299 444 2338 silva
474 2305 549 2339 est.
611 2298 660 2339 Ut
691 2300 894 2351 indicetur,
926 2303 1074 2351 poetam
1106 2301 1203 2340 dono
1235 2302 1434 2352 accepisse
1465 2314 1544 2340 eam
1576 2301 1712 2340 silvam
1742 2313 1765 2340 a
1791 2301 1875 2352 Ly-

231 2367 304 2405 dia.
392 2366 589 2406 Audacius
621 2368 750 2407 Gloss.
782 2369 833 2409 V.
866 2369 895 2407 Ι.
928 2370 1093 2408 radendo
1126 2372 1164 2409 et
1197 2370 1422 2420 corrigendo
1453 2383 1602 2409 versum
1635 2370 1782 2409 effinxit
1811 2372 1873 2410 ta-

230 2435 324 2475 lem:
358 2436 450 2476 Non
480 2438 617 2475 iterum
649 2437 759 2477 dices
790 2439 905 2477 echo.
938 2446 1008 2478 tua
1040 2439 1155 2491 lydia
1187 2440 1302 2479 diaric.
1341 2439 1420 2479 Sed
1452 2441 1601 2479 omnino
1632 2439 1724 2479 nihil
1754 2452 1874 2490 posse

230 2505 312 2543 sani
345 2517 395 2543 ex
425 2504 489 2543 illo
521 2504 698 2544 librorum
729 2509 895 2546 monstro
928 2508 1129 2557 extricari,
1172 2508 1392 2547 documento
1423 2511 1482 2548 est
1512 2508 1645 2548 infelix
1677 2508 1873 2558 Scaligeri

230 2576 408 2612 conatus:
448 2586 471 2612 a
500 2586 572 2625 quo
604 2586 675 2612 non
706 2574 854 2614 multum
886 2576 1009 2615 diss'ert
1048 2580 1285 2616 eonnnentum
1317 2577 1593 2628 Wernsdorfii,
1634 2578 1695 2629 qui
1732 2577 1872 2617 crebro

230 2642 410 2693 legebat,
444 2645 483 2682 ut
513 2642 711 2692 Scaliger,
744 2644 812 2683 sed
845 2645 971 2684 (lices.
1025 2645 1162 2684 crebro
1193 2645 1331 2684 editum
1362 2649 1449 2685 ante
1482 2645 1718 2696 scaligerum
1749 2647 1873 2686 fuerat

229 2711 266 2749 in
298 2711 449 2760 lIagan-
486 2714 604 2750 1531.
637 2712 727 2751 Bas.
766 2716 884 2753 1543.
917 2714 1095 2765 Mogunt.
1133 2716 1252 2754 1549.
1284 2714 1408 2764 Lugd.
1444 2718 1564 2754 1556.
1596 2715 1674 2753 sie:
1707 2715 1801 2754 Non
1827 2719 1871 2756 it.

232 2780 369 2820 dicens
401 2780 536 2819 crebro
567 2787 595 2819 t.
629 2780 676 2819 L.
709 2782 825 2820 dixti.

314 2848 628 2900 Amplectendum
658 2852 758 2900 erat,
789 2851 888 2903 quod
918 2851 955 2890 in
977 2849 1151 2902 Affinis,
1183 2853 1221 2891 et
1250 2864 1300 2891 ex
1326 2852 1478 2891 Aldinis
1503 2852 1541 2890 in
1560 2851 1721 2890 Venetis
1748 2854 1870 2891 1544.

238 2919 354 2955 1555.
392 2920 510 2957 1558.
541 2918 659 2957 Basil.
691 2919 741 2957 ΙΙ.
772 2919 817 2958 Ρ.
852 2922 974 2959 1561.
1016 2918 1299 2971 Scaliger-anis,
1340 2932 1555 2974 quamquam
1586 2920 1705 2960 invito
1738 2919 1868 2961 Scali-

232 2996 348 3036 gero,
381 2987 479 3038 apud
508 2986 730 3038 Pithoeum,
762 2989 801 3029 et
831 2989 1087 3040 recentiores,
1118 2988 1277 3040 legitur:
