<?xml version="1.0" encoding="UTF-8"?>
<!DOCTYPE html PUBLIC "-//W3C//DTD XHTML 1.0 Transitional//EN"
    "http://www.w3.org/TR/xhtml1/DTD/xhtml1-transitional.dtd">
<html xmlns="http://www.w3.org/1999/xhtml" xml:lang="en" lang="en">
 <head>
  <title>
</title>
<meta http-equiv="Content-Type" content="text/html;charset=utf-8" />
  <meta name='ocr-system' content='tesseract 3.04.00' />
  <meta name='ocr-capabilities' content='ocr_page ocr_carea ocr_par ocr_line ocrx_word'/>
</head>
<body>
  <div class='ocr_page' id='page_1' title='image "./carmina00catouoft_0202.png"; bbox 0 0 2006 3365; ppageno 0'>
   <div class='ocr_carea' id='block_1_1' title="bbox 275 142 1359 194">
    <p class='ocr_par' dir='ltr' id='par_1_1' title="bbox 275 142 1359 194">
     <span class='ocr_line' id='line_1_1' title="bbox 275 142 1359 194; baseline -0.012 0"><span class='ocrx_word' id='word_1_1' title='bbox 275 149 373 194; x_wconf 84' lang='grc'><strong>184</strong></span> <span class='ocrx_word' id='word_1_2' title='bbox 830 143 907 184; x_wconf 83' lang='lat' dir='ltr'><strong>AN</strong></span> <span class='ocrx_word' id='word_1_3' title='bbox 911 142 1359 184; x_wconf 81' lang='lat' dir='ltr'><strong>IMADVERSIONES</strong></span> 
     </span>
    </p>
   </div>
   <div class='ocr_carea' id='block_1_2' title="bbox 271 257 1910 452">
    <p class='ocr_par' dir='ltr' id='par_1_2' title="bbox 271 257 1910 452">
     <span class='ocr_line' id='line_1_2' title="bbox 273 257 1910 313; baseline -0.002 -12"><span class='ocrx_word' id='word_1_4' title='bbox 273 265 311 301; x_wconf 87' lang='lat' dir='ltr'><strong>et</strong></span> <span class='ocrx_word' id='word_1_5' title='bbox 350 262 520 310; x_wconf 79' lang='lat' dir='ltr'><strong>August.</strong></span> <span class='ocrx_word' id='word_1_6' title='bbox 564 260 848 313; x_wconf 62' lang='lat' dir='ltr'><strong>ire-spargitque</strong></span> <span class='ocrx_word' id='word_1_7' title='bbox 883 261 1011 298; x_wconf 79' lang='lat' dir='ltr'><strong>micas</strong></span> <span class='ocrx_word' id='word_1_8' title='bbox 1054 257 1138 297; x_wconf 89' lang='lat' dir='ltr'><strong>cod.</strong></span> <span class='ocrx_word' id='word_1_9' title='bbox 1179 258 1270 296; x_wconf 81' lang='lat' dir='ltr'><strong>Bas.</strong></span> <span class='ocrx_word' id='word_1_10' title='bbox 1313 260 1351 296; x_wconf 91' lang='lat' dir='ltr'><strong>et</strong></span> <span class='ocrx_word' id='word_1_11' title='bbox 1390 258 1507 296; x_wconf 81' lang='lat' dir='ltr'><strong>Voss.</strong></span> <span class='ocrx_word' id='word_1_12' title='bbox 1547 257 1595 297; x_wconf 87' lang='lat'><strong>11.</strong></span> <span class='ocrx_word' id='word_1_13' title='bbox 1638 271 1716 297; x_wconf 89' lang='lat' dir='ltr'><strong>cum</strong></span> <span class='ocrx_word' id='word_1_14' title='bbox 1748 257 1910 297; x_wconf 78' lang='lat' dir='ltr'><strong>Venetis</strong></span> 
     </span>
     <span class='ocr_line' id='line_1_3' title="bbox 271 325 1909 381; baseline -0.004 -11"><span class='ocrx_word' id='word_1_15' title='bbox 271 331 370 370; x_wconf 85' lang='lat' dir='ltr'><strong>Rub.</strong></span> <span class='ocrx_word' id='word_1_16' title='bbox 404 330 504 368; x_wconf 84' lang='lat' dir='ltr'><strong>lens.</strong></span> <span class='ocrx_word' id='word_1_17' title='bbox 539 329 700 381; x_wconf 68' lang='lat' dir='ltr'><strong>spat-qil</strong></span> <span class='ocrx_word' id='word_1_18' title='bbox 731 330 860 379; x_wconf 63' lang='lat' dir='ltr'><strong>missas</strong></span> <span class='ocrx_word' id='word_1_19' title='bbox 893 327 1091 366; x_wconf 78' lang='lat' dir='ltr'><strong>deficiente</strong></span> <span class='ocrx_word' id='word_1_20' title='bbox 1123 325 1273 377; x_wconf 77' lang='lat' dir='ltr'><strong>syllaba</strong></span> <span class='ocrx_word' id='word_1_21' title='bbox 1313 339 1402 375; x_wconf 85' lang='lat' dir='ltr'><strong>una,</strong></span> <span class='ocrx_word' id='word_1_22' title='bbox 1444 326 1638 367; x_wconf 81' lang='lat' dir='ltr'><strong>Guelt&#39;erb.</strong></span> <span class='ocrx_word' id='word_1_23' title='bbox 1679 327 1775 367; x_wconf 87' lang='lat' dir='ltr'><strong>Gud.</strong></span> <span class='ocrx_word' id='word_1_24' title='bbox 1812 329 1909 365; x_wconf 76' lang='lat'>342.</span> 
     </span>
     <span class='ocr_line' id='line_1_4' title="bbox 271 396 1148 452; baseline -0.002 -14"><span class='ocrx_word' id='word_1_25' title='bbox 271 399 325 438; x_wconf 91' lang='lat' dir='ltr'><strong>At</strong></span> <span class='ocrx_word' id='word_1_26' title='bbox 359 399 541 452; x_wconf 74' lang='lat' dir='ltr'><strong>asperyic</strong></span> <span class='ocrx_word' id='word_1_27' title='bbox 571 399 698 436; x_wconf 79' lang='lat' dir='ltr'><strong>micas</strong></span> <span class='ocrx_word' id='word_1_28' title='bbox 731 396 849 435; x_wconf 83' lang='lat' dir='ltr'><strong>Voss.</strong></span> <span class='ocrx_word' id='word_1_29' title='bbox 881 399 949 435; x_wconf 82' lang='lat' dir='ltr'><strong>Sl.</strong></span> <span class='ocrx_word' id='word_1_30' title='bbox 982 400 1020 436; x_wconf 83' lang='lat' dir='ltr'><strong>et</strong></span> <span class='ocrx_word' id='word_1_31' title='bbox 1049 397 1148 436; x_wconf 84' lang='lat' dir='ltr'><strong>Mut.</strong></span> 
     </span>
    </p>
   </div>
   <div class='ocr_carea' id='block_1_3' title="bbox 265 533 1908 1481">
    <p class='ocr_par' dir='ltr' id='par_1_3' title="bbox 269 533 1908 727">
     <span class='ocr_line' id='line_1_5' title="bbox 356 533 1645 586; baseline 0.002 -14"><span class='ocrx_word' id='word_1_32' title='bbox 356 533 407 573; x_wconf 91' lang='lat' dir='ltr'><strong>V.</strong></span> <span class='ocrx_word' id='word_1_33' title='bbox 441 536 507 574; x_wconf 75' lang='lat'><strong>47.</strong></span> <span class='ocrx_word' id='word_1_34' title='bbox 541 535 671 582; x_wconf 78' lang='lat'>(150.)</span> <span class='ocrx_word' id='word_1_35' title='bbox 698 543 857 577; x_wconf 68' lang='lat' dir='ltr'><strong>AUREA</strong></span> <span class='ocrx_word' id='word_1_36' title='bbox 888 542 1003 585; x_wconf 84' lang='lat' dir='ltr'>QUlN</span> <span class='ocrx_word' id='word_1_37' title='bbox 1029 544 1176 577; x_wconf 81' lang='grc' dir='ltr'>ΕΤΙΑΜ</span> <span class='ocrx_word' id='word_1_38' title='bbox 1203 544 1334 586; x_wconf 76' lang='lat' dir='ltr'><strong>Quom</strong></span> <span class='ocrx_word' id='word_1_39' title='bbox 1361 542 1576 576; x_wconf 73' lang='lat' dir='ltr'><strong>SAECULA</strong></span> <span class='ocrx_word' id='word_1_40' title='bbox 1603 543 1645 575; x_wconf 87' lang='lat' dir='ltr'><strong>v.</strong></span> 
     </span>
     <span class='ocr_line' id='line_1_6' title="bbox 271 599 1908 657; baseline -0.002 -14"><span class='ocrx_word' id='word_1_41' title='bbox 271 603 547 654; x_wconf 80' lang='lat' dir='ltr'>Augustanus,</span> <span class='ocrx_word' id='word_1_42' title='bbox 580 607 619 643; x_wconf 93' lang='lat' dir='ltr'><strong>ut</strong></span> <span class='ocrx_word' id='word_1_43' title='bbox 650 603 750 642; x_wconf 81' lang='lat' dir='ltr'><strong>solet</strong></span> <span class='ocrx_word' id='word_1_44' title='bbox 781 603 1010 642; x_wconf 82' lang='lat' dir='ltr'><strong>confundere</strong></span> <span class='ocrx_word' id='word_1_45' title='bbox 1041 603 1236 654; x_wconf 73' lang='lat' dir='ltr'><strong>syllabas,</strong></span> <span class='ocrx_word' id='word_1_46' title='bbox 1269 604 1320 642; x_wconf 83' lang='lat' dir='ltr'><strong>A.</strong></span> <span class='ocrx_word' id='word_1_47' title='bbox 1355 605 1423 657; x_wconf 80' lang='lat' dir='ltr'><strong>qni</strong></span> <span class='ocrx_word' id='word_1_48' title='bbox 1454 610 1516 641; x_wconf 81' lang='lat' dir='ltr'><strong>nec</strong></span> <span class='ocrx_word' id='word_1_49' title='bbox 1548 599 1686 640; x_wconf 72' lang='lat' dir='ltr'><strong>iamczl</strong></span> <span class='ocrx_word' id='word_1_50' title='bbox 1717 614 1792 640; x_wconf 78' lang='lat' dir='ltr'><strong>sae</strong></span> <span class='ocrx_word' id='word_1_51' title='bbox 1813 600 1908 640; x_wconf 79' lang='lat' dir='ltr'><strong>cula</strong></span> 
     </span>
     <span class='ocr_line' id='line_1_7' title="bbox 269 672 1266 727; baseline -0.002 -15"><span class='ocrx_word' id='word_1_52' title='bbox 269 688 306 713; x_wconf 82' lang='lat' dir='ltr'><strong>u.</strong></span> <span class='ocrx_word' id='word_1_53' title='bbox 379 686 489 727; x_wconf 76' lang='lat' dir='ltr'><strong>quom</strong></span> <span class='ocrx_word' id='word_1_54' title='bbox 520 672 641 722; x_wconf 84' lang='lat' dir='ltr'><strong>Angl.</strong></span> <span class='ocrx_word' id='word_1_55' title='bbox 674 673 764 711; x_wconf 90' lang='lat' dir='ltr'><strong>Bas.</strong></span> <span class='ocrx_word' id='word_1_56' title='bbox 834 672 1047 712; x_wconf 79' lang='lat' dir='ltr'><strong>voluebant</strong></span> <span class='ocrx_word' id='word_1_57' title='bbox 1080 672 1184 711; x_wconf 87' lang='lat' dir='ltr'><strong>Mon.</strong></span> <span class='ocrx_word' id='word_1_58' title='bbox 1218 672 1266 710; x_wconf 84' lang='lat' dir='ltr'><strong>ll.</strong></span> 
     </span>
    </p>

    <p class='ocr_par' dir='ltr' id='par_1_4' title="bbox 265 738 1908 1481">
     <span class='ocr_line' id='line_1_8' title="bbox 351 738 1908 792; baseline -0.003 -12"><span class='ocrx_word' id='word_1_59' title='bbox 351 741 508 781; x_wconf 78' lang='lat' dir='ltr'>Transit</span> <span class='ocrx_word' id='word_1_60' title='bbox 531 745 645 792; x_wconf 86' lang='lat' dir='ltr'><strong>poeta</strong></span> <span class='ocrx_word' id='word_1_61' title='bbox 671 741 715 780; x_wconf 88' lang='lat' dir='ltr'><strong>ad</strong></span> <span class='ocrx_word' id='word_1_62' title='bbox 742 744 902 780; x_wconf 83' lang='lat' dir='ltr'><strong>aetatem</strong></span> <span class='ocrx_word' id='word_1_63' title='bbox 933 740 1143 788; x_wconf 83' lang='lat' dir='ltr'><strong>heroicam,</strong></span> <span class='ocrx_word' id='word_1_64' title='bbox 1177 741 1285 792; x_wconf 88' lang='lat' dir='ltr'><strong>eique</strong></span> <span class='ocrx_word' id='word_1_65' title='bbox 1310 738 1471 782; x_wconf 80' lang='lat' dir='ltr'><strong>invidet,</strong></span> <span class='ocrx_word' id='word_1_66' title='bbox 1507 738 1602 790; x_wconf 90' lang='lat' dir='ltr'><strong>quod</strong></span> <span class='ocrx_word' id='word_1_67' title='bbox 1628 741 1724 786; x_wconf 79' lang='lat' dir='ltr'><strong>tum,</strong></span> <span class='ocrx_word' id='word_1_68' title='bbox 1758 740 1795 776; x_wconf 93' lang='lat' dir='ltr'><strong>ut</strong></span> <span class='ocrx_word' id='word_1_69' title='bbox 1820 740 1908 776; x_wconf 86' lang='lat' dir='ltr'><strong>ante</strong></span> 
     </span>
     <span class='ocr_line' id='line_1_9' title="bbox 267 806 1908 861; baseline -0.003 -12"><span class='ocrx_word' id='word_1_70' title='bbox 267 811 361 859; x_wconf 76' lang='lat' dir='ltr'><strong>diis,</strong></span> <span class='ocrx_word' id='word_1_71' title='bbox 404 810 525 849; x_wconf 90' lang='lat' dir='ltr'><strong>libere</strong></span> <span class='ocrx_word' id='word_1_72' title='bbox 564 822 709 859; x_wconf 84' lang='lat' dir='ltr'><strong>amare,</strong></span> <span class='ocrx_word' id='word_1_73' title='bbox 749 815 787 850; x_wconf 90' lang='lat' dir='ltr'><strong>et</strong></span> <span class='ocrx_word' id='word_1_74' title='bbox 819 809 976 861; x_wconf 81' lang='lat' dir='ltr'><strong>explere</strong></span> <span class='ocrx_word' id='word_1_75' title='bbox 1017 810 1245 861; x_wconf 86' lang='lat' dir='ltr'><strong>cupiditates</strong></span> <span class='ocrx_word' id='word_1_76' title='bbox 1277 807 1436 846; x_wconf 76' lang='lat' dir='ltr'><strong>licuerit.</strong></span> <span class='ocrx_word' id='word_1_77' title='bbox 1498 806 1614 847; x_wconf 85' lang='lat' dir='ltr'><strong>Cuius</strong></span> <span class='ocrx_word' id='word_1_78' title='bbox 1648 808 1699 845; x_wconf 90' lang='lat' dir='ltr'><strong>rei</strong></span> <span class='ocrx_word' id='word_1_79' title='bbox 1734 806 1908 857; x_wconf 86' lang='lat' dir='ltr'><strong>exempla</strong></span> 
     </span>
     <span class='ocr_line' id='line_1_10' title="bbox 268 875 1905 931; baseline -0.002 -13"><span class='ocrx_word' id='word_1_80' title='bbox 268 879 339 918; x_wconf 89' lang='lat' dir='ltr'><strong>duo</strong></span> <span class='ocrx_word' id='word_1_81' title='bbox 371 879 479 931; x_wconf 90' lang='lat' dir='ltr'><strong>ponit</strong></span> <span class='ocrx_word' id='word_1_82' title='bbox 510 882 548 918; x_wconf 81' lang='lat' dir='ltr'><strong>et</strong></span> <span class='ocrx_word' id='word_1_83' title='bbox 578 879 793 929; x_wconf 81' lang='lat' dir='ltr'><strong>notissima,</strong></span> <span class='ocrx_word' id='word_1_84' title='bbox 832 881 871 917; x_wconf 88' lang='lat' dir='ltr'><strong>et</strong></span> <span class='ocrx_word' id='word_1_85' title='bbox 900 878 945 916; x_wconf 89' lang='lat' dir='ltr'><strong>ad</strong></span> <span class='ocrx_word' id='word_1_86' title='bbox 979 877 1238 917; x_wconf 78' lang='lat' dir='ltr'><strong>declarandam</strong></span> <span class='ocrx_word' id='word_1_87' title='bbox 1269 878 1405 915; x_wconf 86' lang='lat' dir='ltr'><strong>amoris</strong></span> <span class='ocrx_word' id='word_1_88' title='bbox 1437 876 1709 915; x_wconf 75' lang='lat' dir='ltr'><strong>vehementiam</strong></span> <span class='ocrx_word' id='word_1_89' title='bbox 1749 875 1905 927; x_wconf 80' lang='lat' dir='ltr'><strong>aptissi-</strong></span> 
     </span>
     <span class='ocr_line' id='line_1_11' title="bbox 266 946 1906 999; baseline -0.002 -12"><span class='ocrx_word' id='word_1_90' title='bbox 266 957 344 987; x_wconf 79' lang='lat' dir='ltr'><strong>ma:</strong></span> <span class='ocrx_word' id='word_1_91' title='bbox 375 947 600 999; x_wconf 79' lang='lat' dir='ltr'>puellarum,</span> <span class='ocrx_word' id='word_1_92' title='bbox 632 960 727 999; x_wconf 89' lang='lat' dir='ltr'><strong>quae</strong></span> <span class='ocrx_word' id='word_1_93' title='bbox 754 947 959 998; x_wconf 82' lang='lat' dir='ltr'><strong>impotente</strong></span> <span class='ocrx_word' id='word_1_94' title='bbox 985 959 1109 986; x_wconf 85' lang='lat' dir='ltr'><strong>amore</strong></span> <span class='ocrx_word' id='word_1_95' title='bbox 1140 959 1208 997; x_wconf 83' lang='lat' dir='ltr'><strong>per</strong></span> <span class='ocrx_word' id='word_1_96' title='bbox 1240 949 1360 984; x_wconf 80' lang='lat' dir='ltr'><strong>terras</strong></span> <span class='ocrx_word' id='word_1_97' title='bbox 1384 958 1429 984; x_wconf 88' lang='lat' dir='ltr'><strong>ac</strong></span> <span class='ocrx_word' id='word_1_98' title='bbox 1451 946 1561 983; x_wconf 88' lang='lat' dir='ltr'><strong>maria</strong></span> <span class='ocrx_word' id='word_1_99' title='bbox 1587 949 1771 997; x_wconf 86' lang='lat' dir='ltr'><strong>sequutae</strong></span> <span class='ocrx_word' id='word_1_100' title='bbox 1803 958 1906 984; x_wconf 91' lang='lat' dir='ltr'><strong>ama-</strong></span> 
     </span>
     <span class='ocr_line' id='line_1_12' title="bbox 265 1014 1905 1067; baseline -0.002 -12"><span class='ocrx_word' id='word_1_101' title='bbox 265 1019 368 1056; x_wconf 81' lang='lat' dir='ltr'><strong>tores</strong></span> <span class='ocrx_word' id='word_1_102' title='bbox 399 1029 511 1065; x_wconf 83' lang='lat' dir='ltr'><strong>suos‚</strong></span> <span class='ocrx_word' id='word_1_103' title='bbox 544 1028 658 1055; x_wconf 89' lang='lat' dir='ltr'><strong>caeco</strong></span> <span class='ocrx_word' id='word_1_104' title='bbox 689 1015 797 1053; x_wconf 91' lang='lat' dir='ltr'><strong>animi</strong></span> <span class='ocrx_word' id='word_1_105' title='bbox 833 1016 985 1066; x_wconf 87' lang='lat' dir='ltr'><strong>impetu.</strong></span> <span class='ocrx_word' id='word_1_106' title='bbox 1047 1015 1192 1067; x_wconf 79' lang='lat' dir='ltr'>Quibus</span> <span class='ocrx_word' id='word_1_107' title='bbox 1225 1014 1408 1065; x_wconf 86' lang='lat' dir='ltr'><strong>exemplis</strong></span> <span class='ocrx_word' id='word_1_108' title='bbox 1440 1026 1535 1053; x_wconf 86' lang='lat' dir='ltr'><strong>cave</strong></span> <span class='ocrx_word' id='word_1_109' title='bbox 1568 1028 1612 1053; x_wconf 81' lang='lat' dir='ltr'><strong>ne</strong></span> <span class='ocrx_word' id='word_1_110' title='bbox 1645 1015 1793 1053; x_wconf 78' lang='lat' dir='ltr'><strong>tacitam</strong></span> <span class='ocrx_word' id='word_1_111' title='bbox 1825 1014 1905 1064; x_wconf 84' lang='lat' dir='ltr'><strong>Ly-</strong></span> 
     </span>
     <span class='ocr_line' id='line_1_13' title="bbox 267 1082 1904 1135; baseline -0.001 -12"><span class='ocrx_word' id='word_1_112' title='bbox 267 1085 350 1123; x_wconf 86' lang='lat' dir='ltr'><strong>diae</strong></span> <span class='ocrx_word' id='word_1_113' title='bbox 391 1084 721 1135; x_wconf 86' lang='lat' dir='ltr'><strong>reprehensionem</strong></span> <span class='ocrx_word' id='word_1_114' title='bbox 763 1084 948 1122; x_wconf 82' lang='lat' dir='ltr'><strong>contineri</strong></span> <span class='ocrx_word' id='word_1_115' title='bbox 987 1084 1166 1134; x_wconf 86' lang='lat' dir='ltr'><strong>opineris.</strong></span> <span class='ocrx_word' id='word_1_116' title='bbox 1228 1083 1416 1134; x_wconf 83' lang='lat' dir='ltr'><strong>Nusquam</strong></span> <span class='ocrx_word' id='word_1_117' title='bbox 1448 1082 1543 1123; x_wconf 90' lang='lat' dir='ltr'><strong>Cato</strong></span> <span class='ocrx_word' id='word_1_118' title='bbox 1576 1083 1733 1134; x_wconf 79' lang='lat' dir='ltr'><strong>Lydiam</strong></span> <span class='ocrx_word' id='word_1_119' title='bbox 1775 1095 1904 1134; x_wconf 85' lang='lat' dir='ltr'><strong>repre-</strong></span> 
     </span>
     <span class='ocr_line' id='line_1_14' title="bbox 266 1151 1905 1204; baseline -0.001 -13"><span class='ocrx_word' id='word_1_120' title='bbox 266 1152 415 1199; x_wconf 83' lang='lat' dir='ltr'><strong>hendit,</strong></span> <span class='ocrx_word' id='word_1_121' title='bbox 448 1158 511 1192; x_wconf 89' lang='lat' dir='ltr'><strong>aut</strong></span> <span class='ocrx_word' id='word_1_122' title='bbox 543 1164 609 1203; x_wconf 84' lang='lat' dir='ltr'><strong>per</strong></span> <span class='ocrx_word' id='word_1_123' title='bbox 626 1151 783 1202; x_wconf 74' lang='lat' dir='ltr'><strong>Lydiam</strong></span> <span class='ocrx_word' id='word_1_124' title='bbox 815 1154 941 1202; x_wconf 88' lang='lat' dir='ltr'><strong>stare,</strong></span> <span class='ocrx_word' id='word_1_125' title='bbox 982 1165 1053 1204; x_wconf 90' lang='lat' dir='ltr'><strong>quo</strong></span> <span class='ocrx_word' id='word_1_126' title='bbox 1085 1153 1204 1191; x_wconf 87' lang='lat' dir='ltr'><strong>minus</strong></span> <span class='ocrx_word' id='word_1_127' title='bbox 1237 1152 1318 1202; x_wconf 85' lang='lat' dir='ltr'><strong>ipse</strong></span> <span class='ocrx_word' id='word_1_128' title='bbox 1352 1152 1431 1189; x_wconf 84' lang='lat' dir='ltr'><strong>eius</strong></span> <span class='ocrx_word' id='word_1_129' title='bbox 1463 1152 1708 1191; x_wconf 85' lang='lat' dir='ltr'><strong>contubernio</strong></span> <span class='ocrx_word' id='word_1_130' title='bbox 1740 1154 1905 1200; x_wconf 81' lang='lat' dir='ltr'><strong>fruatur,</strong></span> 
     </span>
     <span class='ocr_line' id='line_1_15' title="bbox 266 1220 1907 1273; baseline 0 -13"><span class='ocrx_word' id='word_1_131' title='bbox 266 1222 471 1271; x_wconf 77' lang='lat' dir='ltr'><strong>significat.</strong></span> <span class='ocrx_word' id='word_1_132' title='bbox 533 1221 648 1260; x_wconf 83' lang='lat' dir='ltr'><strong>Vitae</strong></span> <span class='ocrx_word' id='word_1_133' title='bbox 689 1221 913 1260; x_wconf 81' lang='lat' dir='ltr'><strong>recentioris</strong></span> <span class='ocrx_word' id='word_1_134' title='bbox 953 1233 1076 1260; x_wconf 87' lang='lat' dir='ltr'><strong>mores</strong></span> <span class='ocrx_word' id='word_1_135' title='bbox 1113 1224 1224 1273; x_wconf 86' lang='lat' dir='ltr'><strong>atque</strong></span> <span class='ocrx_word' id='word_1_136' title='bbox 1266 1220 1438 1259; x_wconf 85' lang='lat' dir='ltr'><strong>instituta</strong></span> <span class='ocrx_word' id='word_1_137' title='bbox 1479 1221 1646 1271; x_wconf 85' lang='lat' dir='ltr'><strong>incusat,</strong></span> <span class='ocrx_word' id='word_1_138' title='bbox 1695 1234 1763 1272; x_wconf 87' lang='lat' dir='ltr'><strong>per</strong></span> <span class='ocrx_word' id='word_1_139' title='bbox 1812 1233 1907 1273; x_wconf 87' lang='lat' dir='ltr'><strong>quae</strong></span> 
     </span>
     <span class='ocr_line' id='line_1_16' title="bbox 266 1289 1906 1342; baseline -0.001 -13"><span class='ocrx_word' id='word_1_140' title='bbox 266 1290 346 1329; x_wconf 86' lang='lat' dir='ltr'><strong>fieri</strong></span> <span class='ocrx_word' id='word_1_141' title='bbox 380 1291 552 1342; x_wconf 84' lang='lat' dir='ltr'><strong>nequeat,</strong></span> <span class='ocrx_word' id='word_1_142' title='bbox 587 1292 625 1328; x_wconf 89' lang='lat' dir='ltr'><strong>ut</strong></span> <span class='ocrx_word' id='word_1_143' title='bbox 656 1292 719 1328; x_wconf 87' lang='lat' dir='ltr'><strong>aut</strong></span> <span class='ocrx_word' id='word_1_144' title='bbox 750 1289 874 1340; x_wconf 79' lang='lat' dir='ltr'><strong>Lydia</strong></span> <span class='ocrx_word' id='word_1_145' title='bbox 905 1290 1042 1342; x_wconf 88' lang='lat' dir='ltr'><strong>ubique</strong></span> <span class='ocrx_word' id='word_1_146' title='bbox 1075 1302 1153 1328; x_wconf 89' lang='lat' dir='ltr'><strong>eum</strong></span> <span class='ocrx_word' id='word_1_147' title='bbox 1187 1291 1295 1341; x_wconf 86' lang='lat' dir='ltr'><strong>ipso,</strong></span> <span class='ocrx_word' id='word_1_148' title='bbox 1329 1293 1391 1328; x_wconf 87' lang='lat' dir='ltr'><strong>aut</strong></span> <span class='ocrx_word' id='word_1_149' title='bbox 1423 1289 1507 1340; x_wconf 85' lang='lat' dir='ltr'><strong>ipse</strong></span> <span class='ocrx_word' id='word_1_150' title='bbox 1539 1302 1688 1341; x_wconf 83' lang='lat' dir='ltr'><strong>semper</strong></span> <span class='ocrx_word' id='word_1_151' title='bbox 1718 1302 1797 1329; x_wconf 91' lang='lat' dir='ltr'><strong>cum</strong></span> <span class='ocrx_word' id='word_1_152' title='bbox 1825 1289 1906 1340; x_wconf 82' lang='lat' dir='ltr'><strong>Ly-</strong></span> 
     </span>
     <span class='ocr_line' id='line_1_17' title="bbox 266 1357 1906 1408; baseline 0 -11"><span class='ocrx_word' id='word_1_153' title='bbox 266 1359 325 1397; x_wconf 88' lang='lat' dir='ltr'><strong>dia</strong></span> <span class='ocrx_word' id='word_1_154' title='bbox 346 1357 515 1403; x_wconf 76' lang='lat' dir='ltr'><strong>habitet.</strong></span> <span class='ocrx_word' id='word_1_155' title='bbox 575 1358 715 1398; x_wconf 67' lang='lat' dir='ltr'><strong>Aurea</strong></span> <span class='ocrx_word' id='word_1_156' title='bbox 747 1358 807 1398; x_wconf 87' lang='lat' dir='ltr'><strong>bic</strong></span> <span class='ocrx_word' id='word_1_157' title='bbox 838 1359 1018 1397; x_wconf 90' lang='lat' dir='ltr'><strong>inusitate</strong></span> <span class='ocrx_word' id='word_1_158' title='bbox 1049 1359 1140 1398; x_wconf 83' lang='lat' dir='ltr'><strong>dicit</strong></span> <span class='ocrx_word' id='word_1_159' title='bbox 1171 1359 1365 1398; x_wconf 72' lang='lat' dir='ltr'><strong>saecula:</strong></span> <span class='ocrx_word' id='word_1_160' title='bbox 1399 1357 1581 1408; x_wconf 82' lang='lat' dir='ltr'><strong>inteiligit</strong></span> <span class='ocrx_word' id='word_1_161' title='bbox 1611 1359 1728 1406; x_wconf 82' lang='lat' dir='ltr'><strong>enim,</strong></span> <span class='ocrx_word' id='word_1_162' title='bbox 1771 1361 1809 1397; x_wconf 88' lang='lat' dir='ltr'><strong>ut</strong></span> <span class='ocrx_word' id='word_1_163' title='bbox 1839 1371 1906 1397; x_wconf 89' lang='lat' dir='ltr'><strong>os-</strong></span> 
     </span>
     <span class='ocr_line' id='line_1_18' title="bbox 266 1427 1850 1481; baseline 0.001 -14"><span class='ocrx_word' id='word_1_164' title='bbox 266 1428 421 1467; x_wconf 88' lang='lat' dir='ltr'><strong>tendunt</strong></span> <span class='ocrx_word' id='word_1_165' title='bbox 452 1427 646 1479; x_wconf 82' lang='lat' dir='ltr'><strong>exempla,</strong></span> <span class='ocrx_word' id='word_1_166' title='bbox 679 1430 839 1468; x_wconf 86' lang='lat' dir='ltr'><strong>aetatem</strong></span> <span class='ocrx_word' id='word_1_167' title='bbox 870 1440 976 1481; x_wconf 86' lang='lat' dir='ltr'><strong>quam</strong></span> <span class='ocrx_word' id='word_1_168' title='bbox 1015 1427 1171 1466; x_wconf 87' lang='lat' dir='ltr'><strong>dicimus</strong></span> <span class='ocrx_word' id='word_1_169' title='bbox 1204 1427 1404 1466; x_wconf 83' lang='lat' dir='ltr'><strong>heroicam.</strong></span> <span class='ocrx_word' id='word_1_170' title='bbox 1437 1429 1484 1467; x_wconf 81' lang='lat' dir='ltr'><strong>cs.</strong></span> <span class='ocrx_word' id='word_1_171' title='bbox 1516 1440 1604 1466; x_wconf 88' lang='lat' dir='ltr'><strong>mox</strong></span> <span class='ocrx_word' id='word_1_172' title='bbox 1634 1427 1679 1466; x_wconf 88' lang='lat' dir='ltr'><strong>ad</strong></span> <span class='ocrx_word' id='word_1_173' title='bbox 1712 1443 1750 1465; x_wconf 88' lang='lat' dir='ltr'><strong>v.</strong></span> <span class='ocrx_word' id='word_1_174' title='bbox 1784 1429 1850 1468; x_wconf 71' lang='lat'><strong>74.</strong></span> 
     </span>
    </p>
   </div>
   <div class='ocr_carea' id='block_1_4' title="bbox 351 1563 1908 1686">
    <p class='ocr_par' dir='ltr' id='par_1_5' title="bbox 351 1563 1908 1686">
     <span class='ocr_line' id='line_1_19' title="bbox 351 1563 1832 1617; baseline 0.002 -12"><span class='ocrx_word' id='word_1_175' title='bbox 351 1566 402 1605; x_wconf 87' lang='lat' dir='ltr'><strong>V.</strong></span> <span class='ocrx_word' id='word_1_176' title='bbox 436 1568 502 1605; x_wconf 76' lang='lat'><strong>48.</strong></span> <span class='ocrx_word' id='word_1_177' title='bbox 536 1563 670 1617; x_wconf 80' lang='lat'>(15¹.)</span> <span class='ocrx_word' id='word_1_178' title='bbox 698 1574 920 1608; x_wconf 83' lang='lat' dir='ltr'><strong>CONDITIO</strong></span> <span class='ocrx_word' id='word_1_179' title='bbox 947 1574 1128 1609; x_wconf 79' lang='lat' dir='ltr'>SIMILIS</span> <span class='ocrx_word' id='word_1_180' title='bbox 1154 1575 1340 1608; x_wconf 79' lang='lat' dir='ltr'><strong>FUERAT</strong></span> <span class='ocrx_word' id='word_1_181' title='bbox 1364 1575 1671 1609; x_wconf 77' lang='lat' dir='ltr'><strong>MORTALIBUS</strong></span> <span class='ocrx_word' id='word_1_182' title='bbox 1698 1575 1832 1608; x_wconf 78' lang='lat' dir='ltr'>ILLIS,</span> 
     </span>
     <span class='ocr_line' id='line_1_20' title="bbox 353 1634 1908 1686; baseline 0.001 -14"><span class='ocrx_word' id='word_1_183' title='bbox 353 1634 476 1673; x_wconf 87' lang='lat' dir='ltr'><strong>Doleo</strong></span> <span class='ocrx_word' id='word_1_184' title='bbox 507 1634 603 1673; x_wconf 87' lang='lat' dir='ltr'><strong>haec</strong></span> <span class='ocrx_word' id='word_1_185' title='bbox 640 1646 662 1672; x_wconf 85' lang='lat' dir='ltr'><strong>a</strong></span> <span class='ocrx_word' id='word_1_186' title='bbox 692 1635 970 1673; x_wconf 85' lang='lat' dir='ltr'><strong>recentioribus</strong></span> <span class='ocrx_word' id='word_1_187' title='bbox 1002 1635 1212 1674; x_wconf 86' lang='lat' dir='ltr'><strong>editoribus</strong></span> <span class='ocrx_word' id='word_1_188' title='bbox 1243 1635 1469 1686; x_wconf 85' lang='lat' dir='ltr'><strong>interpolata</strong></span> <span class='ocrx_word' id='word_1_189' title='bbox 1507 1636 1650 1685; x_wconf 77' lang='lat' dir='ltr'><strong>fuisse,</strong></span> <span class='ocrx_word' id='word_1_190' title='bbox 1691 1647 1768 1674; x_wconf 91' lang='lat' dir='ltr'><strong>cum</strong></span> <span class='ocrx_word' id='word_1_191' title='bbox 1809 1635 1908 1674; x_wconf 90' lang='lat' dir='ltr'><strong>bene</strong></span> 
     </span>
    </p>
   </div>
   <div class='ocr_carea' id='block_1_5' title="bbox 268 1702 1910 2792">
    <p class='ocr_par' dir='ltr' id='par_1_6' title="bbox 268 1702 812 1743">
     <span class='ocr_line' id='line_1_21' title="bbox 268 1702 812 1743; baseline -0.002 -1"><span class='ocrx_word' id='word_1_192' title='bbox 268 1703 434 1743; x_wconf 86' lang='lat' dir='ltr'><strong>habeant</strong></span> <span class='ocrx_word' id='word_1_193' title='bbox 465 1706 618 1742; x_wconf 80' lang='lat' dir='ltr'><strong>veteres</strong></span> <span class='ocrx_word' id='word_1_194' title='bbox 650 1702 812 1742; x_wconf 85' lang='lat' dir='ltr'><strong>excusi:</strong></span> 
     </span>
    </p>

    <p class='ocr_par' dir='ltr' id='par_1_7' title="bbox 441 1772 1359 1824">
     <span class='ocr_line' id='line_1_22' title="bbox 441 1772 1359 1824; baseline -0.001 -12"><span class='ocrx_word' id='word_1_195' title='bbox 441 1772 627 1812; x_wconf 72' lang='lat' dir='ltr'><strong>Condicio</strong></span> <span class='ocrx_word' id='word_1_196' title='bbox 659 1772 805 1812; x_wconf 78' lang='lat' dir='ltr'><strong>similis</strong></span> <span class='ocrx_word' id='word_1_197' title='bbox 835 1773 976 1824; x_wconf 77' lang='lat' dir='ltr'><strong>fuerat</strong></span> <span class='ocrx_word' id='word_1_198' title='bbox 1005 1772 1242 1811; x_wconf 75' lang='lat' dir='ltr'><strong>mortalibus</strong></span> <span class='ocrx_word' id='word_1_199' title='bbox 1275 1772 1359 1811; x_wconf 69' lang='lat' dir='ltr'><strong>illis</strong></span> 
     </span>
    </p>

    <p class='ocr_par' dir='ltr' id='par_1_8' title="bbox 271 1842 1910 2792">
     <span class='ocr_line' id='line_1_23' title="bbox 440 1842 1817 1896; baseline -0.001 -16"><span class='ocrx_word' id='word_1_200' title='bbox 440 1842 557 1881; x_wconf 80' lang='lat' dir='ltr'><strong>Haec</strong></span> <span class='ocrx_word' id='word_1_201' title='bbox 590 1854 755 1896; x_wconf 78' lang='lat' dir='ltr'><strong>quoque.</strong></span> <span class='ocrx_word' id='word_1_202' title='bbox 785 1846 1006 1894; x_wconf 62' lang='lat' dir='ltr'><strong>praeterea</strong></span> <span class='ocrx_word' id='word_1_203' title='bbox 1036 1847 1165 1880; x_wconf 73' lang='lat' dir='ltr'><strong>notum</strong></span> <span class='ocrx_word' id='word_1_204' title='bbox 1198 1842 1399 1881; x_wconf 61' lang='lat' dir='ltr'><strong>Minoidi-s·</strong></span> <span class='ocrx_word' id='word_1_205' title='bbox 1433 1848 1598 1881; x_wconf 77' lang='lat' dir='ltr'><strong>astrum.</strong></span> <span class='ocrx_word' id='word_1_206' title='bbox 1683 1850 1817 1884; x_wconf 72' lang='lat' dir='ltr'><strong>SCAL,</strong></span> 
     </span>
     <span class='ocr_line' id='line_1_24' title="bbox 272 1909 1908 1964; baseline -0.001 -15"><span class='ocrx_word' id='word_1_207' title='bbox 272 1910 377 1964; x_wconf 85' lang='lat' dir='ltr'><strong>Quae</strong></span> <span class='ocrx_word' id='word_1_208' title='bbox 408 1910 629 1949; x_wconf 82' lang='lat' dir='ltr'><strong>observatio</strong></span> <span class='ocrx_word' id='word_1_209' title='bbox 662 1911 783 1959; x_wconf 81' lang='lat' dir='ltr'><strong>magis</strong></span> <span class='ocrx_word' id='word_1_210' title='bbox 814 1911 858 1948; x_wconf 88' lang='lat' dir='ltr'><strong>ad</strong></span> <span class='ocrx_word' id='word_1_211' title='bbox 893 1914 1112 1962; x_wconf 78' lang='lat' dir='ltr'><strong>sequentem</strong></span> <span class='ocrx_word' id='word_1_212' title='bbox 1155 1922 1303 1949; x_wconf 81' lang='lat' dir='ltr'><strong>versum</strong></span> <span class='ocrx_word' id='word_1_213' title='bbox 1346 1911 1535 1960; x_wconf 84' lang='lat' dir='ltr'><strong>pertinet:</strong></span> <span class='ocrx_word' id='word_1_214' title='bbox 1580 1922 1658 1948; x_wconf 86' lang='lat' dir='ltr'><strong>nam</strong></span> <span class='ocrx_word' id='word_1_215' title='bbox 1700 1909 1746 1948; x_wconf 89' lang='lat' dir='ltr'><strong>de</strong></span> <span class='ocrx_word' id='word_1_216' title='bbox 1788 1911 1908 1949; x_wconf 86' lang='lat' dir='ltr'><strong>inter-</strong></span> 
     </span>
     <span class='ocr_line' id='line_1_25' title="bbox 271 1978 1908 2031; baseline -0.001 -13"><span class='ocrx_word' id='word_1_217' title='bbox 271 1980 475 2031; x_wconf 88' lang='lat' dir='ltr'><strong>punctione</strong></span> <span class='ocrx_word' id='word_1_218' title='bbox 505 1980 662 2018; x_wconf 85' lang='lat' dir='ltr'><strong>maxime</strong></span> <span class='ocrx_word' id='word_1_219' title='bbox 695 1978 867 2031; x_wconf 79' lang='lat' dir='ltr'><strong>loquitur.</strong></span> <span class='ocrx_word' id='word_1_220' title='bbox 929 1979 1062 2031; x_wconf 84' lang='lat' dir='ltr'><strong>Neque</strong></span> <span class='ocrx_word' id='word_1_221' title='bbox 1095 1991 1222 2017; x_wconf 82' lang='lat' dir='ltr'><strong>verum</strong></span> <span class='ocrx_word' id='word_1_222' title='bbox 1255 1982 1335 2026; x_wconf 82' lang='lat' dir='ltr'><strong>est,</strong></span> <span class='ocrx_word' id='word_1_223' title='bbox 1369 1979 1465 2031; x_wconf 88' lang='lat' dir='ltr'><strong>quod</strong></span> <span class='ocrx_word' id='word_1_224' title='bbox 1500 1978 1635 2030; x_wconf 82' lang='lat' dir='ltr'><strong>aliquis</strong></span> <span class='ocrx_word' id='word_1_225' title='bbox 1672 1978 1830 2028; x_wconf 83' lang='lat' dir='ltr'><strong>colligat</strong></span> <span class='ocrx_word' id='word_1_226' title='bbox 1860 1991 1908 2017; x_wconf 81' lang='lat' dir='ltr'><strong>ex</strong></span> 
     </span>
     <span class='ocr_line' id='line_1_26' title="bbox 273 2046 1907 2101; baseline -0.001 -14"><span class='ocrx_word' id='word_1_227' title='bbox 273 2049 403 2087; x_wconf 73' lang='lat' dir='ltr'><strong>verbis</strong></span> <span class='ocrx_word' id='word_1_228' title='bbox 435 2048 640 2100; x_wconf 81' lang='lat' dir='ltr'><strong>Scaligeri‚</strong></span> <span class='ocrx_word' id='word_1_229' title='bbox 669 2049 810 2101; x_wconf 77' lang='lat' dir='ltr'><strong>fuerat</strong></span> <span class='ocrx_word' id='word_1_230' title='bbox 841 2060 928 2087; x_wconf 86' lang='lat' dir='ltr'><strong>esse</strong></span> <span class='ocrx_word' id='word_1_231' title='bbox 960 2048 995 2086; x_wconf 94' lang='lat' dir='ltr'><strong>in</strong></span> <span class='ocrx_word' id='word_1_232' title='bbox 1028 2047 1223 2086; x_wconf 84' lang='lat' dir='ltr'><strong>veteribus</strong></span> <span class='ocrx_word' id='word_1_233' title='bbox 1264 2048 1432 2086; x_wconf 85' lang='lat' dir='ltr'><strong>excusis.</strong></span> <span class='ocrx_word' id='word_1_234' title='bbox 1493 2047 1536 2086; x_wconf 93' lang='lat' dir='ltr'><strong>In</strong></span> <span class='ocrx_word' id='word_1_235' title='bbox 1577 2048 1754 2098; x_wconf 80' lang='lat' dir='ltr'><strong>scriptis,</strong></span> <span class='ocrx_word' id='word_1_236' title='bbox 1787 2046 1907 2086; x_wconf 75' lang='lat' dir='ltr'><strong>Galli-</strong></span> 
     </span>
     <span class='ocr_line' id='line_1_27' title="bbox 274 2115 1907 2168; baseline -0.001 -13"><span class='ocrx_word' id='word_1_237' title='bbox 274 2118 378 2156; x_wconf 87' lang='lat' dir='ltr'><strong>canis</strong></span> <span class='ocrx_word' id='word_1_238' title='bbox 409 2130 469 2168; x_wconf 86' lang='lat' dir='ltr'><strong>ap.</strong></span> <span class='ocrx_word' id='word_1_239' title='bbox 502 2118 635 2156; x_wconf 88' lang='lat' dir='ltr'><strong>Ileins.</strong></span> <span class='ocrx_word' id='word_1_240' title='bbox 669 2119 707 2156; x_wconf 87' lang='lat' dir='ltr'><strong>et</strong></span> <span class='ocrx_word' id='word_1_241' title='bbox 737 2117 994 2166; x_wconf 81' lang='lat' dir='ltr'><strong>Augustano,</strong></span> <span class='ocrx_word' id='word_1_242' title='bbox 1025 2115 1168 2155; x_wconf 83' lang='lat' dir='ltr'><strong>Medic.</strong></span> <span class='ocrx_word' id='word_1_243' title='bbox 1201 2117 1319 2156; x_wconf 89' lang='lat' dir='ltr'><strong>Voss.</strong></span> <span class='ocrx_word' id='word_1_244' title='bbox 1352 2118 1382 2156; x_wconf 91' lang='lat'><strong>1.</strong></span> <span class='ocrx_word' id='word_1_245' title='bbox 1416 2117 1448 2154; x_wconf 91' lang='lat' dir='ltr'><strong>si</strong></span> <span class='ocrx_word' id='word_1_246' title='bbox 1481 2118 1507 2155; x_wconf 82' lang='lat' dir='ltr'><strong>f.</strong></span> <span class='ocrx_word' id='word_1_247' title='bbox 1540 2130 1572 2156; x_wconf 88' lang='lat' dir='ltr'><strong>s.</strong></span> <span class='ocrx_word' id='word_1_248' title='bbox 1604 2116 1714 2155; x_wconf 87' lang='lat' dir='ltr'><strong>Leid.</strong></span> <span class='ocrx_word' id='word_1_249' title='bbox 1748 2119 1787 2155; x_wconf 83' lang='lat' dir='ltr'><strong>et</strong></span> <span class='ocrx_word' id='word_1_250' title='bbox 1816 2115 1907 2155; x_wconf 88' lang='lat' dir='ltr'><strong>reli-</strong></span> 
     </span>
     <span class='ocr_line' id='line_1_28' title="bbox 274 2184 1907 2238; baseline 0 -15"><span class='ocrx_word' id='word_1_251' title='bbox 274 2186 359 2238; x_wconf 90' lang='lat' dir='ltr'><strong>quis</strong></span> <span class='ocrx_word' id='word_1_252' title='bbox 390 2188 506 2235; x_wconf 84' lang='lat' dir='ltr'><strong>meis,</strong></span> <span class='ocrx_word' id='word_1_253' title='bbox 547 2188 707 2238; x_wconf 87' lang='lat' dir='ltr'><strong>itemque</strong></span> <span class='ocrx_word' id='word_1_254' title='bbox 738 2186 773 2223; x_wconf 93' lang='lat' dir='ltr'><strong>in</strong></span> <span class='ocrx_word' id='word_1_255' title='bbox 806 2184 937 2233; x_wconf 76' lang='lat' dir='ltr'><strong>editis,</strong></span> <span class='ocrx_word' id='word_1_256' title='bbox 969 2198 1063 2237; x_wconf 85' lang='lat' dir='ltr'><strong>quos</strong></span> <span class='ocrx_word' id='word_1_257' title='bbox 1096 2198 1187 2224; x_wconf 80' lang='lat' dir='ltr'><strong>vere</strong></span> <span class='ocrx_word' id='word_1_258' title='bbox 1220 2189 1372 2224; x_wconf 85' lang='lat' dir='ltr'><strong>veteres</strong></span> <span class='ocrx_word' id='word_1_259' title='bbox 1404 2186 1571 2234; x_wconf 79' lang='lat' dir='ltr'><strong>dixeris,</strong></span> <span class='ocrx_word' id='word_1_260' title='bbox 1613 2186 1806 2232; x_wconf 80' lang='lat' dir='ltr'><strong>omnihus,</strong></span> <span class='ocrx_word' id='word_1_261' title='bbox 1848 2188 1907 2224; x_wconf 82' lang='lat' dir='ltr'><strong>et-</strong></span> 
     </span>
     <span class='ocr_line' id='line_1_29' title="bbox 274 2253 1910 2308; baseline 0 -16"><span class='ocrx_word' id='word_1_262' title='bbox 274 2255 342 2292; x_wconf 88' lang='lat' dir='ltr'><strong>iam</strong></span> <span class='ocrx_word' id='word_1_263' title='bbox 373 2254 650 2303; x_wconf 67' lang='lat' dir='ltr'><strong>Ascensiarsts,</strong></span> <span class='ocrx_word' id='word_1_264' title='bbox 683 2254 858 2301; x_wconf 81' lang='lat' dir='ltr'><strong>Aldinis,</strong></span> <span class='ocrx_word' id='word_1_265' title='bbox 890 2255 1117 2308; x_wconf 76' lang='lat' dir='ltr'><strong>similisque</strong></span> <span class='ocrx_word' id='word_1_266' title='bbox 1145 2255 1253 2306; x_wconf 84' lang='lat' dir='ltr'><strong>foret</strong></span> <span class='ocrx_word' id='word_1_267' title='bbox 1284 2253 1437 2304; x_wconf 82' lang='lat' dir='ltr'><strong>iegitur.</strong></span> <span class='ocrx_word' id='word_1_268' title='bbox 1498 2254 1604 2293; x_wconf 85' lang='lat' dir='ltr'><strong>Nihil</strong></span> <span class='ocrx_word' id='word_1_269' title='bbox 1637 2255 1759 2294; x_wconf 89' lang='lat' dir='ltr'><strong>tribuo</strong></span> <span class='ocrx_word' id='word_1_270' title='bbox 1776 2256 1910 2294; x_wconf 76' lang='lat' dir='ltr'><strong>manui</strong></span> 
     </span>
     <span class='ocr_line' id='line_1_30' title="bbox 275 2322 1907 2375; baseline -0.001 -12"><span class='ocrx_word' id='word_1_271' title='bbox 275 2323 425 2371; x_wconf 72' lang='lat' dir='ltr'><strong>Pierii,</strong></span> <span class='ocrx_word' id='word_1_272' title='bbox 459 2336 554 2375; x_wconf 85' lang='lat' dir='ltr'><strong>quae</strong></span> <span class='ocrx_word' id='word_1_273' title='bbox 581 2324 721 2375; x_wconf 75' lang='lat' dir='ltr'><strong>fuerat</strong></span> <span class='ocrx_word' id='word_1_274' title='bbox 743 2322 885 2361; x_wconf 85' lang='lat' dir='ltr'><strong>adlevit</strong></span> <span class='ocrx_word' id='word_1_275' title='bbox 910 2326 1011 2362; x_wconf 86' lang='lat' dir='ltr'><strong>teste</strong></span> <span class='ocrx_word' id='word_1_276' title='bbox 1038 2323 1268 2372; x_wconf 81' lang='lat' dir='ltr'><strong>Burmanno,</strong></span> <span class='ocrx_word' id='word_1_277' title='bbox 1303 2323 1375 2361; x_wconf 77' lang='lat' dir='ltr'><strong>etsi</strong></span> <span class='ocrx_word' id='word_1_278' title='bbox 1402 2323 1547 2362; x_wconf 91' lang='lat' dir='ltr'><strong>multum</strong></span> <span class='ocrx_word' id='word_1_279' title='bbox 1579 2323 1768 2363; x_wconf 87' lang='lat' dir='ltr'><strong>tribuebat</strong></span> <span class='ocrx_word' id='word_1_280' title='bbox 1791 2324 1907 2362; x_wconf 87' lang='lat' dir='ltr'><strong>Hein-</strong></span> 
     </span>
     <span class='ocr_line' id='line_1_31' title="bbox 275 2391 1906 2444; baseline -0.001 -13"><span class='ocrx_word' id='word_1_281' title='bbox 275 2394 376 2437; x_wconf 79' lang='lat' dir='ltr'><strong>sius,</strong></span> <span class='ocrx_word' id='word_1_282' title='bbox 417 2392 478 2444; x_wconf 92' lang='lat' dir='ltr'><strong>qui</strong></span> <span class='ocrx_word' id='word_1_283' title='bbox 510 2391 580 2430; x_wconf 88' lang='lat' dir='ltr'><strong>hac</strong></span> <span class='ocrx_word' id='word_1_284' title='bbox 612 2391 693 2431; x_wconf 82' lang='lat' dir='ltr'><strong>sola</strong></span> <span class='ocrx_word' id='word_1_285' title='bbox 723 2393 968 2441; x_wconf 87' lang='lat' dir='ltr'><strong>auctoritate,</strong></span> <span class='ocrx_word' id='word_1_286' title='bbox 1010 2395 1048 2431; x_wconf 92' lang='lat' dir='ltr'><strong>ut</strong></span> <span class='ocrx_word' id='word_1_287' title='bbox 1079 2394 1192 2442; x_wconf 81' lang='lat' dir='ltr'><strong>puto,</strong></span> <span class='ocrx_word' id='word_1_288' title='bbox 1233 2392 1388 2430; x_wconf 82' lang='lat' dir='ltr'><strong>scribit:</strong></span> <span class='ocrx_word' id='word_1_289' title='bbox 1430 2394 1550 2431; x_wconf 82' lang='lat' dir='ltr'><strong>suerat</strong></span> <span class='ocrx_word' id='word_1_290' title='bbox 1580 2400 1707 2432; x_wconf 80' lang='lat' dir='ltr'><strong>tamen</strong></span> <span class='ocrx_word' id='word_1_291' title='bbox 1737 2392 1813 2431; x_wconf 73' lang='lat' dir='ltr'><strong>alii</strong></span> <span class='ocrx_word' id='word_1_292' title='bbox 1842 2405 1906 2431; x_wconf 83' lang='lat' dir='ltr'><strong>eo-</strong></span> 
     </span>
     <span class='ocr_line' id='line_1_32' title="bbox 277 2460 1907 2513; baseline -0.001 -12"><span class='ocrx_word' id='word_1_293' title='bbox 277 2462 401 2502; x_wconf 76' lang='lat' dir='ltr'><strong>dices.</strong></span> <span class='ocrx_word' id='word_1_294' title='bbox 463 2460 540 2499; x_wconf 89' lang='lat' dir='ltr'><strong>Sed</strong></span> <span class='ocrx_word' id='word_1_295' title='bbox 584 2461 838 2513; x_wconf 85' lang='lat' dir='ltr'><strong>undecumque</strong></span> <span class='ocrx_word' id='word_1_296' title='bbox 875 2462 1024 2500; x_wconf 87' lang='lat' dir='ltr'><strong>venerit</strong></span> <span class='ocrx_word' id='word_1_297' title='bbox 1051 2462 1213 2513; x_wconf 77' lang='lat' dir='ltr'><strong>suerat,</strong></span> <span class='ocrx_word' id='word_1_298' title='bbox 1257 2464 1394 2499; x_wconf 88' lang='lat' dir='ltr'><strong>eertum</strong></span> <span class='ocrx_word' id='word_1_299' title='bbox 1436 2461 1609 2509; x_wconf 77' lang='lat' dir='ltr'><strong>videtur,</strong></span> <span class='ocrx_word' id='word_1_300' title='bbox 1650 2460 1746 2499; x_wconf 88' lang='lat' dir='ltr'><strong>hauc</strong></span> <span class='ocrx_word' id='word_1_301' title='bbox 1785 2473 1907 2499; x_wconf 86' lang='lat' dir='ltr'><strong>veram</strong></span> 
     </span>
     <span class='ocr_line' id='line_1_33' title="bbox 277 2528 1907 2581; baseline -0.002 -12"><span class='ocrx_word' id='word_1_302' title='bbox 277 2543 367 2569; x_wconf 87' lang='lat' dir='ltr'><strong>esse</strong></span> <span class='ocrx_word' id='word_1_303' title='bbox 397 2533 534 2580; x_wconf 87' lang='lat' dir='ltr'><strong>poetae</strong></span> <span class='ocrx_word' id='word_1_304' title='bbox 565 2542 720 2570; x_wconf 81' lang='lat' dir='ltr'><strong>manum.</strong></span> <span class='ocrx_word' id='word_1_305' title='bbox 781 2531 868 2581; x_wconf 87' lang='lat' dir='ltr'><strong>Ego</strong></span> <span class='ocrx_word' id='word_1_306' title='bbox 911 2528 997 2568; x_wconf 82' lang='lat' dir='ltr'><strong>iliud</strong></span> <span class='ocrx_word' id='word_1_307' title='bbox 1040 2530 1190 2580; x_wconf 82' lang='lat' dir='ltr'><strong>repperi</strong></span> <span class='ocrx_word' id='word_1_308' title='bbox 1232 2530 1266 2567; x_wconf 92' lang='lat' dir='ltr'><strong>in</strong></span> <span class='ocrx_word' id='word_1_309' title='bbox 1299 2528 1416 2568; x_wconf 87' lang='lat' dir='ltr'><strong>Basil.</strong></span> <span class='ocrx_word' id='word_1_310' title='bbox 1458 2529 1566 2580; x_wconf 82' lang='lat' dir='ltr'><strong>Bryi.</strong></span> <span class='ocrx_word' id='word_1_311' title='bbox 1605 2532 1724 2568; x_wconf 83' lang='grc'><strong>1543.</strong></span> <span class='ocrx_word' id='word_1_312' title='bbox 1782 2529 1907 2578; x_wconf 81' lang='lat' dir='ltr'><strong>Lugd.</strong></span> 
     </span>
     <span class='ocr_line' id='line_1_34' title="bbox 281 2598 1906 2650; baseline -0.001 -13"><span class='ocrx_word' id='word_1_313' title='bbox 281 2602 398 2638; x_wconf 85' lang='lat'>1556.</span> <span class='ocrx_word' id='word_1_314' title='bbox 480 2598 760 2648; x_wconf 79' lang='lat' dir='ltr'><strong>ScaligerauiS,</strong></span> <span class='ocrx_word' id='word_1_315' title='bbox 808 2602 845 2638; x_wconf 87' lang='lat' dir='ltr'><strong>et</strong></span> <span class='ocrx_word' id='word_1_316' title='bbox 881 2598 1054 2648; x_wconf 88' lang='lat' dir='ltr'><strong>Pithoei,</strong></span> <span class='ocrx_word' id='word_1_317' title='bbox 1100 2598 1222 2647; x_wconf 83' lang='lat' dir='ltr'><strong>Lugd.</strong></span> <span class='ocrx_word' id='word_1_318' title='bbox 1277 2601 1396 2637; x_wconf 83' lang='lat'><strong>1592.</strong></span> <span class='ocrx_word' id='word_1_319' title='bbox 1444 2601 1482 2637; x_wconf 87' lang='lat' dir='ltr'><strong>et</strong></span> <span class='ocrx_word' id='word_1_320' title='bbox 1519 2600 1615 2650; x_wconf 89' lang='lat' dir='ltr'><strong>apud</strong></span> <span class='ocrx_word' id='word_1_321' title='bbox 1662 2598 1906 2637; x_wconf 73' lang='lat' dir='ltr'><strong>recentiores.</strong></span> 
     </span>
     <span class='ocr_line' id='line_1_35' title="bbox 277 2665 1905 2708; baseline -0.002 -1"><span class='ocrx_word' id='word_1_322' title='bbox 277 2668 466 2708; x_wconf 78' lang='lat' dir='ltr'><strong>Condicio</strong></span> <span class='ocrx_word' id='word_1_323' title='bbox 497 2667 644 2706; x_wconf 85' lang='lat' dir='ltr'><strong>Tbuan.</strong></span> <span class='ocrx_word' id='word_1_324' title='bbox 678 2666 834 2708; x_wconf 84' lang='lat' dir='ltr'><strong>Vratisi.</strong></span> <span class='ocrx_word' id='word_1_325' title='bbox 867 2668 896 2707; x_wconf 93' lang='grc' dir='ltr'><strong>Ι.</strong></span> <span class='ocrx_word' id='word_1_326' title='bbox 930 2668 1038 2707; x_wconf 85' lang='lat' dir='ltr'><strong>Rom.</strong></span> <span class='ocrx_word' id='word_1_327' title='bbox 1072 2667 1103 2707; x_wconf 92' lang='lat' dir='ltr'><strong>I.</strong></span> <span class='ocrx_word' id='word_1_328' title='bbox 1135 2668 1227 2707; x_wconf 81' lang='lat' dir='ltr'><strong>Bas.</strong></span> <span class='ocrx_word' id='word_1_329' title='bbox 1267 2667 1365 2707; x_wconf 83' lang='lat' dir='ltr'><strong>Mut.</strong></span> <span class='ocrx_word' id='word_1_330' title='bbox 1427 2669 1635 2708; x_wconf 76' lang='lat' dir='ltr'><strong>condictio</strong></span> <span class='ocrx_word' id='word_1_331' title='bbox 1685 2667 1804 2705; x_wconf 76' lang='lat' dir='ltr'><strong>Paris.</strong></span> <span class='ocrx_word' id='word_1_332' title='bbox 1838 2665 1905 2706; x_wconf 87' lang='lat' dir='ltr'><strong>lv.</strong></span> 
     </span>
     <span class='ocr_line' id='line_1_36' title="bbox 276 2737 917 2792; baseline 0.002 -16"><span class='ocrx_word' id='word_1_333' title='bbox 276 2738 510 2792; x_wconf 76' lang='lat' dir='ltr'><strong>Similisque</strong></span> <span class='ocrx_word' id='word_1_334' title='bbox 537 2738 625 2789; x_wconf 81' lang='lat' dir='ltr'><strong>fere</strong></span> <span class='ocrx_word' id='word_1_335' title='bbox 655 2737 752 2775; x_wconf 87' lang='lat' dir='ltr'><strong>coni.</strong></span> <span class='ocrx_word' id='word_1_336' title='bbox 784 2737 917 2777; x_wconf 84' lang='lat' dir='ltr'><strong>Heius.</strong></span> 
     </span>
    </p>
   </div>
   <div class='ocr_carea' id='block_1_6' title="bbox 361 2873 1978 2925">
    <p class='ocr_par' dir='ltr' id='par_1_9' title="bbox 361 2873 1978 2925">
     <span class='ocr_line' id='line_1_37' title="bbox 361 2873 1978 2925; baseline 0.001 -10"><span class='ocrx_word' id='word_1_337' title='bbox 361 2878 410 2916; x_wconf 92' lang='lat' dir='ltr'><strong>V.</strong></span> <span class='ocrx_word' id='word_1_338' title='bbox 445 2880 510 2914; x_wconf 71' lang='lat'><strong>49.</strong></span> <span class='ocrx_word' id='word_1_339' title='bbox 551 2873 684 2925; x_wconf 84' lang='lat'>(152.)</span> <span class='ocrx_word' id='word_1_340' title='bbox 711 2883 834 2916; x_wconf 81' lang='lat' dir='ltr'><strong>HAEC</strong></span> <span class='ocrx_word' id='word_1_341' title='bbox 861 2883 1049 2925; x_wconf 72' lang='lat' dir='ltr'><strong>Quoouu</strong></span> <span class='ocrx_word' id='word_1_342' title='bbox 1077 2884 1378 2918; x_wconf 81' lang='lat' dir='ltr'><strong>PRAETEREO:</strong></span> <span class='ocrx_word' id='word_1_343' title='bbox 1414 2882 1580 2917; x_wconf 73' lang='lat' dir='ltr'>NOTUM</span> <span class='ocrx_word' id='word_1_344' title='bbox 1604 2881 1835 2915; x_wconf 79' lang='lat' dir='ltr'><strong>MlNomos</strong></span> <span class='ocrx_word' id='word_1_345' title='bbox 1864 2883 1907 2918; x_wconf 88' lang='lat' dir='ltr'><strong>A.</strong></span> <span class='ocrx_word' id='word_1_346' title='bbox 1976 2875 1978 2878; x_wconf 77' lang='grc'>’</span> 
     </span>
    </p>
   </div>
   <div class='ocr_carea' id='block_1_7' title="bbox 278 2941 1907 3067">
    <p class='ocr_par' dir='ltr' id='par_1_10' title="bbox 278 2941 1907 3067">
     <span class='ocr_line' id='line_1_38' title="bbox 278 2941 1907 2997; baseline -0.001 -14"><span class='ocrx_word' id='word_1_347' title='bbox 278 2945 352 2984; x_wconf 84' lang='lat' dir='ltr'><strong>Hic</strong></span> <span class='ocrx_word' id='word_1_348' title='bbox 395 2958 541 2997; x_wconf 89' lang='lat' dir='ltr'><strong>quoque</strong></span> <span class='ocrx_word' id='word_1_349' title='bbox 571 2944 708 2995; x_wconf 86' lang='lat' dir='ltr'><strong>prima,</strong></span> <span class='ocrx_word' id='word_1_350' title='bbox 749 2945 921 2995; x_wconf 88' lang='lat' dir='ltr'><strong>quantum</strong></span> <span class='ocrx_word' id='word_1_351' title='bbox 952 2944 1040 2982; x_wconf 88' lang='lat' dir='ltr'><strong>mibi</strong></span> <span class='ocrx_word' id='word_1_352' title='bbox 1083 2945 1227 2996; x_wconf 89' lang='lat' dir='ltr'><strong>quidem</strong></span> <span class='ocrx_word' id='word_1_353' title='bbox 1260 2946 1432 2992; x_wconf 85' lang='lat' dir='ltr'><strong>constat,</strong></span> <span class='ocrx_word' id='word_1_354' title='bbox 1477 2953 1583 2993; x_wconf 86' lang='lat' dir='ltr'><strong>opem</strong></span> <span class='ocrx_word' id='word_1_355' title='bbox 1614 2942 1688 2980; x_wconf 80' lang='lat' dir='ltr'><strong>fert</strong></span> <span class='ocrx_word' id='word_1_356' title='bbox 1722 2941 1907 2990; x_wconf 85' lang='lat' dir='ltr'><strong>ignobilis</strong></span> 
     </span>
     <span class='ocr_line' id='line_1_39' title="bbox 278 3012 1907 3067; baseline -0.001 -16"><span class='ocrx_word' id='word_1_357' title='bbox 278 3013 342 3054; x_wconf 85' lang='lat' dir='ltr'><strong>ilia</strong></span> <span class='ocrx_word' id='word_1_358' title='bbox 371 3013 606 3054; x_wconf 82' lang='lat' dir='ltr'><strong>Basileeusis</strong></span> <span class='ocrx_word' id='word_1_359' title='bbox 637 3012 816 3064; x_wconf 81' lang='lat' dir='ltr'><strong>Bryling.</strong></span> <span class='ocrx_word' id='word_1_360' title='bbox 855 3015 973 3052; x_wconf 69' lang='lat'><strong>1543.</strong></span> <span class='ocrx_word' id='word_1_361' title='bbox 1013 3012 1049 3052; x_wconf 89' lang='lat' dir='ltr'><strong>in</strong></span> <span class='ocrx_word' id='word_1_362' title='bbox 1091 3025 1162 3066; x_wconf 87' lang='lat' dir='ltr'><strong>qua</strong></span> <span class='ocrx_word' id='word_1_363' title='bbox 1199 3014 1343 3054; x_wconf 85' lang='lat' dir='ltr'><strong>diserte</strong></span> <span class='ocrx_word' id='word_1_364' title='bbox 1369 3018 1596 3067; x_wconf 81' lang='lat' dir='ltr'><strong>praetereo,</strong></span> <span class='ocrx_word' id='word_1_365' title='bbox 1640 3012 1679 3050; x_wconf 90' lang='lat' dir='ltr'><strong>ut</strong></span> <span class='ocrx_word' id='word_1_366' title='bbox 1708 3013 1797 3061; x_wconf 89' lang='lat' dir='ltr'><strong>post</strong></span> <span class='ocrx_word' id='word_1_367' title='bbox 1828 3023 1907 3050; x_wconf 87' lang='lat' dir='ltr'><strong>eam</strong></span> 
     </span>
    </p>
   </div>
  </div>
 </body>
</html>
