2006 3365
590 185 660 225 DE
691 183 844 225 POESI
875 183 1211 227 CATONIANA.
1618 188 1718 233 285

88 312 133 340 ac
161 302 248 340 sunt
276 299 378 340 multi
408 299 503 349 loci,
536 301 671 354 quibus
701 300 835 340 nullam
866 301 986 340 fuisse
1017 301 1144 353 poetis
1176 312 1346 340 caussam
1376 299 1544 351 dixeris,
1575 301 1647 339 nisi
1679 302 1719 339 ut

87 368 298 408 variaretur
334 371 445 421 atque
481 369 719 408 artificiosior
758 370 863 409 fieret
901 371 1035 409 oratio.
1112 370 1302 419 Virgilius
1347 369 1544 409 Aeneidos
1586 369 1717 418 initio,

86 450 240 477 saevae
268 451 464 477 memorem
495 438 660 478 Iunonis
700 438 747 478 ob
779 442 906 477 iram:
938 450 1003 477 cur
1033 437 1226 489 epitheton
1258 439 1430 489 posuerit
1458 438 1574 489 primo
1606 437 1717 486 loco,

85 509 271 557 apparet:
311 505 433 545 voluit
464 506 538 544 vim
570 507 758 559 quamdam
789 519 957 556 magnam
988 507 1116 545 inesse
1148 506 1183 544 in
1217 506 1405 557 epithet03
1439 519 1505 545 cur
1535 519 1613 546 eam
1644 507 1719 545 vim

84 574 118 613 in
151 573 224 613 hoc
255 587 343 614 esse
374 574 542 626 epitheto
576 575 760 619 voluerit,
795 587 860 613 cur
889 587 962 613 non
994 576 1030 613 in
1061 574 1204 624 altero3
1236 587 1301 613 cur
1322 587 1392 613 non
1420 576 1470 614 ita
1498 576 1718 627 scripserit,

82 656 278 683 memorem
309 657 462 684 saevae
492 644 658 683 Iunonis
690 643 735 682 ob
777 645 901 691 iram,
945 655 1051 681 nemo
1084 655 1254 681 caussam
1288 644 1383 682 satis
1413 656 1569 692 gravem
1599 656 1720 683 exco-

82 712 210 761 gitet:
243 711 381 762 placuit
413 713 464 752 ita
495 711 685 761 Virgilio,
724 714 763 750 ut
804 714 971 750 neutrum
1015 723 1094 750 cum
1136 723 1204 750 suo
1236 711 1405 762 epitheto
1438 724 1567 750 nomen
1599 715 1719 752 esset·

81 780 165 819 Nisi
197 780 342 819 dixeris
374 785 574 832 propterea
605 793 758 820 saevae
788 780 1060 830 praeposuisse
1091 783 1261 831 poetam,
1297 782 1335 818 ut
1366 781 1602 829 signiticaret
1625 781 1721 820 deae

81 860 234 895 nomen,
267 861 339 888 non
372 850 451 897 dei,
485 849 778 900 exspectandum
811 860 911 887 esse.
973 847 1095 898 Mihi,
1127 849 1159 887 si
1192 848 1312 887 libere
1342 847 1431 887 licet
1452 847 1600 900 eloqui,
1633 849 1720 900 quid

80 916 153 956 hoc
183 919 232 957 sit
264 918 502 968 elegantiae,
545 917 737 956 cumulatis
778 917 955 957 lectorem
999 916 1140 956 lactare
1182 916 1386 968 epithetis,
1430 920 1627 968 antequam
1658 929 1721 955 res

81 986 274 1036 didicerit,
318 987 362 1025 ad
404 1000 496 1039 quas
537 986 599 1025 illa
637 987 852 1037 pertinent,
893 998 965 1024 non
996 987 1091 1024 satis
1122 985 1252 1038 liquet.
1312 985 1446 1038 Neque
1478 988 1612 1024 norunt
1642 997 1721 1024 eam

81 1054 306 1104 elegantiam
338 1055 486 1095 Graeci.
548 1055 633 1094 Huc
671 1055 836 1105 pertinet
876 1054 1103 1094 Broukliusii
1134 1054 1180 1093 ad
1225 1053 1367 1093 Tibull.
1400 1053 1450 1092 ΙΙ.
1499 1069 1548 1103 11,
1588 1057 1649 1093 13.
1682 1056 1722 1095 et

80 1139 144 1172 Ἠ,
180 1128 245 1162 22.
277 1125 495 1163 observatio
538 1124 584 1163 de
614 1124 769 1163 artificio
814 1124 1037 1175 pentametri
1077 1123 1298 1163 Tibulliani.
1360 1122 1588 1162 Broukhusii
1619 1123 1719 1161 iudi-

81 1193 175 1232 cium
205 1193 354 1231 miratur
391 1193 622 1242 Lessingius
664 1196 793 1232 noster
830 1194 865 1231 in
910 1191 1179 1233 Collectaneis.
1240 1193 1326 1231 Non
1359 1193 1500 1243 inepte.
1562 1192 1721 1232 Scilicet

79 1261 274 1311 singulare
305 1261 394 1300 illud
426 1263 618 1301 artificium
662 1264 781 1300 visum
824 1274 913 1301 esse
950 1260 1103 1301 Tibullo
1149 1263 1290 1300 certum
1328 1265 1409 1312 est3
1452 1273 1524 1314 quo
1556 1262 1636 1300 iure
1667 1261 1721 1299 ita

82 1331 203 1369 visum
240 1331 290 1370 sit
334 1330 512 1379 Tibullo,
554 1332 757 1383 quaeritur.
834 1330 979 1370 Multus
1019 1331 1128 1369 etiam
1169 1331 1202 1368 in
1240 1329 1312 1369 hoc
1352 1343 1495 1381 genere
1534 1329 1719 1369 Ovidius:

79 1398 206 1450 lynea
236 1403 403 1439 convexi
462 1399 615 1438 Mollia
656 1413 826 1439 securae
885 1398 1043 1437 Luricla
1073 1398 1274 1438 terribiles
1340 1399 1572 1439 Terribilem
1599 1400 1720 1451 picea

78 1468 350 1521 Aethereoque
387 1481 524 1507 reeens
608 1468 789 1508 Pulchra
818 1468 1042 1508 verecundo
1130 1466 1344 1522 Obviaque
1374 1468 1580 1507 adversas
1664 1468 1722 1506 Ec

80 1537 185 1577 levis
214 1539 390 1589 impexos
480 1536 559 1594 Qui
586 1538 681 1589 fera
711 1537 880 1577 terribili
966 1550 1058 1576 eece
1088 1537 1191 1588 viyil
1221 1536 1341 1576 rutilo
1368 1549 1463 1589 quae
1489 1537 1609 1575 omnia
1633 1538 1721 1576 sunt

83 1617 132 1644 ex
164 1605 260 1644 libro
287 1605 316 1643 Ι.
349 1608 386 1644 et
417 1604 501 1644 libri
527 1605 574 1644 11.
606 1606 735 1654 initio,
769 1608 806 1644 et
832 1605 904 1644 hoc
938 1617 1126 1644 commune
1156 1604 1296 1645 habent
1327 1606 1466 1651 omnia,
1500 1606 1596 1658 quod
1630 1605 1722 1644 mira

81 1673 259 1726 quaedam
290 1674 325 1712 in
357 1673 520 1724 singulis
553 1675 729 1713 versibus
767 1673 1038 1727 inaequalitas,
1079 1674 1160 1713 dum
1203 1675 1238 1713 in
1279 1675 1405 1726 priore
1437 1687 1574 1714 versus
1611 1678 1722 1726 parte

80 1742 203 1780 omnia
226 1741 347 1793 levia,
374 1746 412 1782 et
437 1755 532 1796 quae
556 1743 694 1782 variari
717 1743 885 1794 possint,
904 1747 943 1783 ct
965 1743 1098 1782 nullum
1121 1756 1190 1795 per
1210 1757 1254 1784 se
1271 1744 1499 1784 intellectum
1522 1743 1722 1795 habentia,

82 1811 285 1861 posteriori
316 1812 412 1863 parti
445 1815 715 1861 reservantur,
755 1824 850 1864 quae
880 1825 1030 1851 sensum
1063 1814 1215 1853 faciunt.
1276 1814 1361 1853 Non
1400 1813 1484 1853 dico
1531 1814 1722 1853 inventum

82 1878 155 1918 hoc
184 1879 232 1919 ah
264 1879 424 1929 Ovidi0‚
450 1884 515 1920 aut
533 1880 701 1930 Virgilio
733 1892 836 1920 esse.
897 1880 1020 1921 Multo
1052 1886 1138 1922 ante
1164 1881 1336 1922 Catullus
1361 1894 1406 1922 ea
1437 1895 1575 1922 versus
1606 1884 1724 1921 forma

84 1961 176 1988 usus
207 1952 267 1989 est
297 1950 331 1988 in
365 1950 526 1988 carmine
556 1950 687 2001 epico,
719 1949 842 1989 multis
873 1949 998 1989 locis:
1044 1950 1142 1990 unde
1174 1949 1337 2000 colligas
1368 1963 1593 2002 propensam
1625 1964 1722 2004 quo-

84 2017 165 2056 dam
196 2018 304 2056 modo
342 2016 438 2056 hanc
479 2018 514 2056 in
553 2021 695 2069 partem
727 2030 875 2069 semper
914 2020 1034 2058 fuisse
1079 2018 1215 2070 poesin
1254 2018 1416 2057 latinam.
1486 2018 1544 2058 llli
1587 2024 1724 2070 postea

84 2090 290 2125 sanxerunt
320 2087 450 2138 quasi,
489 2089 527 2126 et
568 2092 793 2138 receperunt
831 2088 927 2127 inter
965 2087 1203 2137 elegantias,
1248 2087 1344 2140 quod
1383 2087 1541 2126 liberum
1585 2088 1724 2127 fuisset

83 2158 207 2195 antea.
268 2155 386 2193 Nemo
417 2158 538 2194 autem
568 2155 721 2205 longius
754 2157 944 2207 processit
974 2168 1080 2208 quam
1103 2155 1275 2196 Catullus
1307 2156 1342 2194 in
1368 2155 1576 2195 Galliamho
1595 2170 1634 2195 v.
1653 2160 1723 2196 83.

85 2224 147 2263 ubi
178 2225 249 2263 tria
280 2223 400 2263 habes
432 2225 606 2265 continua
637 2224 827 2275 epitheta,
859 2226 994 2277 quibus
1026 2237 1094 2263 sua
1124 2224 1336 2276 paullatim,
1368 2225 1600 2275 procedente
1630 2238 1722 2265 ver-

83 2307 147 2340 su,
181 2294 327 2333 nomina
364 2297 617 2333 accrescunt:
664 2293 844 2333 Rutilum
884 2295 1003 2346 ferox
1039 2299 1180 2333 torosa
1222 2296 1380 2334 cervice
1420 2301 1542 2347 quate
1579 2294 1722 2334 iubam.

85 2364 159 2403 etsi
189 2363 311 2415 ferox
339 2375 407 2413 pro
447 2361 644 2401 adverbio.
714 2363 821 2411 Hoc,
861 2365 1034 2415 quantum
1073 2363 1236 2410 memini,
1283 2375 1355 2402 non
1396 2367 1622 2414 receperunt
1653 2362 1721 2401 illi.

83 2431 231 2471 Addam
263 2430 436 2482 exempla
467 2430 727 2470 collocationis
758 2431 984 2470 artificiosae
1025 2444 1075 2471 ex
1106 2432 1306 2471 innumeris
1338 2444 1482 2483 pauca,
1515 2432 1721 2480 eiusmodi,

83 2512 181 2554 quae
212 2500 470 2550 coniecturae,
502 2499 567 2539 sed
601 2499 654 2538 illi
685 2502 748 2539 aut
778 2501 1041 2551 necessariae,
1073 2503 1134 2540 aut
1166 2504 1268 2540 certe
1299 2500 1423 2549 felici,
1456 2500 1663 2549 debentur,
1684 2503 1723 2539 et

84 2581 134 2609 ex
166 2581 210 2608 eo
241 2571 374 2620 poeta,
407 2568 443 2606 in
474 2581 545 2620 quo
576 2567 788 2609 elaboravit
817 2569 879 2608 vir
909 2581 1025 2608 sensu
1057 2569 1173 2619 longe
1201 2570 1430 2609 acutissimo.
1491 2569 1670 2609 Manilius
1689 2568 1721 2608 Ι.

84 2642 180 2678 202.
212 2639 293 2678 Est
324 2639 445 2689 iqitur
480 2637 617 2676 Tellus
647 2639 811 2678 mediam
852 2640 1000 2678 sortita
1046 2651 1260 2678 cavernam
1304 2639 1458 2688 Ae'ris,
1497 2642 1723 2690 poteratque

83 2708 141 2746 sic
171 2707 264 2745 satis
296 2709 472 2744 remotum
502 2704 549 2743 ab
580 2717 649 2744 suo
680 2707 824 2745 nomine
856 2706 976 2745 videri
997 2706 1205 2757 epitheton.
1266 2706 1521 2758 Conciunius,
1552 2706 1605 2745 illi
1636 2707 1721 2759 qui-

84 2775 166 2815 dem
194 2776 330 2822 aetati,
363 2773 459 2826 quod
492 2785 513 2812 e
544 2773 676 2813 codice
707 2776 917 2814 recentiore
949 2775 1144 2814 Bentleius
1177 2775 1308 2815 dedit:

538 2843 618 2882 Est
649 2845 773 2895 iqitur
801 2845 967 2884 mediam
997 2843 1119 2885 tellus
1152 2858 1187 2884 s.
1220 2857 1254 2883 e.

86 2913 184 2953 ldem
214 2915 328 2965 poeta
358 2912 388 2951 Ι.
423 2911 517 2950 464.
562 2913 691 2964 Siqua
728 2919 882 2964 tenent,
926 2914 1060 2954 mundi
1097 2919 1218 2953 totum
1257 2913 1432 2954 deducta
1467 2926 1541 2966 per
1579 2911 1721 2953 orbem.

85 2981 283 3025 Bentleius
313 2980 590 3036 probabiliter:

538 3055 658 3091 totum
686 3051 819 3092 mundi
855 3051 1023 3093 diducta
1050 3065 1125 3105 per
1155 3050 1294 3092 orbem.
