2006 3365
467 163 521 203 IN
553 162 772 203 VALERH
806 161 1040 203 CATONIS
1073 161 1340 203 ECLOGAM.
1622 165 1723 210 143

86 281 123 316 et
153 277 335 316 correxit.
395 277 444 316 Et.
474 276 547 316 hoc
577 278 720 329 quidem
759 278 903 316 minime
941 279 1089 326 mirum,
1133 279 1227 330 quod
1261 279 1312 317 ita
1342 276 1477 329 aliquis
1507 278 1720 317 erraverit:

84 345 259 396 proclive
291 348 372 385 erat
402 358 529 384 errare
562 359 606 384 co
638 347 767 393 inodo,
801 348 836 385 in
867 346 1106 385 similitudine
1136 347 1209 386 ista
1241 347 1465 385 verborum:
1512 346 1589 386 Vos
1620 360 1723 386 nanc

85 436 138 442 -
171 414 285 454 vobis
318 435 370 441 —-
409 414 489 454 Vos
521 429 623 453 Itane
665 437 716 441 —
758 428 832 454 vos
864 428 977 454 nane.
1040 414 1126 452 illud
1159 416 1308 464 nnirinn,
1350 415 1446 467 quod
1484 415 1578 453 idem
1619 427 1723 454 error

83 482 256 533 pluribus
286 484 485 521 connnunis
512 484 721 522 codicibus.
767 483 891 535 Quare
916 483 1068 520 codices
1093 494 1161 520 cos
1187 486 1373 531 cognatos
1401 485 1497 522 inter
1522 496 1563 521 se
1590 484 1721 531 fuisse,

84 551 145 590 vel
177 564 227 589 ex
258 563 330 589 uno
363 552 572 603 antiquiore
605 552 734 590 vitium
766 553 799 589 in
831 550 923 599 hos,
956 562 1049 602 quos
1082 550 1185 599 dixi,
1218 552 1375 589 venisse
1406 554 1616 591 statuimus.
1663 554 1721 591 A·

82 620 180 662 liud.
222 620 288 658 sed
322 619 451 658 eodeni
482 633 529 658 ex
561 633 704 669 genere
737 621 863 659 vitium
897 619 1057 657 Parisini
1090 618 1158 657 111.
1190 622 1274 668 cst,
1319 620 1353 657 in
1387 633 1458 670 quo
1492 633 1558 670 pro
1592 621 1723 660 verbis

82 689 157 728 illa
188 689 297 728 videt
328 688 469 737 legitur
500 688 757 742 allaquider,
799 691 997 725 monstrum
1039 686 1239 725 vocabuli:
1282 687 1530 727 aberraverat
1562 690 1596 726 in
1631 702 1722 727 vor-

81 770 158 795 suni
191 770 274 809 seq.
316 758 377 796 uhi
412 757 633 811 alloquitur
664 760 746 805 cst3
790 768 875 793 nnox
912 756 1174 794 animadvertit
1215 767 1400 804 errorem,
1441 756 1508 793 scd
1551 757 1723 805 neglexit

82 825 282 874 corrigere
314 829 513 865 monstrum
547 825 648 863 illud.
767 824 883 864 vobis
916 827 1017 863 recte
1054 824 1202 874 accepit
1234 824 1392 862 Badius:
1436 825 1542 875 quasi
1574 825 1618 862 ad
1652 825 1722 863 ‹le-

83 892 319 933 lectationom
353 897 544 941 vestram,
588 905 667 931 cum
709 905 784 942 ego
822 893 955 931 absim.
1017 891 1111 944 Quid
1143 888 1356 931 Heinsius?
1415 892 1610 932 Coniceit:
1649 906 1724 945 per

82 975 156 1001 vos
188 977 273 1002 mea
305 962 446 1015 Lydia
477 962 593 1001 ladit.
640 961 690 1000 Ut
721 962 813 1000 idem
846 975 907 1000 vs.
940 962 1116 1011 praeced.
1148 963 1189 1000 in
1219 961 1334 1000 vohis
1368 962 1592 1001 coniecerat.
1640 962 1723 1001 Ta-

80 1030 137 1069 les
171 1032 409 1070 coniecturas
442 1031 503 1082 qui
538 1030 698 1075 viderit,
741 1043 836 1082 quae
869 1031 1116 1068 coniectorem
1149 1029 1195 1068 de
1226 1031 1412 1068 sementia
1444 1033 1579 1080 poetae
1611 1031 1723 1081 plane

78 1112 151 1138 non
183 1100 380 1148 cogitasse
411 1100 611 1146 evincunt,
652 1099 831 1138 fatebitur
869 1099 968 1137 iuste
1007 1098 1198 1150 disputata
1238 1110 1349 1147 csse,
1393 1112 1488 1150 quae
1519 1111 1594 1148 ego
1627 1101 1723 1138 infra

78 1168 184 1207 Diss.
219 1167 287 1206 IV.
321 1168 382 1206 ubi
415 1168 460 1206 de
494 1168 635 1215 Badio,
677 1171 716 1208 et
747 1168 793 1207 de
824 1180 939 1219 opera
972 1169 1132 1206 Heinsii.
1290 1167 1418 1207 Lidia
1450 1168 1547 1207 Vcn.
1579 1167 1720 1208 Achat.

164 1237 223 1276 De
253 1235 521 1275 allitteratione
553 1236 692 1289 Lydia
723 1236 827 1276 ladit
857 1239 905 1276 cf.
938 1237 1045 1276 Diss.
1079 1236 1150 1275 111.

161 1373 211 1413 V.
234 1377 271 1413 5.
294 1371 429 1423 (108.)
470 1382 560 1416 vos
586 1382 715 1415 NUNC
740 1382 1066 1424 ADLOQUITUR,
1092 1383 1183 1417 vos
1208 1383 1251 1416 Ν.
1277 1382 1484 1417 ADR1DET
1510 1384 1578 1417 oc.
1610 1374 1720 1414 Hunc

80 1456 231 1481 versun}
263 1445 378 1481 totum
409 1442 544 1481 omittit
575 1441 822 1480 Monacensis
853 1442 902 1481 11.
966 1442 1106 1481 Similis
1145 1455 1249 1481 error
1290 1443 1343 1489 ei,
1384 1443 1431 1481 de
1468 1455 1540 1494 quo
1582 1443 1719 1482 dictum

77 1512 121 1550 ad
156 1523 304 1550 versun}
336 1511 513 1561 praeced.
547 1509 694 1549 Fesellit
725 1509 933 1559 librarium,
975 1511 1070 1563 quod
1103 1511 1173 1549 duo
1206 1511 1386 1562 deinceps
1418 1524 1555 1550 versus
1586 1511 1718 1550 iisdem

78 1581 210 1618 verbis
242 1581 443 1630 incipiunt,
485 1579 562 1618 Vos
595 1592 709 1617 nanc.
817 1579 1022 1618 Praeterea
1052 1579 1141 1618 nihil
1174 1580 1321 1618 variant
1350 1579 1436 1618 libri
1468 1581 1600 1630 scripti
1633 1580 1716 1619 cdi-

76 1650 179 1701 tique
209 1649 377 1700 antiqui,
421 1648 491 1687 nisi
530 1647 626 1700 quod
669 1660 741 1687 nos
774 1648 895 1686 Paris.
929 1648 998 1688 1V.
1039 1650 1077 1687 et
1117 1648 1265 1688 ocelles
1297 1649 1467 1698 August.
1509 1649 1576 1687 sed
1619 1649 1716 1700 quod

77 1720 285 1756 correctum
316 1717 364 1756 ab
397 1718 481 1768 ipso
514 1717 680 1756 librario.
750 1716 866 1756 vobis
897 1717 991 1755 mala
1022 1717 1261 1768 coniectura,
1293 1720 1457 1756 fortasse
1488 1717 1617 1765 Badii,
1651 1729 1718 1768 pro

75 1800 149 1826 vos
181 1800 305 1834 nane,
339 1787 375 1825 in
402 1786 680 1835 Ascensianis,
711 1786 808 1838 apud
837 1784 1087 1835 Cronflitium,
1120 1787 1155 1824 in
1181 1786 1394 1825 Florentina
1418 1785 1516 1825 lunt.
1534 1799 1595 1837 ap.
1620 1787 1717 1824 Bur-

74 1867 262 1904 mannum,
295 1859 333 1895 ct
363 1856 399 1893 in
431 1855 555 1904 Lugd.
593 1858 711 1893 1529.
830 1855 932 1894 Sane
962 1854 1157 1904 singulare
1189 1859 1249 1894 est
1278 1868 1351 1895 vos
1382 1855 1562 1904 arridet,
1596 1868 1720 1907 neque

75 1923 198 1962 liabeo
229 1923 439 1974 exemplum
471 1924 638 1962 alterum.
671 1924 732 1964 Ct'.
765 1924 809 1962 ad
846 1923 925 1961 Dir.
960 1926 1026 1962 63.
1057 1924 1332 1963 animadversa.
1447 1924 1589 1963 Laudat
1621 1924 1719 1962 hunc

75 2005 226 2031 versum
259 1991 305 2032 C.
338 1992 514 2031 Barthius
548 1993 761 2032 Adversar.
792 1992 901 2031 XM.
937 2008 1020 2030 xiv.
1061 1993 1127 2030 sed
1165 1996 1323 2043 propter
1360 1993 1472 2031 risum
1514 1992 1717 2030 oculorum.

163 2061 396 2114 adloquitur
436 2061 594 2111 scripsi,
639 2064 676 2100 et
722 2062 908 2109 adridet,
960 2073 1038 2100 cun}
1077 2060 1252 2109 Aldinis,
1298 2064 1336 2100 et
1375 2060 1459 2100 aliis
1509 2060 1716 2110 nonnullis,

76 2129 199 2177 Lugd.
237 2131 354 2168 1529.
407 2129 523 2167 Basil.
564 2129 611 2167 H.
645 2129 689 2168 P.
728 2132 845 2168 1561.
906 2131 955 2169 Et
995 2130 1157 2169 adridet
1195 2129 1344 2168 Thuan.
1388 2130 1510 2169 Paris.
1544 2130 1612 2168 ΙΙΙ.
1675 2129 1715 2168 ln

77 2199 304 2245 Augustano
336 2198 555 2251 alloquitur
585 2199 624 2238 ct
654 2199 822 2239 arridet.
868 2199 1003 2252 Neque
1034 2201 1208 2238 constant
1238 2199 1312 2238 sihi
1345 2199 1533 2249 Aldinae,
1567 2200 1601 2237 in
1631 2199 1715 2251 qui-

75 2266 147 2304 bus
179 2278 265 2304 mox
298 2268 527 2306 summissa.

163 2403 213 2443 V·
248 2407 284 2442 6·
319 2403 453 2454 (109.)
515 2414 573 2447 ΕΤ
598 2413 699 2447 ΜΕΑ
724 2413 963 2449 SUBNnSSA
988 2414 1267 2448 MEmTATuR
1292 2414 1505 2449 CARM1NA
1531 2414 1671 2448 vocs.

77 2473 285 2513 submissa
316 2473 454 2524 scripsi
485 2486 562 2512 cun}
594 2473 741 2513 Thuan.
772 2473 944 2523 August.
969 2475 1067 2514 Ven.
1086 2473 1227 2514 Achat.
1247 2474 1383 2513 Mutin.
1401 2474 1568 2523 Argent.
1592 2473 1714 2523 Lugd.

81 2546 200 2581 1529.
263 2545 443 2582 semissa
474 2543 593 2582 Paris.
626 2543 695 2582 IV.
728 2546 942 2583 summissa
974 2544 1137 2592 caeteri,
1168 2546 1321 2594 practer
1350 2543 1620 2592 Burmannum,
1653 2544 1714 2595 qui

77 2613 185 2650 ctiam
218 2612 476 2665 adloquitur,
519 2615 554 2650 et
595 2613 768 2652 adridet.
828 2614 1047 2653 medicatur
1077 2612 1231 2651 Monac.
1263 2612 1293 2651 l.
1354 2613 1424 2651 Est
1455 2616 1575 2651 autem
1606 2611 1714 2649 locus

76 2681 384 2720 venustissimus.
425 2680 640 2720 meditatur
669 2695 788 2731 voce,
822 2687 860 2722 ct
890 2682 1034 2734 quidem
1066 2681 1298 2721 submissa:
1331 2684 1371 2720 ut
1400 2682 1576 2731 facimus,
1608 2692 1713 2732 quum

76 2761 214 2788 versus
245 2749 477 2802 quaerimus,
509 2751 572 2789 aut
601 2749 750 2802 modos,
781 2751 930 2791 auditos
960 2750 1094 2801 nohis,
1124 2749 1192 2789 sed
1224 2762 1319 2802 quos
1349 2760 1423 2788 non
1456 2752 1623 2789 tenemus
1654 2749 1713 2787 in-

77 2821 225 2867 tcgros.

162 2955 214 2994 V·
240 2958 277 2994 7.
301 2952 435 3006 (110.)
486 2963 676 2999 CANTAT
700 2964 758 2998 ET
782 2966 1008 3009 INTEREA,
1032 2966 1139 3000 Mun
1166 2965 1290 3007 QUAE
1317 2963 1568 2998 CANTABA'r
1593 2963 1643 2997 ιΝ
1670 2963 1713 2998 Α.

164 3023 273 3064 Mihi
305 3038 408 3079 qaae
439 3024 631 3065 cantabat
662 3026 702 3064 in
731 3022 886 3078 aurem]
921 3023 1134 3076 ὀαρισμοί.
1194 3026 1379 3064 SCALIG.
