2006 3365
430 165 499 206 DE
532 165 749 207 VIRGILII
778 165 876 206 [ΑΒ.
909 164 1197 207 IUVENALIS
1228 164 1368 205 LUDI.
1616 166 1717 212 243

89 281 172 321 lium
203 281 417 331 Maronem:
449 293 579 330 agrum
611 295 713 332 eum,
747 281 793 320 de
824 294 895 334 quo
929 282 964 319 in
997 280 1188 320 Bucolicis
1218 279 1299 320 Ecl.
1326 278 1356 319 Ι.
1383 283 1421 320 ot
1436 279 1504 319 lx.
1537 280 1718 330 scriptum

88 353 158 388 est.
220 349 480 387 Disertissime
512 363 555 388 ea
588 351 632 389 de
673 363 713 388 re
756 350 943 389 Domitius
982 354 1225 399 argumento,
1263 361 1334 401 quo
1372 361 1473 387 suam
1519 349 1555 387 in
1601 347 1715 387 Diras

86 419 354 456 enarrationem
387 418 602 467 exorditur,
637 419 733 471 quod
765 423 1022 467 argumentum
1054 418 1189 456 deinde
1220 418 1255 456 in
1277 418 1366 456 edit.
1394 416 1510 456 Basil.
1535 415 1713 467 Bryling.

92 488 208 525 1543.
243 487 276 524 in
309 485 598 535 Lugdunensem
639 489 689 527 A.
723 486 873 537 Grypb.
910 489 1028 525 1592.
1059 489 1097 524 et
1135 486 1300 524 sortasse
1332 486 1367 523 in
1399 484 1493 524 alias
1522 488 1715 536 receptum

85 558 159 593 est.
219 554 392 594 Bottnre
422 569 614 607 cyyneas.
647 570 795 595 summa
825 554 1010 607 opusculi
1038 554 1155 592 liuius
1187 560 1249 591 est
1280 553 1394 592 talis.
1457 553 1580 612 Quum
1612 553 1713 593 bello

84 623 198 662 civili
227 625 330 662 inter
370 624 434 662 M.
470 627 679 663 Antonium
709 630 747 663 et
776 624 1001 674 Auyustum
1029 622 1164 660 habito
1197 621 1480 661 Cremonenses
1523 622 1584 661 M.
1623 622 1713 661 An-

83 696 186 730 tonio
215 693 426 744 favissent
457 695 631 732 victoria
659 697 812 746 potitus
844 695 1055 741 Auyustus
1083 702 1167 728 cum
1199 693 1238 728 in
1268 702 1336 728 eos
1368 689 1517 728 ultione
1544 693 1712 742 punien-

83 760 157 799 dos
190 763 354 800 animum
387 762 636 801 direxisset:
670 764 808 800 Arium
839 759 1099 798 centurionem
1130 759 1294 796 misisse
1323 757 1499 796 traditur
1529 758 1584 796 ad
1605 758 1713 798 divi-

84 829 233 868 dendos
266 831 369 869 inter
398 831 543 869 milites
576 832 850 869 Cremonensis
893 826 1034 879 populi
1065 838 1212 877 scyros:
1253 826 1327 865 sed
1357 839 1441 865 cum
1470 838 1546 864 non
1577 826 1713 878 suffe-

82 900 267 936 cissent:
300 906 338 937 et
376 901 592 938 vicinorum
624 898 938 937 Mantuanorum
969 908 1092 946 ayros
1125 896 1283 934 divisit.
1345 894 1431 953 Quo
1471 896 1582 933 circa
1620 893 1714 934 Vir-

80 965 226 1016 =eyiliuni
256 971 348 1017 (tyri
378 969 478 1006 inter
508 967 613 1006 alios
644 966 836 1005 militibus
869 966 956 1004 dati
987 970 1103 1003 sunt:
1137 963 1241 1017 quod
1274 976 1394 1015 aeyre
1422 963 1560 1015 ferens
1587 962 1714 1002 Maro

81 1048 157 1073 non
189 1035 314 1074 solum
341 1041 505 1088 propter
550 1036 780 1087 deperditos
823 1045 973 1086 clytos:
1015 1047 1148 1073 verum
1189 1035 1309 1073 etiarn
1344 1039 1509 1086 propter
1546 1033 1715 1071 amicam

81 1102 256 1155 Lydium
286 1107 324 1142 in
358 1105 532 1143 Mantua
565 1104 824 1143 derelictam:
868 1104 942 1142 lioc
972 1102 1203 1155 opusculum
1233 1103 1401 1155 scripsit
1441 1101 1635 1152 Vir-(silius
1675 1106 1714 1141 et

82 1173 198 1211 dirus
240 1173 498 1225 appeltacit:
543 1174 615 1213 hoc
647 1181 708 1212 est
753 1173 883 1211 mulae
924 1172 1116 1224 fortunae
1153 1172 1455 1224 imprecationes
1497 1171 1538 1209 in
1575 1169 1713 1209 hostes

80 1242 236 1293 factas.
297 1243 454 1294 Diria&¹
477 1250 606 1282 (eutem
637 1242 691 1281 ad
712 1241 927 1280 Battarum
959 1243 997 1279 ct
1023 1252 1119 1292 quae
1149 1243 1236 1279 sunt
1263 1239 1431 1292 reliqua,
1464 1250 1557 1291 quae
1589 1238 1713 1290 paullo

82 1313 170 1359 post
210 1312 408 1361 proferam.
483 1310 623 1349 Glossa
660 1311 798 1350 Vcnct.
839 1309 942 1348 lens.
981 1310 1016 1348 in
1057 1309 1241 1360 principio
1286 1308 1481 1347 carminis:
1524 1307 1574 1346 In
1615 1321 1713 1359 aqro

91 1378 310 1430 ls'iryiliuno
342 1386 429 1418 erat
459 1379 570 1419 silua
600 1381 750 1419 nomine
781 1379 992 1418 balterus:
1025 1381 1064 1417 in
1093 1378 1272 1416 honorem
1302 1377 1415 1417 Iouis
1448 1377 1616 1416 incedua
1646 1391 1714 1416 re-

82 1453 260 1486 seruata.
325 1448 452 1487 Thoro
485 1449 681 1488 Mitienus
713 1450 777 1486 cui
819 1453 929 1486 sorte
969 1446 1180 1486 obuenerat
1218 1447 1259 1485 in
1299 1446 1499 1485 diuisione
1529 1458 1715 1497 aprorum

81 1516 192 1566 ferro
224 1530 444 1567 ayqressus
476 1523 538 1556 est
568 1516 811 1556 rescindere.
880 1515 1072 1567 l‘iryitius
1101 1515 1216 1553 diras
1248 1517 1286 1553 in
1314 1514 1424 1553 illum
1451 1515 1711 1566 imprecatur:

85 1584 343 1639 Licuryumq3
376 1586 580 1638 appellat:
614 1587 795 1639 quoniam
826 1598 899 1624 rex
928 1585 998 1624 itte
1028 1590 1308 1637 arnpuluuerut
1328 1585 1431 1622 vites
1455 1585 1495 1622 in
1519 1585 1715 1623 iacturam

84 1653 245 1692 bacchi:
291 1654 409 1708 sibus:
450 1667 542 1693 crus
572 1654 686 1706 falce
715 1654 906 1693 rescidit:
949 1654 1054 1708 quod
1092 1653 1266 1692 Milieno
1311 1655 1537 1704 continqere
1566 1666 1714 1693 concu-

77 1725 218 1775 piscit.
279 1723 440 1762 Demum
473 1725 511 1761 in
543 1723 887 1775 amplificationem
917 1725 999 1761 exit
1029 1729 1211 1774 repetens
1250 1735 1403 1761 amores
1436 1734 1533 1762 suos
1565 1724 1606 1761 in
1636 1721 1715 1761 Li-

79 1791 185 1830 diam
217 1792 358 1845 quibus
387 1794 578 1845 privatus
611 1793 680 1831 sit.
743 1790 848 1830 Unde
893 1791 1032 1831 bellum
1073 1804 1110 1830 v.
1143 1793 1210 1830 85.
1255 1790 1482 1842 Pomponius
1521 1791 1714 1843 interpre-

80 1863 179 1898 tntnr
219 1860 353 1899 bellum
393 1862 622 1909 Actiacum,
663 1860 865 1912 eademque
909 1860 1096 1899 sententia
1138 1859 1305 1898 Domitii.
1367 1859 1443 1898 lam
1486 1863 1526 1899 ut
1562 1859 1715 1909 singula

80 1941 313 1979 percurram,
352 1932 495 1980 patrem
527 1930 634 1968 etiam
666 1928 822 1978 Virgilii
864 1929 1134 1967 connnemorari
1167 1928 1313 1966 duobus
1344 1927 1515 1967 Dirarum
1546 1928 1642 1967 locis
1674 1943 1713 1967 v.

86 2001 146 2036 10.
179 2001 216 2036 ct
247 2011 285 2036 v.
317 2001 382 2038 93.
416 1998 541 2048 opinio
574 2001 667 2036 erat.
734 1998 920 2036 Domitius
962 1997 1007 2034 ad
1050 2009 1088 2034 v.
1125 1999 1188 2034 10.
1229 1999 1340 2035 senis
1381 2000 1534 2035 nostri:
1574 1999 1711 2049 patris

78 2069 152 2107 mei
189 2067 367 2119 Virgilii:
402 2070 469 2122 qui
500 2067 707 2106 dicebatur
736 2066 931 2106 Rusaeus
961 2078 1045 2103 rex.
1107 2062 1235 2102 Gloss.
1260 2063 1355 2102 v.1.
1384 2064 1546 2104 ibidem:
1576 2068 1713 2119 patris

80 2135 287 2176 Blaronis.
334 2136 384 2175 ab
424 2137 520 2175 attis
561 2136 770 2175 dicebatur
806 2142 926 2187 pater
962 2136 1049 2173 eius
1091 2132 1287 2173 Rusticus
1327 2147 1411 2173 rex.
1479 2134 1540 2173 Ad
1572 2148 1611 2174 v.
1644 2139 1712 2174 93.

84 2205 222 2259 Tuque
252 2210 399 2245 resiste
426 2211 544 2257 poter
573 2204 709 2253 glossa
741 2203 788 2242 V.
823 2205 854 2243 l.
885 2201 980 2241 hacc
1013 2206 1095 2241 est:
1126 2215 1343 2241 mane—o
1374 2201 1515 2242 Maro.
1578 2204 1712 2243 Domi-

79 2275 154 2313 tius
185 2274 275 2313 ibid.
317 2281 435 2328 pater
481 2274 641 2325 Virqitii
683 2273 891 2312 dicebatur
938 2271 1133 2323 Viryilius
1178 2269 1386 2310 Rusaczcs.
1446 2271 1589 2311 Badius
1621 2271 1711 2311 ibid.

78 2344 135 2383 Et
164 2350 206 2382 tu
235 2348 377 2396 pater,
410 2357 444 2383 s.
476 2343 643 2383 Rusace
674 2342 827 2381 Maro:
859 2344 1030 2390 resiste,
1063 2353 1098 2380 s.
1120 2339 1312 2379 militibus
1345 2343 1422 2379 etc.
1481 2340 1711 2392 Pomponius

80 2412 245 2451 Sabinus
277 2412 322 2449 de
354 2415 460 2463 patre
491 2412 580 2450 nibil
613 2411 776 2461 diserte,
807 2410 874 2449 sed
906 2409 952 2448 ad
983 2422 1024 2448 v.
1061 2413 1122 2448 10.
1155 2409 1206 2447 ita
1245 2408 1434 2459 disputat:
1475 2409 1596 2450 Senis
1636 2423 1711 2450 no-

78 2482 188 2532 stri.)
214 2495 307 2532 erqo
336 2487 430 2534 post
445 2481 677 2520 Bucolicum
702 2483 894 2531 scriptum
914 2479 987 2518 lzoc
1008 2491 1109 2531 opus
1134 2484 1210 2517 est.
1242 2491 1331 2516 nam
1355 2477 1411 2516 ibi
1433 2481 1493 2517 ait
1520 2474 1576 2530 [1.
1599 2475 1708 2531 47.]‚

78 2551 296 2589 Fortunate
338 2563 472 2589 senex.
521 2561 615 2601 quae
659 2549 821 2600 permira
857 2551 966 2597 sunt,
1014 2548 1081 2585 vix
1126 2545 1358 2585 concilianda
1397 2558 1477 2585 cum
1514 2547 1580 2593 iis,
1613 2560 1709 2599 quae

77 2620 170 2658 idem
202 2618 246 2657 ad
278 2617 436 2667 Virgilii
467 2617 646 2669 Eclogam
668 2616 698 2655 I.
730 2617 926 2668 disputat,
959 2616 1019 2655 ubi
1045 2616 1243 2669 Tityrum,
1276 2616 1521 2667 fortunatum
1551 2630 1704 2664 senem,

78 2688 196 2738 ipsum
229 2688 360 2726 statuit
392 2685 588 2735 Virgilium
620 2699 720 2724 esse.
783 2686 886 2735 Ergo
918 2689 981 2724 aut
1018 2684 1091 2723 alia
1121 2684 1325 2734 Pomponio
1358 2684 1470 2723 Diras
1502 2684 1705 2735 explicanti

78 2756 356 2794 obversabatur
386 2755 644 2804 interpretatio
676 2753 845 2802 Eclogae
877 2753 1113 2802 Virgilianae
1152 2753 1310 2803 primae,
1354 2765 1398 2791 ca
1438 2752 1603 2800 scilicet,
1636 2765 1707 2804 qua

78 2825 242 2863 nonnulli
274 2824 357 2863 olim
402 2825 646 2875 fortunatum
677 2836 803 2862 senem
835 2828 974 2873 patrem
1006 2821 1271 2870 intelligebant
1315 2820 1495 2869 Virgilii:
1535 2821 1629 2872 quod
1671 2822 1705 2859 si

78 2897 157 2942 cst,
189 2895 393 2933 conveniet
424 2892 627 2942 Pomponio
660 2903 738 2929 cum
779 2891 934 2930 Domitii
977 2895 1014 2930 ct
1057 2889 1186 2929 Closs.
1234 2889 1282 2928 V.
1325 2888 1355 2927 l.
1397 2889 1705 2938 interpretatione

78 2962 184 3000 modo
215 2962 350 3013 allata:
383 2965 445 3000 aut
476 2961 511 2998 in
535 2960 639 2998 Diris
669 2962 797 2998 nostri
827 2961 938 2999 senis
970 2960 1118 3009 putavit
1149 2958 1242 2997 idem
1275 2957 1404 2996 valere
1435 2957 1528 3008 quod
1562 2965 1703 2996 nostra

79 3030 161 3069 sivo
192 3044 276 3070 mea
308 3033 431 3071 senis.
492 3029 590 3068 Idem
622 3029 853 3068 statuendum
879 3027 950 3066 erit
976 3027 1021 3066 dc
1047 3027 1190 3076 Badio,
1222 3026 1281 3077 qui
1303 3025 1470 3063 Dirarum
1503 3039 1613 3065 versu
1638 3030 1701 3065 lo.

1340 3086 1430 3128 16⁴³
