2006 3365
492 141 546 181 IN
583 142 807 183 VALERll
840 141 1079 183 CATONIS
1111 140 1381 183 ECLOGAM.
1646 146 1745 189 215

109 258 180 296 etsi
213 256 458 295 certissimum
491 260 574 304 est,
607 258 678 297 hoc
710 257 804 297 male
834 257 976 296 habere
1008 256 1210 303 Catonem,
1244 258 1339 311 quod
1373 270 1444 296 non
1476 256 1606 304 liceat,
1639 269 1746 308 quum

108 325 278 375 libuerit,
318 327 507 365 sententia
546 331 688 375 tamen,
732 340 836 379 quam
879 327 988 376 dicit,
1029 327 1103 365 alia
1133 331 1216 376 est,
1259 339 1303 366 ac
1342 339 1454 365 nova.
1524 325 1746 365 Libidinem

107 393 224 444 ipsam
257 408 387 433 seram
413 395 523 441 dicit,
569 395 605 432 h.
639 408 672 434 e.
706 408 777 434 non
809 395 966 446 amplius
997 408 1089 434 suae
1120 397 1234 435 aetati
1266 398 1402 447 aptam.
1441 395 1579 435 Serum
1610 397 1670 433 est
1700 406 1745 432 e-

107 464 200 513 nim,
232 463 327 514 quod
361 464 410 502 ita
444 465 567 514 venit,
600 468 639 504 ut
670 477 741 503 non
773 464 930 515 amplius
962 465 1012 503 sit
1043 465 1138 502 usui.
1200 464 1248 503 Et
1278 465 1333 502 sic
1364 464 1488 503 libido
1520 476 1565 503 ea
1595 465 1743 512 aetate,

105 545 176 584 qua
208 543 278 570 non
311 533 405 571 satis
437 532 476 571 fit
508 532 663 572 libidini.

191 614 266 654 qno
304 614 435 640 saeva
474 602 597 641 libido
637 607 701 641 est
743 601 886 651 Silligii
925 601 1166 650 coniectura,
1205 613 1311 652 quam
1348 612 1465 650 nunc,
1506 603 1618 652 puto,
1659 601 1743 651 ipse

104 669 249 708 reiecit.
310 683 402 709 sero
433 670 556 709 Paris.
590 670 656 709 111.
691 670 808 709 Basil.

188 807 237 846 V.
273 810 336 846 79.
370 812 437 847 SO.
472 806 586 855 (182.
620 810 679 858 3.)
712 816 912 849 ΤΑΝΤΑΜ
936 815 1078 849 VITAE
1105 815 1155 848 ΙΝ
1180 815 1247 848 ΜΕ
1273 815 1443 849 CORDIS
1469 815 1645 849 FECERE
1669 808 1742 845 θῐθ·

192 877 325 915 Tanta
355 891 463 916 meae
495 879 603 915 nime
633 874 789 929 cordis]
825 876 961 926 Lego:

448 946 580 984 Tanta
611 958 720 984 meae
752 947 862 984 nisae
893 960 977 985 enm
1008 947 1105 985 Diis
1135 946 1271 998 fecere
1302 946 1499 998 rapinam.

101 1013 170 1052 Sic
200 1013 334 1053 Graeci
366 1026 514 1065 semper
546 1010 624 1049 σύν
656 1015 792 1057 &5055-
854 1015 994 1054 Ennius
1019 1037 1072 1042 ——-
1099 1012 1311 1054 uolentibu’
1342 1028 1427 1053 cum
1456 1015 1612 1065 maqnis
1646 1013 1741 1052 Dis.

101 1083 176 1121 Sed
219 1082 281 1121 liic
321 1084 355 1121 in
397 1082 525 1121 malam
568 1086 733 1134 partem,
779 1086 820 1122 vt
859 1084 993 1124 Graeci
1034 1096 1105 1123 non
1145 1096 1241 1122 raro.
1308 1084 1462 1132 Tanta,
1501 1082 1742 1121 Graecismus

100 1155 182 1200 est,
214 1147 368 1196 τόσσα,
403 1151 499 1190 haec
531 1153 663 1190 onmia.
727 1152 796 1191 Est
828 1150 1105 1203 ἐπιφώνημα.
1167 1153 1341 1201 Coralis,
1374 1164 1442 1204 pro
1474 1165 1559 1191 eum
1590 1151 1670 1190 dis.
1703 1152 1743 1189 ut

98 1221 194 1272 apud
228 1221 435 1259 Varronem
469 1217 529 1273 [in
561 1221 673 1260 Varr.
712 1222 758 1259 de
791 1221 838 1261 R.
872 1222 918 1261 R.
951 1236 988 1273 p.
1022 1225 1118 1261 213.
1158 1222 1257 1261 HSt.
1319 1220 1380 1261 Cf.
1413 1220 1662 1272 Scaligerana
1700 1233 1738 1271 p.

104 1288 213 1342 103.]
255 1291 407 1339 Cordo,
457 1303 525 1341 pro
567 1291 692 1331 condo
732 1295 805 1330 etc.
874 1291 1031 1344 Neque,
1087 1294 1128 1330 ut
1167 1294 1282 1342 puto,
1330 1290 1405 1329 alia
1445 1289 1574 1328 melior
1613 1289 1738 1328 lectio.

97 1360 231 1398 Putaui
275 1363 394 1398 tamen
433 1359 654 1412 aliquando,
702 1373 820 1411 posse
861 1360 968 1410 legi:
1056 1362 1189 1400 Tanta
1228 1374 1338 1400 meae
1387 1361 1496 1399 uitae
1536 1359 1738 1398 excordis.

98 1428 234 1467 Graeci
266 1429 301 1467 in
335 1441 414 1466 eum
446 1441 596 1467 sensum
630 1426 820 1478 ἀκήριος.
853 1432 892 1469 ut
924 1422 1088 1478 ὄνειρος
1120 1427 1297 1479 ἀκήριος
1328 1427 1536 1480 Apollonio
1568 1427 1738 1466 Rhodio:

99 1496 171 1536 hoc
203 1500 262 1537 est
295 1492 515 1546 ‹itusrqro'gn
577 1495 787 1547 Cognatum
820 1498 872 1537 illi
906 1512 956 1538 ex
987 1498 1209 1538 Prometheo
1242 1499 1366 1538 Attii:

325 1568 395 1606 Sic
425 1580 482 1606 me
514 1568 605 1620 ipse
634 1567 782 1607 uiduus
814 1573 950 1607 noctes
981 1570 1136 1620 excipio
1168 1570 1334 1607 anxias.

100 1634 167 1674 Me
204 1634 362 1680 viduus,
407 1631 487 1683 ἐγώ
534 1632 781 1685 κέιάνδρος,
825 1640 914 1687 puto
955 1638 1075 1675 luisse
1112 1637 1148 1675 in
1188 1636 1368 1676 Graeco:
1409 1635 1506 1688 quod
1546 1634 1671 1674 inueni
1704 1635 1740 1673 in

99 1704 374 1743 commentariis
400 1702 742 1743 Grammaticorum.
804 1706 851 1744 Et
882 1707 915 1744 in
940 1705 1160 1755 Tragoedia
1192 1705 1287 1757 quod
1320 1705 1499 1756 scripturn
1531 1705 1626 1743 suit:
1672 1704 1741 1743 Ita

99 1787 156 1812 me
186 1773 369 1813 destituit
399 1773 566 1822 nudum,
609 1777 669 1813 est
701 1775 865 1813 eiusdem
897 1775 1133 1824 sententiae,
1172 1773 1345 1813 alludens
1375 1773 1542 1812 nimirum
1573 1773 1619 1812 ad
1651 1772 1741 1812 illud

100 1841 365 1880 Homericum:
416 1835 531 1892 ὄφρα
569 1855 624 1890 με
663 1843 947 1892 γυμνωθέντα
989 1839 1137 1888 κακὸν,
1185 1842 1259 1879 καί
1289 1840 1475 1893 ἀνήνορα
1506 1842 1644 1891 θείης.
1704 1845 1743 1882 et

101 1910 292 1949 Hesiodus
323 1933 376 1938 —
411 1905 468 1947 ὅτ’
500 1908 611 1961 ἀνέρ’
645 1908 831 1963 ἀνήνορα
864 1914 991 1950 ποιεῖ.
1052 1912 1145 1951 Nam
1178 1912 1253 1952 Me
1283 1913 1457 1961 uiduus,
1490 1908 1738 1959 κένανδρος,

104 1977 294 2028 α’νήνωρ,
329 1980 437 2019 idem.
500 1981 580 2021 Sed
612 1982 647 2020 in
674 1982 846 2031 Tragico
878 1981 940 2019 illo
974 1977 1227 2031 κακήφατον
1259 1981 1444 2020 commisit
1469 1980 1556 2030 ille,
1588 1981 1650 2032 qui
1680 1981 1741 2018 di-

102 2049 157 2088 cit
187 2061 230 2088 se-
261 2049 474 2088 destitutum
507 2050 639 2089 nudum
670 2062 692 2088 a
724 2050 919 2100 Virgine:
960 2053 1088 2101 utpote
1120 2050 1216 2102 quod
1250 2051 1284 2088 in
1329 2050 1558 2089 obscoenum
1589 2061 1741 2087 sensum

105 2118 320 2170 detorqueri
364 2119 499 2169 possit.
570 2119 700 2171 Itaque
740 2120 796 2158 sic
827 2118 1051 2158 illustramus
1083 2118 1201 2158 locum
1233 2131 1283 2158 ex
1313 2119 1554 2169 Tragoedia,
1586 2118 1623 2156 in
1654 2130 1744 2156 eru-

104 2188 181 2226 dita
198 2186 395 2227 Ciceronis
427 2186 589 2238 epistola
619 2187 664 2226 ad
696 2188 864 2227 Paetum.
927 2187 1004 2227 Sed
1038 2190 1077 2227 ut
1107 2188 1152 2227 ad
1185 2201 1259 2227 rem
1292 2188 1509 2237 redeamus,
1548 2199 1622 2226 non
1654 2198 1743 2225 cen-

105 2269 173 2295 seo
205 2257 410 2295 mutandam
443 2255 638 2296 lectionem
670 2257 704 2295 in
736 2257 946 2306 exc-ordis,
979 2257 1071 2306 sed,
1104 2260 1142 2296 ut
1173 2258 1275 2308 dixi,
1308 2258 1342 2296 in
1384 2271 1469 2297 cum
1501 2257 1583 2296 dis.
1616 2255 1746 2308 Atque

105 2325 201 2365 haec
231 2326 266 2364 in
291 2325 403 2364 Diras
435 2326 542 2364 satis.
577 2338 669 2378 quas
701 2326 762 2378 qui
794 2338 844 2365 ex
876 2327 1110 2365 correctione
1142 2331 1271 2365 nostra
1307 2326 1469 2377 legerit,
1503 2327 1642 2365 tantum
1672 2324 1744 2363 ah-

106 2398 188 2443 est,
230 2398 270 2434 ut
308 2407 358 2433 ex
399 2393 471 2433 illis
513 2394 651 2447 aliquid
692 2395 781 2434 honi
822 2396 1014 2447 expiscari
1046 2396 1190 2447 possit,
1230 2399 1269 2435 ut
1299 2395 1500 2434 secundum
1533 2393 1634 2433 illurn
1664 2393 1745 2432 Te-

108 2464 338 2512 rentianum,
371 2463 548 2502 incertior
569 2463 682 2503 multo
713 2464 902 2514 discedat,
934 2477 1039 2516 quam
1070 2464 1190 2515 prius.
1250 2463 1352 2503 Nihil
1381 2465 1475 2503 enim
1503 2463 1603 2502 aliud
1630 2474 1746 2514 prae-

108 2537 209 2573 stare
250 2533 367 2583 potui.
440 2530 547 2584 Quod
589 2534 708 2572 tamen
751 2546 893 2586 aequos
933 2533 1098 2573 lectores
1140 2533 1316 2586 quidquid
1357 2532 1498 2572 laboris
1535 2535 1617 2581 est,
1658 2531 1746 2571 boni

110 2602 328 2649 consulant,
367 2602 474 2639 eiiam
514 2604 626 2654 atque
665 2603 775 2642 etiam
806 2615 887 2642 oro.
947 2612 1193 2647 SCALIGER.

196 2671 307 2711 Aliud
341 2673 528 2710 tentasset
559 2669 653 2710 haud
686 2672 799 2711 dubie
831 2673 890 2711 vir
921 2685 1101 2722 magnus,
1146 2673 1179 2710 si
1217 2671 1336 2710 libros
1367 2670 1578 2711 habuisset.
1639 2669 1750 2708 Nunc

111 2739 201 2779 nihil
233 2743 320 2779 ante
351 2738 660 2789 oculos-habuit,
692 2741 762 2779 nisi
795 2742 1016 2792 scripturam
1043 2740 1234 2792 vulgatam
1267 2740 1470 2791 editorum,
1502 2739 1588 2779 inde
1618 2751 1639 2777 a
1664 2738 1748 2777 Ro-

111 2811 249 2857 manis,
282 2810 462 2849 omnium:

458 2879 590 2917 Tanta
621 2891 728 2918 meae
758 2882 868 2919 vitae
899 2880 1036 2920 cordis
1066 2880 1100 2932 f.
1133 2893 1165 2918 r.

114 2948 278 2999 Recepit
318 2947 609 2988 emendationem
642 2946 835 2998 Scaligeri
870 2948 1076 2988 Arnoldus.
1136 2949 1186 2988 Et
1227 2946 1353 2987 laudat
1384 2959 1533 2987 versum
1563 2945 1621 2985 sic
1651 2946 1750 2985 scri-

115 3020 238 3070 pturn,
276 3018 408 3059 Tanta
438 3030 548 3058 meae
586 3018 718 3067 vitae,
759 3030 843 3058 cum
881 3018 984 3070 diis,
1020 3020 1054 3071 s.
1092 3020 1297 3071 rapinam,
1329 3015 1526 3058 Acidalius
1558 3015 1594 3054 in
1627 3014 1750 3055 Plaut.
