2006 3365
507 181 561 220 IN
593 181 809 221 VALERH
843 180 1079 221 CATONIS
1110 179 1290 220 DlRAS.
1620 183 1718 226 123

82 300 186 338 terea
217 297 251 334 in
284 296 374 334 Bas.
407 296 505 335 inter
534 298 668 336 valete
700 299 737 336 et
768 297 983 348 particulam
1015 304 1052 336 ee
1082 298 1305 348 aliquantum
1332 296 1444 346 spatii
1470 295 1552 342 est,
1584 294 1619 332 in
1645 307 1717 345 quo

81 364 222 417 aliquid
257 364 407 403 videtur
437 376 582 403 erasum
621 378 723 404 csse.
784 365 963 403 Fortasse
1001 365 1251 404 aberraverat
1288 363 1486 414 librarius,
1528 366 1565 401 et
1595 363 1717 401 statim

80 432 222 472 delevit
253 444 429 471 errorem.

221 570 271 609 V.
306 573 371 608 90.
434 578 491 611 ΕΤ
517 579 653 612 cns'rl
681 579 882 619 FoNTES,
909 578 967 610 Εἰ·
991 577 1133 610 Fssmx
1160 577 1328 610 ΝΟΜΕΝ
1354 577 1546 610 AGELm.

165 638 221 678 Ec
249 639 355 690 felix
384 651 517 677 nomen
548 635 689 690 offelli]
733 637 964 676 Graecanico
996 637 1245 680 enunciatum,
1288 647 1420 674 nomen
1457 637 1603 687 (melli,
1645 635 1718 675 boc

79 709 161 756 est,
193 707 365 759 ayellus.
426 706 660 756 Aoscliynes
693 702 744 741 σύ
780 702 825 740 δὲ
857 701 901 739 τὸ
933 701 1011 750 μὲν
1042 703 1242 752 θηβαίων
1274 695 1427 748 ὄνομα,
1467 702 1540 740 καί
1566 701 1612 740 τὸ
1644 704 1717 753 τῆς

80 772 431 824 δυστυχεστάτης
471 771 720 821 συμμαχίας
759 772 951 820 ἐνοχλεῖς
984 769 1051 808 dei
1081 771 1214 820 λέγων
1245 777 1318 811 etc.
1380 772 1648 811 Albinovanus
1679 774 1715 810 ln

78 844 261 895 Epicedio
292 843 429 883 Drusi:

282 913 561 967 Fluminaque,
594 919 631 952 et
661 913 820 964 fontes,
852 918 890 950 et
922 912 1076 949 nomime
1107 923 1252 961 maqna
1284 909 1468 948 locorum.

78 982 268 1022 Caecilius
300 980 499 1021 Comicus:

277 1051 427 1090 Nomen
459 1052 654 1102 viminis,
689 1052 768 1089 nisi
797 1051 931 1089 mirum
962 1055 1051 1097 est,
1084 1049 1364 1099 deinteyravit.
1425 1056 1556 1090 SCAL,

78 1118 281 1168 Scaligero
313 1119 491 1158 adhaeret
524 1118 720 1157 Acidalius
751 1118 796 1156 ad
821 1117 918 1156 Vell.
950 1118 1031 1156 Pat.
1054 1117 1104 1156 ll.
1125 1131 1240 1154 Lx1x.
1266 1130 1302 1167 p.
1329 1117 1448 1154 1007.
1479 1115 1538 1154 ed.
1564 1114 1715 1155 Rulink.

77 1187 324 1227 Adhaerebat
354 1189 462 1226 etiam
495 1188 726 1225 Burmannus
763 1186 808 1225 ad
850 1186 1007 1225 Antbol.
1039 1186 1121 1225 Lat.
1154 1185 1202 1225 Τ.
1234 1185 1265 1224 Ι.
1300 1199 1335 1236 p.
1370 1187 1464 1224 605.
1498 1187 1535 1223 6.
1575 1188 1614 1223 at
1644 1197 1714 1223 no-

77 1258 192 1295 strum
222 1257 267 1294 ad
299 1255 419 1294 locum
456 1255 692 1306 amplectitur
722 1256 868 1294 Heinsii
909 1255 1222 1304 explicationem,
1261 1267 1367 1307 quam
1405 1253 1468 1292 ille
1498 1254 1542 1292 ad
1577 1267 1615 1291 v.
1647 1257 1713 1292 82.

76 1326 296 1375 proposuit,
329 1325 389 1363 ubi
421 1326 539 1363 verba
572 1324 721 1362 Heinsii
754 1336 822 1362 nos
855 1335 1000 1375 quoquc
1033 1323 1283 1362 exhibuimus.
1345 1323 1392 1362 Et
1427 1335 1520 1361 sane
1550 1321 1623 1361 hoc
1652 1326 1714 1361 tu-

78 1394 256 1433 tissimum
298 1396 385 1441 est,
431 1393 667 1444 amplexique
706 1396 792 1431 sunt
832 1392 979 1431 Heinsii
1024 1392 1314 1442 explicationem
1358 1391 1640 1430 Wernsdorfius
1679 1394 1717 1430 et

79 1461 353 1500 Wakefieldius
374 1462 417 1500 ad
440 1462 590 1500 Lucret.
617 1461 646 1499 Ι.
666 1464 759 1500 231.
778 1473 869 1511 pag.
890 1464 954 1499 53.
989 1458 1047 1500 Cf.
1070 1461 1117 1499 de
1138 1460 1209 1499 bac
1227 1461 1467 1511 appositione
1487 1460 1572 1497 sive
1592 1472 1716 1510 epex-

79 1531 189 1579 egesi
222 1530 429 1569 Burmanno
460 1530 668 1569 observata
706 1529 751 1567 ad
784 1529 820 1567 h.
852 1529 876 1568 l.
938 1530 1071 1568 Heius.
1104 1532 1142 1568 et
1173 1527 1277 1569 cort.
1311 1529 1354 1567 ad
1388 1528 1525 1567 Lucan.
1557 1527 1586 1566 1.
1621 1531 1716 1568 313.

78 1598 178 1637 Idem
218 1601 304 1637 anto
335 1598 525 1637 Heinsium
565 1602 738 1637 senserat
776 1598 823 1637 G.
856 1597 1042 1638 Canterus
1073 1597 1219 1637 Novar.
1251 1598 1356 1637 Lect.
1389 1597 1438 1636 Il.
1473 1612 1513 1635 x.
1552 1610 1589 1647 p.
1623 1599 1718 1635 551.

78 1667 126 1706 T.
158 1666 227 1706 Ill.
259 1667 379 1705 Thes.
412 1666 518 1705 Grut.
550 1668 612 1706 ubi
644 1667 736 1715 hoc,
767 1667 872 1719 felia·
900 1681 1035 1706 nomen
1065 1667 1212 1717 aqelli,
1247 1669 1436 1717 comparat
1467 1678 1547 1705 cum
1577 1665 1718 1714 Virgi-

80 1736 176 1774 liano
207 1735 364 1775 Silvius
398 1736 593 1775 Albanum
625 1750 781 1784 nomen,
824 1739 861 1774 et
899 1749 977 1775 cum
1009 1735 1162 1775 Tibullo
1195 1735 1264 1774 Ill.
1299 1751 1351 1782 ιν,
1387 1739 1452 1775 61.
1493 1749 1565 1774 nec
1601 1735 1720 1787 fidum

77 1805 227 1857 femina
267 1818 420 1852 nomen,
464 1805 623 1857 aliisque
662 1804 769 1844 locis.
831 1805 880 1844 Ut
920 1805 1084 1844 nonnihil
1127 1818 1205 1854 ego
1247 1817 1393 1857 quoque
1432 1806 1643 1853 conferam,
1684 1804 1718 1841 in

81 1872 158 1913 Ciri
189 1887 228 1911 v.
261 1877 354 1911 224.
389 1874 484 1926 quod
518 1875 552 1912 in
585 1874 669 1912 cod.
704 1874 819 1912 ssasil.
854 1873 1000 1912 Veneta
1032 1874 1132 1914 Rub.
1166 1873 1366 1913 Viccntina
1398 1876 1436 1912 et
1455 1873 1647 1912 Vossiano
1668 1871 1718 1910 ΙΙ.

80 1945 162 1990 est,
194 1956 352 1982 sacrum
382 1950 505 1996 caput
534 1965 584 1969 -—
618 1943 799 1990 (demina,
833 1945 1006 1993 praefero
1040 1943 1135 1981 haud
1168 1945 1386 1981 cunctanter
1411 1942 1621 1992 scripturae
1643 1940 1718 1979 Al-

81 2010 190 2048 dinae
230 2011 425 2051 alumnae.
496 2012 580 2050 Huc
619 2013 727 2051 etiam
768 2014 890 2050 resero
923 2010 1064 2050 Culicis
1105 2011 1223 2050 locum
1263 2024 1300 2049 v.
1335 2015 1430 2050 399.
1494 2011 1546 2049 Et
1589 2010 1722 2048 violae

82 2092 187 2118 omne
216 2093 362 2131 yenus:
394 2082 459 2119 hic
489 2087 553 2119 est
582 2086 619 2119 et
650 2080 845 2133 δραι-[ἑστι
875 2087 1049 2130 murras:
1084 2092 1163 2117 nam
1195 2080 1250 2117 sic
1277 2079 1328 2117 ibi
1355 2079 1590 2117 scribendum
1624 2077 1717 2116 haud

82 2148 192 2186 dubie
225 2160 245 2186 e
276 2150 427 2199 scriptis
459 2150 549 2187 meis
582 2153 652 2187 tam
684 2150 847 2201 antiquis
870 2163 974 2200 (pn-im
1004 2150 1298 2193 recentioribus,
1333 2152 1370 2187 et
1400 2148 1605 2199 antiquitus
1637 2147 1717 2185 edi-

82 2216 146 2254 tis.
179 2229 272 2265 non,
305 2220 343 2255 ut
374 2219 528 2256 traiecta
562 2222 647 2256 sunt
681 2219 796 2256 verba
829 2219 925 2268 apud
960 2219 1168 2267 lleynium,
1206 2217 1261 2256 Et
1295 2217 1427 2256 violae
1456 2230 1581 2267 {senus
1613 2229 1721 2255 omne

79 2287 143 2325 hic
173 2291 260 2333 est,
292 2293 328 2324 et
350 2288 419 2338 Sp.
444 2301 490 2326 m.
524 2287 583 2325 De
615 2288 781 2338 epitheto
813 2292 950 2327 tantum
981 2289 1099 2339 myrti
1130 2287 1341 2338 quaeritur,
1375 2292 1491 2324 utrum
1523 2284 1719 2324 tenendum

80 2355 132 2392 sit
161 2354 376 2407 Spartica,
416 2356 513 2408 quod
551 2356 659 2405 mihi,
698 2358 730 2394 si
772 2357 919 2394 formam
951 2359 1127 2405 spectes,
1166 2354 1262 2393 baud
1296 2355 1485 2405 indignum
1516 2356 1629 2404 poeta
1660 2354 1719 2391 iu-

83 2435 200 2471 vene,
233 2426 271 2461 et
301 2427 472 2474 quantum
503 2426 547 2464 ad
571 2438 645 2464 rem
672 2427 825 2470 attinet,
859 2425 1022 2473 egregie
1047 2425 1298 2462 communitum
1324 2423 1405 2462 loco
1427 2422 1564 2463 Catulli
1590 2421 1718 2472 Epith.

82 2492 126 2530 Ρ.
158 2496 195 2531 ct
226 2491 300 2531 Th.
334 2496 400 2531 89.
432 2494 604 2543 videtur3
637 2507 681 2533 an
714 2495 764 2532 sit
794 2493 929 2545 aliquid
963 2493 1189 2532 tentandum.
1237 2493 1276 2532 ln
1306 2493 1536 2542 Augustano
1565 2493 1630 2532 hic
1656 2497 1719 2530 est

80 2563 325 2614 elis-partica
356 2560 514 2610 legitur,
546 2566 584 2602 et
613 2564 694 2611 sic,
726 2570 765 2602 et
795 2565 1019 2615 ispartiea‚
1052 2565 1115 2601 aut
1146 2563 1180 2600 in
1213 2562 1423 2601 Petaviano
1455 2566 1517 2599 aut
1549 2561 1583 2598 in
1609 2559 1719 2598 Thu-

81 2642 196 2679 aneo‚
234 2632 298 2668 aut
329 2631 363 2667 in
397 2632 574 2681 utroque,
617 2633 815 2671 invenerat
848 2632 1034 2681 Vossius3
1075 2639 1113 2671 et
1149 2634 1316 2684 partica
1357 2631 1391 2669 in
1424 2631 1618 2670 Vossiano
1651 2632 1717 2668 81.

82 2696 244 2738 Constat
274 2701 394 2737 tamen
427 2711 499 2736 non
532 2700 646 2738 minus
677 2702 850 2740 usitatum
883 2701 1036 2739 alterum
1069 2701 1245 2752 loquendi
1272 2712 1396 2748 genus
1426 2712 1535 2744 esse,
1568 2700 1614 2737 ‹le
1645 2710 1717 2749 quo

81 2767 125 2805 ad
159 2770 322 2805 nostrum
354 2766 513 2805 Catonis
544 2766 660 2806 locum
691 2769 889 2819 Scaliger,
918 2773 956 2808 et
988 2770 1160 2807 usitatum
1193 2769 1337 2820 quidem
1370 2780 1442 2807 non
1474 2768 1591 2806 solum
1624 2779 1716 2816 poe-

81 2836 150 2883 tis,
192 2835 259 2873 sed
291 2836 401 2874 etiam
433 2835 517 2873 aliis
548 2837 819 2886 scriptoribus,
860 2843 899 2877 ut
938 2839 973 2876 in
1014 2839 1194 2877 Oratione
1232 2849 1301 2888 pro
1341 2838 1448 2876 domo
1479 2836 1616 2883 XVII,
1650 2837 1715 2872 43.

79 2906 392 2957 proscriptionis
424 2906 679 2943 miserrimum
709 2919 840 2946 nomen
871 2907 996 2956 illndg
1028 2919 1150 2959 neque
1174 2910 1235 2945 est
1260 2906 1295 2944 in
1317 2906 1475 2946 Catonis
1500 2905 1582 2943 loco
1608 2905 1715 2955 quic-

83 2985 211 3023 quam,
252 2973 347 3024 quod
387 2972 630 3023 explicationi
661 2973 789 3013 obstet
819 2974 1035 3025 Scaligeri,
1076 2978 1226 3026 praeter
1264 2974 1351 3012 illud
1385 2974 1540 3011 Heinsio
1579 2972 1714 3011 obser-

85 3045 229 3091 vatum,
268 3042 364 3094 quod
407 3040 503 3083 Cato
541 3042 720 3093 aqetlos,
763 3054 833 3081 non
871 3045 1066 3095 aqellnm,
1117 3055 1256 3082 vocare
1295 3042 1418 3080 villam
1458 3054 1559 3080 suam
1591 3041 1713 3081 solet:
