2006 3365
276 145 380 190 396
868 141 1240 182 DISSERTATlo
1272 141 1342 182 lv.

276 257 414 310 dieque
443 257 575 295 mortis
607 255 804 306 Pomponii
834 255 946 294 Laeti
977 254 1146 294 Michael
1179 254 1324 294 Fernus
1356 255 1521 296 tradidit.
1582 255 1753 294 Deinde:
1788 255 1941 295 Eodem

276 338 381 364 {tnnc
411 323 651 363 Alexander
679 337 795 376 papa
827 329 968 362 vntus-
1013 324 1211 375 hispanos
1240 337 1344 377 pene
1373 329 1574 363 trecentos
1599 337 1608 362 :
1641 337 1773 363 mares
1805 329 1844 363 et
1872 324 1941 374 fe-

275 395 437 431 minas:
472 395 541 445 qui
572 398 724 431 sectam
746 392 1038 430 Marranorum
1062 391 1382 443 profitebantur,
1415 405 1519 444 (setae
1547 394 1638 444 fere
1668 405 1753 431 cum
1784 391 1940 431 hebreis

276 461 498 507 consentit,
539 460 596 499 ad
636 459 752 511 fidem
783 457 861 509 xps
903 462 1068 510 recepit.
1099 461 1232 511 salies
1265 473 1397 498 eorum
1429 468 1535 499 certe
1566 461 1673 500 tales
1705 467 1855 499 erant:
1897 464 1941 498 vt

276 541 352 566 non
382 541 613 581 quemquam
632 527 811 567 Saturno
844 534 976 566 salum
1008 541 1101 566 esse
1131 540 1321 578 neyares.
1353 527 1492 566 liubila
1524 541 1636 567 cereo
1668 527 1791 566 rubea
1823 540 1943 566 cruce

277 601 315 634 et
346 597 386 633 in
413 602 524 646 terqo
566 601 605 634 et
644 597 684 633 in
720 601 885 647 pectore
927 596 1144 643 (listinae,
1190 596 1376 647 crucifixi
1427 598 1584 646 sifflmm
1625 596 1709 635 alte
1742 595 1943 648 prelatum

277 669 493 716 sequentes
527 677 554 702 a
586 663 680 702 diuo
710 670 825 716 petro
859 664 914 702 ad
950 664 1131 702 Mariam
1164 664 1356 702 Minerua
1401 671 1494 703 sunt
1523 664 1642 715 pleno
1674 664 1814 703 ordine
1841 676 1942 715 pro-

273 732 399 783 fecti,
432 731 501 770 vbi
530 739 680 770 vestem
712 737 1047 770 commemoratam
1080 732 1351 784 deposuerunt
1377 732 1476 770 Iulii
1506 732 1584 771 (lie.
1612 739 1678 771 29.
1740 731 1941 770 Domitium

277 798 484 838 Glossator
514 800 643 845 novit,
676 802 715 838 et
746 798 973 851 aliquoties,
1008 803 1047 837 ut
1079 799 1204 837 Dirar.
1238 813 1277 837 v.
1318 803 1350 837 1.
1382 800 1426 838 ad
1459 813 1666 852 cyyneas,
1699 813 1739 838 v.
1779 803 1841 838 lo.
1874 800 1941 837 70.

279 871 345 906 86.
378 871 446 907 89.
480 870 568 906 ante
600 867 733 906 oculos
765 866 916 915 hahuit,
959 870 997 906 ct
1029 868 1172 906 diserte
1205 868 1368 905 nominat
1398 867 1601 906 Domitium
1633 867 1678 905 ad
1713 881 1751 905 v.
1786 872 1824 907 9.
1888 867 1943 906 At

277 935 363 986 quid
411 935 484 974 boc
523 940 606 984 est,
648 936 745 987 quod
790 935 932 974 Alcinii
974 935 1152 973 versibus
1194 935 1445 986 paraphrasin
1492 935 1698 974 Glossator
1736 936 1943 986 adscripsit

277 1002 351 1041 hoc
383 1003 520 1042 titulo:
563 1005 722 1043 Summa
753 1005 922 1043 Domitii
951 1000 1080 1055 Afri?
1119 1004 1347 1042 Eumdemne
1382 1003 1580 1042 Domitium
1613 999 1821 1053 intelligit?
1862 1003 1942 1043 Sed

277 1083 344 1109 cur
377 1067 497 1109 Afri?
540 1072 784 1121 Pomponium
818 1084 892 1110 non
934 1072 1087 1110 videtur
1125 1072 1283 1109 novisse
1322 1070 1550 1110 Glossator:
1597 1074 1700 1111 certe
1741 1071 1787 1109 ad
1826 1071 1942 1109 Diras

277 1138 413 1176 nullam
444 1138 617 1187 glossam
650 1141 829 1190 reperio,
863 1152 960 1192 quae
993 1139 1125 1177 similis
1156 1140 1296 1177 notatis
1320 1151 1341 1176 a
1367 1139 1572 1189 Pomponio
1595 1143 1700 1178 certo
1716 1140 1788 1178 dici
1816 1145 1942 1191 queat.

276 1205 338 1244 De
369 1206 552 1245 'l‘liorone
585 1206 770 1255 Milicno,
815 1220 922 1259 quem
956 1207 1086 1246 Gloss.
1122 1207 1173 1245 V.
1207 1206 1237 1244 l.
1270 1210 1342 1246 tam
1374 1219 1492 1257 saepe
1533 1207 1720 1257 inculcat,
1761 1208 1841 1246 dixi
1873 1220 1942 1245 su-

276 1286 358 1323 pra.
422 1272 652 1324 Caeterum,
685 1276 783 1327 quod
810 1274 992 1314 Catonem
1026 1275 1187 1323 attinet,
1224 1273 1319 1321 boc,
1353 1277 1506 1324 praeter
1538 1287 1646 1313 unum
1678 1276 1846 1314 codicem
1871 1287 1940 1312 ms.

275 1342 518 1391 Mediccum,
550 1347 588 1381 ct
620 1347 773 1393 practer
805 1344 1000 1381 conamina
1033 1343 1231 1393 Pomponii
1282 1342 1534 1394 Domitiique,
1575 1342 1787 1394 exemplum
1820 1343 1942 1382 liabeo

276 1412 445 1448 tentatae
478 1410 513 1447 in
547 1410 765 1449 dil'licillimo
799 1414 912 1462 poeta
943 1411 1294 1461 interpretationis,
1328 1409 1391 1448 illa
1423 1410 1568 1462 quidem
1600 1413 1748 1458 aetate,
1782 1412 1940 1449 unicum.

276 1478 483 1516 Praeterea
515 1478 579 1516 ille
610 1491 684 1517 non
727 1480 878 1529 ineptus
911 1479 1044 1527 homo,
1085 1491 1193 1530 quum
1225 1490 1299 1517 non
1333 1482 1438 1517 recte
1470 1479 1679 1529 procedere
1710 1479 1849 1531 ubique
1879 1479 1942 1517 in-

276 1547 588 1596 terpretationem
621 1548 810 1591 sentiret,
856 1550 894 1585 et
934 1548 968 1585 in
1011 1548 1228 1585 universum
1269 1549 1372 1585 recte
1414 1547 1706 1597 pronunciavit:
1752 1548 1940 1587 ballarus

277 1626 353 1651 non
385 1621 448 1652 esc
477 1615 597 1666 plene
627 1616 861 1664 emendata,
895 1615 994 1667 quod
1027 1627 1121 1652 sane
1153 1615 1390 1652 verissimum
1422 1614 1469 1652 de
1500 1613 1570 1652 hac
1604 1615 1769 1653 editione
1791 1615 1942 1654 Veneta

278 1680 456 1730 lensoni,
489 1695 596 1733 quam
627 1683 799 1720 manibus
832 1684 988 1722 tenebat
1021 1682 1249 1730 Glossator‚
1293 1685 1331 1720 et
1363 1683 1446 1731 ipse
1478 1686 1594 1720 artem
1627 1683 1794 1721 criticam
1826 1683 1941 1722 sacti-

278 1749 398 1798 tavit,
431 1749 613 1801 locosque
645 1762 718 1789 non
751 1762 921 1801 paucos,
956 1753 1088 1801 partim
1122 1762 1172 1788 ex
1203 1749 1289 1788 aliis
1321 1750 1429 1789 libris
1456 1751 1591 1799 editis,
1626 1752 1758 1801 partim
1791 1765 1840 1789 cx
1873 1764 1942 1790 sua

278 1816 484 1855 aliorumve
517 1819 760 1867 coniectura,
802 1821 840 1858 et
873 1832 980 1857 unum
1013 1819 1160 1870 quidem
1193 1818 1424 1870 alterumque
1455 1818 1646 1868 perbene,
1679 1820 1849 1858 correxit
1878 1822 1942 1859 at-

278 1897 349 1936 que
382 1885 563 1924 retinxit:
597 1886 816 1938 plerumque
847 1887 924 1936 ita,
957 1890 996 1925 ut
1027 1887 1163 1925 editam
1195 1886 1243 1924 ab
1278 1886 1441 1924 lensono
1474 1887 1701 1936 scripturam
1732 1886 1941 1939 deleverit,

278 1956 316 1991 et
349 1965 416 2004 pro
450 1966 494 1991 ea
525 1954 743 2005 reposuerit
781 1967 899 1993 suam.
961 1954 1069 2008 Quae
1101 1954 1223 1993 omnia
1254 1954 1460 2004 diligenter
1492 1955 1669 1994 indicavi.

366 2159 546 2196 Proxima
578 2160 740 2208 eininet,
773 2159 906 2199 codem
938 2173 1035 2199 anno
1055 2191 1063 2207 ‚
1107 2173 1178 2212 quo
1211 2160 1324 2199 binae
1356 2161 1453 2198 istae
1487 2161 1662 2200 Venetae
1694 2160 1938 2211 prodierunt,

279 2227 408 2270 edita,
444 2226 576 2264 saltem
609 2240 658 2265 ex
692 2232 821 2277 parte,
856 2228 1160 2276 Lovuniensis,
1195 2229 1334 2267 litteris
1367 2228 1538 2276 gothicis
1570 2229 1636 2266 scd
1670 2230 1716 2266 iis
1748 2240 1821 2267 non
1853 2229 1940 2267 inli-

279 2295 400 2342 cet1s,
437 2300 473 2333 ct
507 2295 655 2333 omnino
689 2297 785 2334 satis
818 2300 994 2334 accurate
1025 2309 1070 2334 ac
1102 2296 1311 2334 liberaliter
1343 2297 1542 2346 impressa.
1605 2297 1676 2335 Est
1708 2309 1804 2347 opus
1835 2296 1939 2346 illud,

278 2363 375 2415 quod
409 2364 579 2401 nnanibus
612 2366 748 2413 teneo,
781 2363 921 2402 illatum
955 2366 989 2402 in
1024 2364 1296 2403 ssibliotln-cam
1332 2363 1605 2402 Univrrsitatis
1627 2364 1836 2404 Rlienanae
1859 2377 1940 2404 cum

278 2431 388 2469 libris
422 2430 610 2475 llarlesii,
647 2432 876 2482 bipartitum.
940 2433 1065 2471 Partis
1098 2433 1257 2482 prioris,
1291 2445 1386 2484 quac
1419 2432 1622 2483 Bucolica,
1652 2432 1869 2482 Georgica,
1903 2436 1941 2473 et

279 2498 474 2549 Opuscula
522 2499 698 2537 nonnulla
742 2501 932 2548 continet,
975 2501 1146 2539 initium:
1188 2500 1329 2539 Publii
1364 2501 1528 2552 Uirgsilii
1559 2502 1753 2541 Maronis
1787 2502 1940 2541 bucoli-

277 2580 411 2606 corum
439 2570 572 2619 prima
604 2568 749 2619 eyloqa
780 2569 931 2622 Incipit
960 2570 1141 2620 feliciter
1200 2570 1409 2608 Melibens
1433 2570 1601 2609 Tilirus.
1664 2569 1940 2619 Georgicorum

277 2635 385 2673 libris
419 2636 584 2684 singulis
615 2636 785 2686 prm-lixa
817 2640 904 2675 sunt
936 2637 1176 2686 Argumenta
1216 2638 1466 2686 tetrasticha,
1512 2639 1546 2675 in
1581 2637 1677 2676 libro
1709 2638 1826 2688 primo
1859 2649 1940 2676 cum

277 2704 423 2741 nomine
470 2703 627 2752 Ovidii,
677 2705 713 2741 in
762 2704 916 2756 reliquis
957 2705 1066 2743 libris
1110 2706 1192 2743 sine
1230 2707 1378 2744 nomine
1417 2707 1597 2745 auctoris.
1658 2706 1772 2745 Libro
1805 2709 1939 2757 quarto

277 2770 555 2819 Georgicorum
587 2772 763 2810 subiecta
803 2777 891 2810 sunt
933 2772 1128 2823 Opuscula
1168 2773 1286 2822 haec,
1332 2777 1370 2813 et
1411 2774 1483 2812 hoc
1515 2775 1668 2822 ordine,
1716 2773 1844 2813 ethis
1876 2775 1939 2812 in-

277 2840 578 2889 scriptionibus:
612 2839 750 2878 Publii
779 2843 957 2880 maronis
991 2842 1147 2892 viryilii
1178 2856 1336 2882 carmen
1368 2843 1417 2882 cle
1449 2856 1551 2896 copa
1582 2845 1750 2895 incipit;
1801 2842 1940 2881 Publii

278 2910 455 2946 nturonis
488 2909 645 2959 viryilii
675 2908 819 2947 carme-
851 2909 901 2948 de
930 2916 994 2948 est
1025 2908 1055 2948 (ἶ
1086 2908 1145 2948 no*
1169 2911 1342 2963 Incipil3
1402 2911 1505 2950 Pub.
1530 2924 1655 2950 maro.
1685 2914 1760 2949 vir.
1793 2911 1842 2950 (Ie
1873 2914 1937 2949 in-

278 2976 487 3016 stilulione
519 2976 608 3016 boni
640 2979 723 3017 viri
753 2977 906 3030 Incipit
965 2977 1070 3018 Pub.
1095 2991 1219 3018 maro.
1241 2981 1361 3032 viryi.
1379 2992 1537 3020 carmen
1557 2980 1606 3019 cle
1632 2982 1742 3019 rosis
1761 2992 1938 3020 nascen-
