2006 3365
626 179 888 220 RECENSIO
921 179 1213 221 LIBRORUM.
1648 185 1749 229 339

117 293 254 331 Exstat
287 292 395 330 liuius
427 292 511 332 libri
545 294 578 331 in
622 292 787 333 Culicem
820 295 971 334 collatio
1003 296 1099 345 apud
1142 296 1438 334 Friesemannum
1470 298 1508 334 et
1539 295 1747 346 Heynium,

115 362 158 398 ad
192 374 285 412 quos
318 374 362 399 ca
395 364 570 412 pervenit
610 364 655 401 ab
698 363 750 401 lo.
794 362 1028 408 Schradcro:
1068 364 1111 401 ad
1154 363 1403 403 Seluradermn
1444 367 1562 402 autem
1606 367 1669 402 aut
1700 365 1747 403 ab

115 428 296 477 Heinsio,
331 435 389 468 aut
424 430 585 469 aliunde.
648 432 716 470 Est
747 433 839 469 enim
872 433 906 469 in
941 431 1178 469 Bibliotheca
1199 432 1374 470 Leidensi
1398 432 1635 483 Appendieis
1656 433 1748 472 Vir-

112 498 278 546 gilianae
311 501 401 537 edit.
455 500 601 548 scalig.
651 503 769 539 1573.
813 499 1003 550 exemplar
1045 497 1192 543 (Catal.
1226 500 1327 537 Bibl.
1362 500 1474 539 Univ.
1506 500 1627 550 bugd.
1662 502 1745 540 Bat.

112 578 150 615 p.
184 568 278 605 275.
311 568 410 605 llist.
447 571 592 616 5⁰2),
634 568 717 606 olim
751 569 881 606 isaaco
914 568 1056 606 vossio
1088 579 1330 616 possessum,
1363 569 1420 606 cui
1452 569 1547 607 idem
1580 570 1745 609 Vossius

113 635 147 670 in
181 634 331 683 Culicc,
372 639 408 673 ct
440 637 473 673 in
505 636 590 673 aliis
622 637 844 674 carminibus
874 634 1081 678 nonnullis,
1122 646 1218 685 quae
1249 637 1372 673 statim
1405 639 1746 677 commemorabun-

112 707 191 750 tur,
224 709 432 741 accuratam
458 704 655 742 l’etaviani
680 704 933 745 collationem,
967 715 988 740 a
1019 715 1062 739 se
1094 704 1177 752 ipso
1209 704 1365 748 saetam,
1391 704 1608 754 adscripsit.
1663 706 1745 745 Do-

110 770 193 818 leo,
226 772 321 821 quod
356 784 425 809 non
458 773 581 810 itidem
616 773 729 810 Diras
762 771 970 810 contulerit.
1032 771 1115 809 Fuit
1146 771 1208 809 nic
1244 770 1339 810 liber
1382 784 1479 818 non,
1528 774 1624 824 quod
1665 776 1745 813 Ar-

110 839 243 877 noldus
276 841 403 878 nescio
436 840 530 878 unde
562 841 707 889 tradit„
743 852 897 887 recens,
941 839 1006 876 sed
1040 840 1156 887 satis,
1190 842 1229 878 ut
1260 840 1420 878 suadent
1449 842 1594 890 omnia,
1631 846 1744 881 vetu-

109 911 213 950 stus,
256 909 466 958 perbonus,
510 910 680 958 proxime
711 912 898 956 cognatus
931 920 1008 945 cnm
1040 907 1242 958 Tlmaneo,
1283 908 1444 960 aliisque
1476 910 1639 948 eiusdem
1670 923 1745 960 ge-

109 977 210 1014 neris
244 977 368 1024 libris,
403 978 497 1028 quod
530 990 654 1024 genus
686 978 868 1023 onmium,
902 976 946 1013 de
978 977 1112 1028 quibus
1145 989 1241 1015 nune
1265 979 1434 1025 constat,
1469 979 1640 1028 optimum
1672 983 1743 1019 est.

109 1044 266 1083 Heinsio
298 1046 341 1083 ad
377 1045 489 1085 Ovid.
522 1047 645 1096 Epist.
677 1045 784 1083 xlx.
818 1047 883 1082 26.
926 1047 1163 1084 veterrimus
1205 1046 1331 1084 codex
1362 1046 1616 1086 Petcwianus
1650 1049 1744 1086 dici-

109 1118 179 1151 tur.
241 1112 469 1153 ConUnebat
499 1118 620 1152 autem
649 1116 799 1164 practer
826 1112 988 1152 Culicem
1022 1118 1058 1151 et
1079 1113 1214 1159 DIras,
1241 1113 1435 1164 Opuscula
1460 1115 1586 1153 eadem
1606 1117 1741 1165 onmia,

108 1195 201 1233 quac
233 1183 265 1220 in
301 1183 504 1232 Bcnnhino,
536 1183 740 1230 Thuaneo,
788 1184 825 1220 et
857 1183 1018 1220 cacteris
1051 1183 1131 1219 eius
1171 1184 1355 1231 generis:
1397 1184 1540 1236 Capu,
1592 1184 1742 1225 Versus

106 1249 156 1288 de
186 1250 265 1289 Est
297 1257 334 1289 et
364 1251 482 1300 Non,
517 1252 566 1290 de
595 1251 724 1290 Rosis
757 1250 1017 1289 nascentibus
1048 1251 1231 1302 Ecloya,
1266 1252 1332 1290 De
1362 1252 1622 1293 Institutione
1658 1253 1744 1293 Viri

104 1318 211 1357 Boni
247 1332 406 1358 versus.
476 1320 610 1371 Neque
642 1319 770 1358 dubito
802 1320 887 1370 quin
920 1320 1145 1357 continuerit
1172 1320 1396 1368 stlorelnm,
1429 1322 1500 1359 etsi
1533 1321 1605 1360 lioc
1635 1335 1741 1361 nemo

104 1390 281 1426 testatur.
342 1389 397 1426 At
431 1388 555 1426 Aetna
588 1387 683 1426 haud
716 1388 828 1426 dubie
859 1387 999 1435 abfuit,
1042 1391 1079 1426 et
1110 1387 1279 1426 abfuisse
1311 1387 1412 1428 Cirin
1444 1389 1588 1428 diserte
1619 1395 1742 1431 monet

104 1455 287 1494 Heinsius
320 1457 441 1506 Epist.
474 1457 517 1494 ad
550 1456 626 1494 lac.
661 1456 889 1495 Gronovium
921 1468 980 1505 ap.
1007 1456 1128 1493 ssurm.
1149 1455 1270 1506 Epist.
1303 1457 1347 1495 ad
1376 1458 1566 1508 Iloppium
1597 1472 1635 1510 p.
1662 1475 1740 1499 mv.

106 1522 165 1564 Ct'.
201 1524 368 1574 Sylloge
401 1525 522 1575 Epist.
564 1525 687 1563 Burm.
729 1525 776 1563 T.
810 1524 878 1563 lv.
919 1536 958 1574 p.
998 1528 1086 1563 ΗΒ.
1149 1525 1234 1564 Fuit
1279 1526 1388 1563 etiam
1429 1528 1463 1564 in
1505 1527 1738 1578 petaviano,

103 1593 333 1631 testantibus
366 1593 648 1636 Friesemanno‚
676 1593 854 1642 Hcyni0‚
888 1597 924 1631 et
956 1592 1006 1630 ls.
1041 1592 1203 1643 vossio,
1237 1592 1510 1643 Opuseuiorum
1543 1597 1739 1648 inscriptio

102 1660 183 1704 illa,
226 1673 329 1712 quam
371 1673 438 1698 nos
481 1662 574 1699 infra
617 1674 663 1699 ex
702 1661 886 1699 Tlluaneo
932 1663 971 1698 et
1012 1663 1239 1709 Augustano
1279 1662 1478 1701 dabimus:
1529 1666 1740 1706 Poetarum

101 1729 406 1781 Sapientissimz'
445 1729 580 1768 Publii
631 1729 791 1781 Virgilii
839 1730 1027 1769 Maronis
1079 1731 1361 1783 condiscipuli
1409 1731 1628 1772 Octaviani
1667 1739 1738 1774 etc.

100 1797 197 1850 Quid
232 1800 383 1847 practer
414 1797 476 1836 illa
508 1799 621 1837 suerit
651 1800 684 1836 in
718 1798 948 1846 Pctaviano,
981 1799 1134 1837 delinire
1166 1812 1238 1838 non
1269 1800 1402 1838 audeo.
1462 1801 1598 1841 Fuisse
1629 1806 1738 1842 ctiam

100 1867 260 1904 carmina
300 1867 440 1905 minora
480 1867 566 1904 sive
603 1867 894 1917 epigrammata,
935 1870 975 1904 ut
1014 1868 1047 1905 in
1080 1867 1292 1913 Thmmeo,
1332 1870 1404 1907 etsi
1450 1873 1539 1921 quot
1579 1872 1736 1922 fuerint,

100 1936 138 1972 et
169 1947 286 1985 quae,
319 1934 488 1973 dubitare
521 1935 633 1980 licet,
666 1939 805 1973 certum
839 1938 898 1973 est
928 1935 1012 1973 mihi
1045 1948 1093 1973 ex
1120 1936 1171 1974 Is.
1192 1937 1360 1986 Vossio,
1393 1938 1453 1989 qui
1485 1938 1736 1988 praetchu-

99 2001 207 2040 licem
240 2009 276 2041 et
308 2002 450 2053 Copam
483 2003 637 2042 eontulit
668 2003 750 2050 ina,
798 2016 891 2055 quae
922 2007 1008 2041 sunt
1040 2004 1076 2042 in
1110 2004 1346 2056 Antllologia
1378 2005 1575 2044 Burmanni
1608 2008 1672 2046 lib.
1705 2009 1734 2047 Ι.

100 2085 272 2108 cxxxv.
313 2071 377 2110 lib.
410 2071 460 2110 ll.
492 2087 615 2109 cxcu.
663 2076 700 2110 et
730 2072 794 2110 lib.
828 2071 875 2109 V.
909 2087 1069 2110 cxxxu.
1132 2072 1268 2111 Verum
1307 2087 1357 2111 ex
1387 2086 1432 2113 eo
1464 2087 1534 2112 non
1567 2079 1736 2129 seqnitur

98 2138 193 2178 hace
234 2141 339 2178 unica
381 2142 529 2179 fuisse:
568 2141 680 2179 otium
713 2141 833 2179 defuit
871 2141 923 2179 Is·
957 2141 1123 2187 Vossio,
1164 2144 1227 2180 aut
1256 2143 1422 2192 animus,
1464 2144 1570 2194 plura
1601 2148 1734 2185 conse-

98 2209 217 2246 rendi.
280 2208 319 2247 ln
362 2208 603 2258 Antliologia
643 2209 774 2248 Latina
819 2210 1051 2248 Burmannus
1092 2211 1234 2249 codicis
1266 2211 1464 2250 Petaviani
1496 2214 1541 2251 ab
1576 2214 1734 2255 Heinsio

99 2276 225 2315 collati
258 2290 377 2327 saepe
406 2279 629 2316 mentionem
655 2279 765 2326 facit,
794 2281 831 2317 et
856 2278 902 2316 ad
931 2279 1041 2318 multa
1064 2279 1247 2327 carmina,
1278 2282 1435 2319 maxime
1465 2282 1511 2320 ad
1544 2296 1607 2330 ea,
1640 2297 1735 2336 quae

99 2344 355 2383 collectionem
388 2347 481 2384 int'ra
513 2358 563 2384 ex
595 2346 742 2385 Veneta
774 2347 897 2386 Rubei
929 2346 1087 2400 aliisque
1118 2349 1272 2398 Virgilii
1308 2349 1538 2389 editionibus
1569 2355 1734 2392 vetustis

99 2415 380 2452 describendam
412 2416 668 2466 constituunt3
710 2417 775 2454 sed
819 2417 926 2454 etiam
958 2416 1002 2454 ad
1034 2416 1107 2456 alia
1138 2417 1332 2461 nonnulla,
1378 2431 1473 2470 quae
1505 2432 1574 2458 non
1607 2422 1732 2460 insunt

97 2483 132 2519 in
165 2482 387 2521 collectione
419 2484 493 2522 ista
525 2483 643 2523 Antll.
675 2484 757 2523 Lat.
791 2483 855 2522 lib.
890 2483 920 2522 Ι.
952 2500 1098 2523 Lxxm.
1133 2501 1274 2524 xcvm.
1308 2487 1373 2525 lib.
1406 2486 1455 2525 Π.
1488 2503 1624 2526 CLvm.
1645 2502 1728 2541 sqq.

97 2566 220 2589 ‹zxcn-
253 2567 403 2590 cxcvii.
436 2553 500 2591 lib.
532 2553 600 2592 Ill.
634 2569 700 2592 cx.
745 2554 808 2593 lib.
842 2554 888 2592 V.
921 2567 1015 2591 va.
1048 2569 1162 2592 Lxxl.
1196 2555 1265 2592 nisi
1298 2555 1346 2593 ihi
1378 2555 1526 2596 Petav-
1559 2561 1596 2595 et
1627 2558 1732 2597 aller

96 2620 243 2661 Petav.
276 2634 344 2671 per
377 2634 537 2660 errorem
570 2624 745 2674 scriptum
778 2625 838 2661 est
869 2635 890 2661 a
923 2624 1130 2661 Burmanno
1161 2636 1229 2674 pro
1251 2623 1423 2663 Putean.
1455 2629 1492 2664 et
1523 2627 1627 2665 aller
1644 2626 1728 2665 Pa-

95 2697 202 2728 tecm.
263 2690 399 2728 Fateor
431 2694 549 2728 tamen
582 2704 637 2729 mc
669 2692 866 2740 dubitare,
908 2704 953 2730 an
986 2692 1102 2740 haec,
1142 2705 1238 2743 quae
1270 2693 1500 2732 Burmannus
1532 2706 1581 2732 ex
1615 2695 1727 2733 Peta-

95 2758 206 2796 viano
239 2757 382 2807 laudat,
414 2770 486 2796 non
518 2759 593 2797 sint
623 2761 742 2799 onmia
773 2774 821 2799 ex
855 2773 924 2798 uno
955 2761 1157 2812 eodemque
1188 2761 1411 2800 Petaviano.
1488 2762 1602 2801 Certo
1634 2776 1727 2814 quos

95 2826 147 2865 Is.
180 2827 346 2865 Vossius
377 2828 500 2877 Epist.
531 2827 576 2865 ad
608 2827 803 2867 Heinsium
834 2829 882 2867 Τ.
914 2828 987 2867 ΙΙΙ.
1020 2829 1119 2879 Syll.
1154 2830 1278 2868 Burni.
1310 2843 1347 2880 p.
1369 2833 1463 2870 563.
1496 2832 1728 2870 Petavianos

96 2898 373 2943 connncmorat‚
407 2908 530 2933 eorum
563 2899 693 2934 neuter
725 2898 872 2936 videtur
903 2899 935 2936 is
966 2900 1113 2947 fuisse,
1146 2899 1191 2936 de
1223 2912 1294 2950 quo
1326 2911 1394 2937 nos
1425 2900 1582 2948 agimus.

182 2964 394 3014 Specimina
434 2964 629 3002 Pctaviani
662 2977 681 3002 e
714 2963 843 3003 culice
875 2968 968 3004 satis
999 2967 1110 3005 multa
1141 2967 1361 3017 protulimus
1393 2967 1498 3005 Diss.
1533 2967 1599 3006 ΙΙΙ.
1659 2969 1726 3008 Ιη-

95 3033 186 3083 cipit
216 3036 336 3072 autem
368 3033 404 3071 in
436 3033 644 3072 petaviano
677 3033 862 3072 cantilena
893 3034 975 3085 illa,
1020 3047 1126 3086 quam
1158 3040 1293 3084 postea
1325 3036 1358 3072 in
1391 3036 1474 3073 aliis
1507 3038 1723 3086 codicibus,

1360 3096 1424 3137 22
1436 3100 1455 3117 ³²
