2006 3365
272 137 374 182 280
880 131 1243 173 mssnRTATlo
1276 134 1345 173 111.

268 261 343 288 uon
376 249 475 288 tollit
504 246 687 298 regulam.
762 247 879 287 Velut
915 246 1129 297 Manilium,
1170 250 1320 299 poetam
1357 249 1602 300 didacticum,
1646 250 1744 304 quod
1787 251 1910 299 coeli,

266 318 421 365 mundi,
455 317 630 356 siderum
660 328 729 368 per
759 320 926 356 naturam
957 315 1191 369 indolemque
1222 317 1394 356 carminis
1426 319 1481 356 sui
1515 319 1651 372 ubique
1670 320 1807 358 obvias
1839 331 1911 358 no-

266 387 391 425 tiones
422 384 622 424 vocabulis
663 385 772 425 etiam
814 386 947 424 iisdem
987 397 1125 436 saepe,
1167 386 1372 438 eodemque
1410 387 1445 424 in
1485 386 1591 437 loco,
1637 388 1797 438 dixerit,
1837 400 1911 427 non

265 453 378 491 valde
408 453 545 492 mirer:
594 466 809 507 quamquam
840 456 949 494 etiam
982 454 1047 493 tali
1087 455 1122 493 in
1163 467 1307 504 genere
1347 455 1493 495 multum
1535 456 1732 505 diligentia
1773 459 1912 507 poetae

264 521 382 560 valet.
443 520 494 561 Ut
524 521 715 572 Virgilius
747 523 783 561 in
816 522 1086 575 Georgicorum
1119 524 1291 573 partibus
1324 525 1393 573 iis,
1434 538 1529 577 quae
1560 525 1714 564 steriles
1747 525 1909 564 videan-

264 592 324 628 tur
361 588 493 640 alicui,
533 590 785 630 admirabilem
827 593 992 643 copiam,
1035 592 1282 644 variandique
1324 594 1492 643 peritiam
1533 595 1714 633 ostendit.
1787 595 1837 633 Et
1874 595 1910 632 in

263 658 480 697 uuiversum
513 659 659 712 quidem
691 659 879 699 laudabile
912 660 983 700 boc
1014 663 1204 712 poetarum
1237 661 1395 699 studium
1424 663 1506 701 fuit.
1566 661 1768 709 varietas,
1801 663 1910 701 etiam

262 726 487 777 verborum,
536 727 724 777 delectat,
766 729 938 778 iteratio,
987 730 1069 768 dum
1109 730 1270 768 taedium
1310 729 1452 781 legenti
1493 733 1615 780 creat,
1656 733 1910 782 suspicionem

261 799 390 834 movet
421 796 584 848 inopiae.
646 797 785 836 Verum
819 801 959 842 tamen,
996 802 1034 838 ut
1065 798 1185 837 libere
1209 798 1347 845 dicam,
1382 811 1519 838 vereor
1551 811 1598 838 ne
1630 800 1810 839 interdum
1842 814 1907 840 su-

261 877 332 915 pra
362 865 506 904 modum
536 865 745 915 diligentes
777 869 815 906 et
846 869 927 905 fere
958 868 1062 905 anxii
1094 871 1233 918 poetae
1265 866 1368 906 latini
1402 868 1552 907 suerint.
1628 869 1806 908 Difficilis
1847 883 1909 909 res

260 934 306 972 ad
340 934 690 984 demonstrandum,
723 936 792 974 sed
826 949 919 989 quae
951 936 1069 975 lucem
1098 937 1199 987 capit
1230 949 1251 975 e
1283 938 1563 987 comparatione
1579 940 1771 988 poetarum
1790 951 1908 988 grae-

262 1014 401 1041 corum.
461 1003 616 1042 Memini
648 1004 898 1043 Hermannum
930 1005 1128 1057 aliquando
1171 1007 1413 1057 praecipere,
1452 1018 1618 1055 graecos
1648 1010 1806 1057 poetas,
1840 1019 1908 1047 co-

260 1072 402 1122 piarum
439 1073 624 1110 sermonis
664 1074 722 1111 sui
760 1072 861 1112 nulla
908 1086 1064 1126 unquam
1106 1074 1315 1113 intentione
1353 1073 1686 1113 exhauriendarum
1727 1088 1908 1115 memores

261 1140 410 1191 sibique
442 1141 643 1190 conscios,
684 1141 803 1180 verba
835 1142 964 1181 eadem
1005 1146 1182 1193 repetere
1219 1142 1315 1180 baud
1357 1147 1595 1193 cunctanter,
1641 1143 1804 1193 latinos,
1846 1146 1908 1196 qui

260 1221 335 1247 non
367 1211 439 1247 tam
471 1209 629 1260 amplum
668 1210 743 1248 sibi
782 1211 877 1248 domi
918 1222 1051 1261 penum
1093 1223 1182 1249 esse
1227 1212 1414 1260 sentiant,
1458 1211 1583 1250 studio
1624 1224 1669 1250 ac
1709 1212 1909 1261 diligentia

261 1278 437 1326 efficere,
470 1281 510 1318 ut
540 1278 753 1330 locupletes
794 1280 1006 1319 videantur.
1077 1279 1275 1320 Caeterum
1322 1292 1393 1317 nou
1433 1280 1562 1319 dubito
1608 1281 1694 1333 quin
1735 1281 1781 1319 de
1819 1280 1908 1331 lege.

260 1345 328 1385 illa
358 1348 523 1387 certiora
553 1361 597 1388 ac
629 1348 849 1398 subtiliora,
890 1362 996 1402 quam
1027 1348 1148 1387 adhuc
1179 1351 1379 1396 constant,
1421 1352 1692 1399 praecepturus
1733 1350 1807 1400 sit,
1846 1352 1907 1403 qui

261 1428 435 1465 magnum
467 1418 722 1469 exemplorum
753 1430 939 1457 numerum
981 1418 1224 1466 examinare,
1263 1421 1376 1469 atque
1417 1418 1514 1456 inter
1544 1430 1588 1456 se
1619 1418 1772 1467 singula
1804 1431 1907 1458 com-

260 1497 397 1535 parare
428 1486 606 1526 voluerit.
668 1487 737 1526 Sic
777 1487 975 1538 probabile
1007 1490 1084 1536 est,
1125 1485 1197 1525 hoe
1228 1488 1387 1525 maxime
1419 1487 1574 1525 cavisse
1604 1490 1762 1538 poetas,
1795 1500 1840 1526 ne
1871 1489 1907 1527 in

263 1553 392 1592 eadem
424 1566 562 1593 versus
595 1556 689 1594 sede
720 1556 828 1594 fieret
860 1557 1034 1607 iteratiog
1077 1559 1149 1595 tum
1182 1567 1228 1594 ne
1261 1556 1367 1594 fieret
1397 1556 1432 1593 in
1464 1556 1561 1607 pede
1593 1568 1731 1595 versus
1763 1556 1907 1596 heroici

261 1623 401 1673 primo,
444 1626 508 1662 aut
547 1623 686 1663 ultimo.
758 1625 891 1664 Sensit
937 1624 1132 1663 Bentleius
1173 1625 1209 1662 in
1250 1624 1381 1662 Manil.
1424 1626 1454 1663 1.
1501 1628 1563 1663 13.
1634 1625 1790 1664 Scilicet
1821 1625 1908 1664 talis

262 1691 415 1730 iteratio
449 1694 605 1731 omnium
638 1692 810 1732 facillime
841 1694 876 1731 in
910 1706 1061 1732 sensum
1093 1694 1178 1732 sive
1210 1693 1375 1743 legentis
1407 1693 1494 1732 sive
1524 1693 1710 1732 audientis
1741 1695 1908 1734 incurrit.

263 1760 448 1811 Exempla
478 1761 639 1811 seligam
663 1774 713 1801 ex
734 1762 955 1801 Heinsiauis
988 1762 1082 1811 illis,
1115 1766 1153 1802 et
1184 1763 1328 1814 quidem
1361 1762 1565 1811 eiusmodi,
1600 1763 1635 1800 iu
1668 1763 1802 1815 quibus
1833 1764 1909 1803 ite-

264 1830 358 1868 ratio
391 1829 492 1868 nullo
533 1830 642 1869 modo
683 1830 913 1881 tolerabilis,
957 1832 1128 1883 quamvis
1170 1835 1348 1870 versetur
1392 1832 1427 1868 in
1468 1830 1603 1869 vocula
1650 1833 1909 1871 minutissima.

263 1896 306 1936 In
339 1897 468 1937 Ovidii
500 1897 583 1937 loco
616 1898 772 1938 Metam.
804 1899 854 1938 ΙΙ.
889 1903 981 1938 116.
1015 1900 1103 1938 ferri
1135 1901 1263 1952 nequit
1307 1900 1402 1938 Tum
1430 1905 1571 1951 pater,
1616 1901 1702 1952 quia
1741 1902 1911 1953 sequitur

263 1980 305 2006 v.
343 1972 432 2006 122.
470 1969 564 2009 Tum
592 1976 725 2022 pater.
785 1970 871 2009 Non
911 1972 983 2009 tam
1023 1970 1133 2019 inops
1173 1969 1360 2017 Ovidius,
1408 1971 1445 2007 ut
1477 1970 1512 2007 in
1545 1972 1615 2007 tam
1647 1970 1785 2008 vicinis
1817 1983 1909 2009 sen-

264 2037 392 2076 tentiis
423 2037 485 2075 bis
516 2038 659 2077 initium
689 2039 834 2077 faceret
864 2038 1049 2089 particula
1079 2044 1173 2077 tum.
1235 2037 1359 2086 Igitur
1392 2040 1549 2076 catenus
1580 2037 1665 2076 mihi
1684 2051 1762 2077 cum
1789 2038 1909 2078 Hein-

265 2107 323 2145 sio
356 2108 548 2146 convenit.
610 2107 751 2147 Verum
783 2107 879 2160 quod
912 2107 1007 2146 idem
1039 2101 1202 2157 repetito
1238 2106 1357 2144 verbo
1386 2113 1506 2158 pater
1537 2106 1754 2154 offenditur,
1785 2107 1832 2146 de
1863 2120 1908 2146 eo

265 2174 374 2214 aliter
414 2176 558 2222 sentio,
598 2188 643 2214 ae
685 2176 768 2215 sine
807 2176 1014 2215 offensione
1053 2190 1092 2214 v.
1138 2178 1229 2214 116.
1290 2176 1346 2213 At
1382 2180 1503 2228 pater
1533 2178 1639 2213 etv.
1676 2178 1768 2213 122.
1813 2176 1909 2215 Tum

262 2250 385 2297 pater
415 2245 531 2283 scribi
563 2246 737 2296 potuisse
768 2248 907 2285 statuo.
968 2245 1064 2284 Ibid.
1099 2248 1193 2284 329.
1235 2243 1344 2282 Nam
1372 2250 1492 2297 pater
1524 2244 1726 2292 Heinsius,
1766 2246 1907 2284 rectis-

266 2313 386 2362 sime,
419 2325 491 2351 non
521 2314 579 2352 At
606 2327 648 2366 p.
697 2312 877 2365 Sequitur
903 2315 996 2352 enim
1029 2317 1180 2352 v.333.
1210 2312 1267 2350 At
1293 2312 1490 2364 Clymene.
1553 2311 1603 2352 Ut
1634 2314 1838 2352 consistam
1868 2314 1908 2353 in

265 2380 339 2420 hoc
370 2381 622 2433 exemplorum
651 2394 815 2432 genere,
849 2383 1039 2433 Propertii
1071 2382 1154 2420 loco
1187 2384 1289 2428 utar,
1335 2380 1422 2429 illo,
1464 2381 1501 2419 in
1540 2394 1645 2433 quem
1685 2381 1768 2421 olim
1807 2382 1908 2422 felici

264 2448 363 2489 baud
395 2450 507 2490 dubie
539 2451 756 2490 coniectura
787 2451 1033 2490 Memnonem
1063 2450 1192 2500 intuli,
1232 2449 1280 2488 ΙΙ.
1314 2465 1403 2488 x111.
1438 2450 1518 2501 (x.)
1553 2453 1620 2490 45.
1652 2464 1737 2505 sqq.

493 2519 603 2559 Nam
636 2533 711 2573 quo
742 2528 821 2559 tam
853 2520 999 2560 dubiae
1036 2526 1222 2560 servetur
1261 2523 1432 2572 spiritus
1471 2517 1623 2561 horae?

579 2588 773 2628 Nestoris
804 2594 869 2628 est
899 2591 1015 2628 visus
1045 2596 1142 2641 post
1172 2591 1254 2628 tria
1294 2590 1438 2628 saecla
1467 2593 1582 2630 cinis.

495 2657 572 2698 Cui
603 2659 642 2697 si
672 2664 752 2696 tam
783 2658 927 2710 lonyae
956 2660 1165 2697 minuisset
1193 2659 1290 2710 fata
1322 2665 1510 2699 senectae

579 2725 763 2766 Caerulus
794 2727 942 2766 Iliacis
973 2727 1086 2766 miles
1119 2729 1158 2765 in
1189 2727 1421 2779 agyqeribus,

492 2795 587 2834 Non
618 2795 687 2834 ille
716 2795 921 2835 Antilochi
950 2796 1127 2835 vidisset
1158 2798 1230 2835 etc.

266 2864 329 2903 Ad
362 2877 466 2919 quem
498 2864 618 2903 locum
648 2862 720 2903 boc
750 2865 916 2903 fortasse
956 2865 1054 2903 iusto
1087 2866 1225 2916 scripsi
1257 2866 1427 2917 cupidius
1470 2870 1598 2904 contra
1637 2877 1726 2911 cOS,
1769 2865 1904 2917 quibus

268 2934 412 2975 Troilus
448 2932 510 2972 vel
549 2933 779 2972 Dardanus
810 2933 923 2972 miles
954 2932 1118 2984 placuit,
1150 2934 1308 2973 ieiunum
1339 2947 1456 2974 esse:
1490 2934 1699 2974 Nestorem
1731 2936 1770 2973 si
1805 2935 1902 2973 Tro-

265 3005 444 3043 ianorum
484 3003 638 3056 aliquis
677 3003 964 3055 interfecisset·
1039 2999 1154 3043 Certe
1195 3004 1324 3044 eodem
1367 3003 1474 3043 modo
1513 3001 1704 3053 Aeschyli
1741 3002 1903 3057 loquitur
