2006 3365
494 179 626 221 VITA
665 179 903 222 CATONIS
934 181 1004 222 ET
1033 181 1278 223 SCRIPTA.
1603 185 1705 229 269

73 294 241 335 Bibaculi
273 293 360 333 nibil
389 294 549 345 praebet
571 294 957 347 Guelpherbytanus:
991 300 1077 337 sunt
1107 297 1196 346 illa,
1227 299 1267 336 ut
1297 296 1477 348 apparet,
1509 295 1703 347 descripta

71 377 119 403 ex
149 363 272 415 aliquo
306 363 437 401 codice
469 364 661 413 Suetonii,
702 365 871 403 miserum
912 366 946 403 in
988 365 1129 404 modum
1169 368 1356 415 corrupta.
1417 365 1527 403 Hunc
1557 364 1591 402 in
1624 377 1700 403 mo-

69 433 178 471 dum:
213 432 374 482 SIQVIS
412 433 500 483 fere
537 435 608 471 mei
646 433 794 472 domnm
825 436 993 472 catotini
1064 434 1130 473 De
1157 437 1295 486 pictas
1326 436 1440 474 nimio
1472 434 1632 473 assilas
1664 442 1702 474 et

69 501 198 554 cylios
267 501 468 539 Custodes
502 501 609 539 uidet
640 502 837 554 ortaiosq3
877 502 965 554 lapi
1024 502 1206 541 Miratur
1236 505 1310 541 etc.
1372 503 1518 540 Versus
1551 505 1588 540 6.
1622 503 1700 541 ita:

70 569 159 625 Qua
191 569 368 607 celibrua
399 569 582 608 calculus
614 576 652 608 et
681 575 765 608 tros
803 571 951 621 farris.
1011 568 1051 607 ln
1084 582 1199 607 versu
1233 574 1272 608 3.
1305 571 1437 609 retinui
1470 584 1583 621 supra
1616 571 1700 609 vul-

66 640 191 686 gatam
224 638 471 687 scripturam:
513 638 708 676 Custodi-s
749 639 861 677 videt
898 637 1078 677 hortulos
1112 638 1283 690 Priapi,
1323 639 1395 676 etsi
1427 652 1527 676 suam
1560 640 1701 689 proba-

68 705 244 744 bilitatem
280 705 439 742 virorum
474 705 663 744 doctorum
699 705 970 744 coniecturae:
1012 706 1213 745 Custodes
1258 707 1368 744 videt
1397 707 1544 745 horluli
1574 707 1700 746 Pria-

63 788 160 827 pos,
197 785 266 811 non
300 785 414 822 nego.
446 773 636 813 custodes
680 773 776 822 legit
817 774 924 812 etiam
957 773 1127 824 Raphael
1168 773 1464 822 Volaterranus',
1506 775 1565 812 ubi
1599 776 1700 814 Sue-

65 844 155 882 tonii
196 843 243 881 de
285 842 438 881 Valerio
479 843 624 883 Catone
662 842 781 880 locum
823 843 1016 892 excerpit,
1067 841 1250 893 simulque
1290 843 1477 892 poematia
1516 844 1703 884 exscribit

65 911 258 958 Bibaculi,
291 910 539 952 Commentar.
574 910 714 950 Urban.
749 910 812 949 lib.
844 910 973 949 XIIII.
1005 923 1042 961 p.
1077 914 1171 949 325.
1205 911 1264 948 ed.
1289 910 1380 948 Bas.
1404 910 1700 951 Froben.l559.

65 979 247 1020 Carminis
277 980 431 1018 alterius
473 992 607 1018 versus
644 983 677 1017 l.
725 980 775 1017 ita
813 992 855 1018 se
886 979 921 1017 in
960 978 1257 1029 Guell'erbytano
1297 978 1435 1017 babet:
1479 979 1701 1016 ECIRONIS

63 1049 173 1088 modo
204 1049 315 1100 yalle
344 1049 598 1088 tusculanum
629 1051 666 1087 et
698 1047 872 1087 ultimus:
905 1049 970 1087 En
990 1061 1057 1087 eor
1074 1049 1279 1087 enoecatis
1306 1061 1352 1086 en
1384 1048 1505 1087 lecum
1536 1050 1701 1087 caletis.

64 1117 211 1157 Versus
242 1118 382 1168 penult.
415 1121 454 1156 ut
492 1117 642 1166 vulgo:
691 1117 810 1157 Vnum
842 1117 1014 1170 difficile
1053 1117 1243 1170 expedire
1272 1131 1418 1156 nomen.
1462 1120 1499 1155 et
1532 1119 1701 1167 profecto

63 1198 135 1224 non
168 1185 364 1235 intelligo,
396 1187 481 1239 quid
517 1187 551 1224 in
584 1198 628 1224 eo
660 1185 754 1224 male
788 1185 927 1224 habere
960 1187 1063 1224 viros
1094 1185 1228 1225 doctos
1250 1187 1428 1236 potuerit.
1471 1186 1702 1237 Suppleatur

63 1268 177 1302 esse,
211 1254 273 1292 vel
307 1259 344 1293 ut
375 1268 495 1293 sermo
528 1256 577 1293 sit
609 1255 813 1305 abruptus,
853 1262 936 1303 est,
979 1257 1042 1293 aut
1079 1255 1172 1306 fuit.
1235 1255 1445 1305 Paupertas
1477 1255 1572 1293 omni
1605 1258 1699 1293 tem-

64 1336 156 1374 pore
187 1324 323 1362 usitata
354 1322 681 1362 Grammaticorum
714 1336 800 1362 sors
831 1324 925 1362 t'uit:
969 1325 1016 1362 cf.
1049 1336 1143 1376 quae
1183 1323 1229 1362 de
1268 1323 1449 1374 Pompilio
1486 1324 1698 1362 Andronico

64 1392 270 1431 Suetonius
301 1407 386 1430 v111.
433 1392 479 1431 dc
512 1392 668 1442 Hygino
714 1392 764 1430 id.
797 1407 869 1429 xx.
912 1392 1078 1444 idemque
1118 1404 1200 1443 cap.
1236 1407 1291 1431 ix.
1333 1393 1379 1430 de
1423 1392 1594 1441 Orbilio,
1636 1391 1698 1444 qui

65 1462 146 1511 ipse
179 1473 370 1511 persenex
400 1473 599 1511 pauperem
631 1473 691 1507 se,
732 1464 770 1500 et
801 1460 970 1499 habitare
1002 1460 1076 1500 sub
1107 1461 1278 1512 teyulis,
1321 1461 1521 1500 fatebatur.
1585 1461 1698 1499 Addo

63 1529 349 1580 philosophum,
390 1530 600 1569 Scironem.
662 1529 798 1568 Verum
841 1528 901 1567 hic
947 1531 1066 1568 tamen
1097 1530 1280 1569 villulam
1312 1528 1476 1568 habebat
1507 1530 1588 1568 eius
1620 1531 1699 1567 sere

63 1599 185 1646 modi,
219 1611 290 1650 quo
322 1598 571 1636 Tusculanam
603 1598 721 1636 fuisse
743 1595 900 1637 Catonis
933 1598 1122 1648 suspicor.
1184 1598 1372 1647 Virgilius
1404 1598 1579 1636 versibus
1611 1609 1698 1635 sua-

63 1667 259 1705 vissimis:
312 1667 462 1706 Vitiata
507 1681 609 1721 (sicae
647 1668 827 1706 Scironis
868 1680 985 1715 eras,
1018 1673 1056 1705 et
1083 1680 1240 1719 pauper
1272 1666 1426 1718 aqelle,
1468 1666 1604 1706 Verum
1637 1666 1700 1705 illi

63 1736 213 1775 domino
244 1742 286 1774 tu
329 1749 482 1790 quoqne
513 1736 698 1774 divitiae.
760 1734 1039 1782 WWichertmn,
1087 1736 1204 1773 virum
1247 1735 1523 1783 doctissimum,
1565 1736 1698 1784 miror,

63 1805 158 1856 quod
192 1805 366 1852 ironiam,
412 1808 449 1843 et
489 1804 692 1843 aculeatam
733 1804 1012 1853 ambiguitatem
1045 1816 1132 1842 esse
1164 1805 1198 1842 in
1230 1804 1327 1842 Furii
1361 1804 1406 1841 de
1438 1802 1584 1843 Catone
1615 1804 1697 1855 epi-

63 1873 303 1923 grammatis,
334 1875 370 1911 et
402 1873 562 1911 derideri
595 1885 617 1911 a
648 1873 757 1911 Furio
791 1875 1001 1921 egestatem
1032 1870 1191 1912 Catonis
1222 1873 1377 1911 scribat.
1439 1873 1620 1921 Gallum,
1653 1872 1697 1910 ad

63 1954 168 1992 quem
200 1945 260 1980 est
278 1942 375 1980 Furii
399 1941 569 1980 Bibaculi
597 1941 826 1991 epigramma
857 1939 1031 1989 alterum,
1064 1940 1153 1978 nihil
1184 1940 1335 1989 obstat,
1368 1944 1538 1992 quantum
1573 1942 1698 1988 video,

64 2010 254 2061 quominus
287 2013 457 2059 putemus
490 2008 698 2048 Cornelium
732 2008 875 2046 Gallum
908 2021 995 2047 esse
1027 2012 1187 2059 poetam.

151 2077 207 2116 De
239 2079 394 2117 Cinnae
424 2089 536 2116 versu
576 2077 671 2127 apud
713 2077 951 2126 Suetonium,
996 2077 1172 2117 Saecula
1207 2084 1439 2130 permaneat
1482 2081 1611 2117 nostri
1642 2079 1696 2117 D.

65 2148 257 2195 Catonis,
292 2147 415 2197 paullo
446 2150 535 2197 post
566 2146 695 2184 dietum
761 2147 990 2184 Burmannus
1022 2146 1095 2195 ibi,
1142 2147 1237 2198 quod
1271 2146 1392 2184 obiter
1422 2159 1574 2196 moneo,
1616 2150 1695 2186 l'or-

64 2219 169 2254 tasse
201 2228 328 2254 nomen
376 2215 640 2254 restituendum
683 2227 770 2253 esse
811 2215 1016 2265 pomnatis,
1058 2219 1095 2254 et
1135 2215 1354 2253 Suetonium
1396 2216 1451 2253 sie
1490 2217 1696 2266 scripsisse

65 2286 238 2323 coniicit:
272 2285 402 2324 Cinna
434 2287 471 2323 in
502 2286 695 2336 Smyrna,
728 2283 810 2322 sola
841 2286 960 2322 fretus
991 2285 1215 2323 auctoritate
1249 2285 1442 2335 Pomponii
1476 2285 1622 2333 Sabini,
1649 2286 1693 2323 ad

65 2354 178 2402 Virg.
214 2353 293 2391 Eri.
327 2354 393 2392 ix.
422 2357 487 2392 35.
520 2354 570 2392 ita
601 2353 831 2391 scribentis:
864 2353 929 2392 De
960 2353 1089 2392 Cinna
1119 2356 1288 2392 meminit
1318 2354 1558 2399 Suetonius,
1591 2354 1697 2408 quod

65 2424 279 2475 scripserit
309 2423 528 2473 Smyrnam.
600 2421 708 2459 Hunc
748 2422 864 2470 igitur
900 2422 951 2460 ita
994 2421 1116 2460 videri
1159 2423 1192 2460 in
1234 2427 1364 2461 nostro
1407 2423 1579 2462 Suetonii
1613 2423 1695 2462 loco

64 2491 241 2541 scriptum
274 2491 496 2528 invenisse:
539 2492 666 2530 Cinna
698 2492 737 2529 in
767 2492 951 2542 Smyrna.
1023 2490 1106 2529 Non
1146 2494 1306 2541 tantum,
1346 2494 1459 2542 puto,
1501 2492 1696 2530 tribuisset

66 2560 269 2610 Pomponio
288 2560 538 2607 Burmannus,
571 2560 602 2597 si
633 2559 680 2598 de
711 2562 835 2598 aetate
858 2559 1049 2610 Pomponii
1076 2559 1208 2598 Sabini
1241 2563 1464 2611 compertum
1484 2559 1694 2598 habuisset.

66 2629 154 2677 Ego
187 2640 337 2666 errasse
369 2628 630 2678 Pomponium,
661 2631 698 2667 et
716 2627 933 2667 Suetonium
965 2629 1112 2668 dixisse
1143 2641 1211 2679 pro
1237 2628 1338 2677 alio,
1371 2630 1430 2681 qui
1463 2628 1695 2667 obversare-

66 2701 125 2736 tur
156 2698 251 2748 ipsi,
275 2697 462 2747 putabam.
522 2694 572 2735 Ut
601 2695 708 2734 alium
741 2697 836 2735 infra
867 2696 1079 2735 videbimus
1111 2697 1274 2736 eiusdem
1298 2697 1491 2748 Pomponii
1522 2697 1566 2735 ad
1591 2696 1694 2737 Ciriu

66 2778 105 2804 v.
139 2768 234 2804 285.
268 2779 304 2816 p.
339 2769 433 2803 61⁶2.
466 2777 626 2803 errorem
658 2765 692 2802 in
720 2766 940 2804 nominihus.
999 2765 1132 2814 Nunc,
1155 2765 1251 2818 quod
1277 2764 1428 2815 melius,
1452 2765 1694 2804 Weichcrtus

67 2835 126 2874 De
154 2833 198 2874 C.
228 2834 367 2873 Helvio
393 2831 513 2873 Cinna
544 2846 581 2883 p.
618 2836 705 2872 199.
738 2833 907 2873 Suetonii
938 2833 1055 2872 locum
1078 2834 1283 2885 Pomponio
1309 2836 1395 2872 ante
1423 2833 1553 2872 oculos
1577 2834 1695 2873 fuisse

69 2905 198 2943 statuit
219 2917 323 2953 eum,
348 2904 407 2955 qui
436 2906 495 2941 est
512 2901 569 2940 lll.
595 2900 792 2942 Grammat.
814 2917 929 2942 xviii.
957 2903 1018 2941 ubi
1046 2903 1093 2941 de
1116 2901 1293 2943 Crassitii
1314 2903 1348 2940 in
1372 2901 1568 2951 Smyrnam
1591 2913 1693 2941 com-

67 2973 258 3011 mentario.
318 2972 524 3023 Monetque
547 2970 639 3008 idem
661 2970 903 3010 Weicliertns
925 2975 1053 3010 contra
1074 2971 1316 3010 Burmannum
1338 2970 1566 3018 rectissime,
1599 2982 1692 3008 ver-

69 3041 126 3080 sui
154 3041 331 3082 Saecula
358 3045 590 3094 permaneat
612 3040 742 3079 nostri
760 3040 816 3078 D.
841 3041 1028 3091 Catonis,
1061 3040 1129 3078 vix
1160 3038 1278 3077 locum
1308 3039 1426 3077 fuisse
1455 3038 1492 3077 in
1515 3037 1689 3089 Smyrna.
