2006 3365
507 147 639 188 VITA
671 147 909 189 CATONIS
939 148 1009 189 ΕΤ
1040 146 1285 189 SCRIPTA.
1613 149 1713 194 265

83 263 297 303 coniectura
329 264 402 301 est.
463 263 521 302 De
545 264 729 304 Ravenna
761 263 874 303 hahet
904 263 1064 315 aliquid,
1096 264 1192 316 quod
1224 262 1296 302 liuc
1326 263 1528 310 referatur,
1559 260 1711 311 Appia-

80 344 148 370 nus
180 331 210 369 l.
242 345 418 369 Lxxxix.
478 331 600 370 Nobis
641 333 778 371 snt'licit
815 333 985 383 potuisse
1023 332 1124 381 lieri,
1171 335 1209 371 ut
1250 331 1360 372 etiam
1401 331 1437 369 in
1475 328 1596 368 Gallia
1626 329 1711 378 agri

79 401 270 438 veteranis
302 412 324 438 a
355 399 462 439 Sulla
492 401 793 449 assignarentur.
854 401 912 440 De
945 399 1101 440 Catonis
1131 402 1252 439 autem
1288 412 1412 449 agro,
1452 411 1498 438 an
1537 410 1578 437 re
1618 409 1712 436 vcra

78 469 114 507 in
146 471 371 518 potestatem
404 469 551 507 venerit
581 468 758 516 militum,
790 469 954 507 incertus
986 467 1137 507 haereo.
1198 467 1331 506 Mirum
1364 470 1527 506 sortasse
1557 478 1710 505 narrare

77 537 257 576 videbor:
299 537 366 575 sed
399 540 517 576 tamen
550 550 677 575 verum
710 540 770 575 est
800 536 890 574 nihil
923 537 1001 586 legi
1042 538 1075 575 in
1108 537 1253 584 Diris,
1296 537 1392 574 unde
1439 535 1601 584 colligas
1631 537 1709 574 tra-

74 605 188 643 ditum
219 604 322 644 militi
353 617 484 654 agrum
514 618 614 643 esse.
676 605 794 644 Ass‘uit
825 605 976 643 linitor:
1012 604 1093 643 Dir.
1126 617 1164 642 v.
1198 606 1264 641 45.
1299 604 1416 643 ceruit
1447 604 1566 641 animo
1599 606 1710 654 poeta

72 673 288 712 violentiam
319 674 430 711 t'uturi
463 673 704 724 possessoris
736 673 929 722 veterani3
969 673 1089 710 omnia
1133 671 1227 710 mala
1258 672 1481 722 imprecatur
1510 684 1629 720 agr0,
1663 683 1709 709 ne

72 742 143 781 frui
177 755 220 780 eo
253 742 391 780 milites
422 743 597 793 possint:
630 742 864 789 assignatum
895 741 963 778 iam
990 740 1109 778 l'uisse
1132 752 1264 789 agrum
1292 743 1394 779 certo
1421 740 1561 785 cuidam
1588 740 1708 789 militi,

72 815 110 851 et
141 812 208 849 iam
242 812 361 849 fuisse
392 812 426 849 in
459 823 555 860 agro
587 809 734 847 mllltem
768 822 870 854 eum,
912 821 1090 860 nusquam
1122 809 1226 847 dicit.
1288 808 1419 860 Itaque
1451 807 1512 846 hic
1544 809 1708 846 sortasse

70 879 193 919 inanis
225 881 333 919 timor
364 881 454 929 l'uit,
487 884 524 918 et
555 880 718 917 fortasse
749 891 930 930 nunquam
959 877 1089 928 pedem
1113 877 1195 916 lixit
1217 876 1323 915 miles
1355 878 1389 915 in
1408 889 1503 926 agro
1535 876 1706 916 Catonis.

70 949 152 1001 Quo
184 949 306 997 magis
338 951 476 987 certum
509 951 568 986 est
599 947 824 998 perditurum
856 958 945 985 esse
985 958 1157 997 operam,
1197 947 1228 984 si
1261 947 1346 998 quis
1377 947 1476 985 serio
1508 945 1543 983 in
1574 957 1707 984 nomen

68 1018 257 1070 inquirere
289 1018 370 1056 eius
402 1017 526 1055 militis
557 1017 710 1054 animum
744 1016 919 1054 inducat:
953 1028 1067 1067 quare
1099 1015 1169 1054 liae
1201 1016 1247 1054 de
1278 1028 1318 1053 re
1342 1027 1455 1054 meam
1483 1013 1707 1052 liariolatIO-

68 1098 148 1125 nem
180 1098 292 1137 supra
323 1087 418 1124 inter
449 1084 593 1123 tabulas
625 1085 755 1135 posui,
780 1084 886 1123 Diss.
919 1084 949 1124 I.
982 1087 1128 1136 p.247.
1189 1083 1305 1138 Quam
1337 1083 1525 1122 diversum
1557 1082 1603 1121 ab
1635 1082 1707 1121 In-

68 1155 300 1206 diynatione
338 1158 593 1203 argumentum
642 1154 836 1192 Dz‘rarnm
875 1154 946 1202 sit,
989 1157 1125 1204 sponte
1165 1155 1337 1204 apparet.
1398 1152 1627 1202 Indiynatio
1659 1150 1707 1188 de

68 1224 183 1274 priori
215 1223 370 1271 iniuria,
401 1225 631 1274 praetoris,
665 1224 768 1271 eratg
800 1223 945 1260 inerant
967 1222 1069 1260 dirae
1101 1223 1135 1260 in
1162 1234 1314 1271 agrum,
1349 1221 1415 1260 sed
1449 1233 1517 1259 eae
1548 1220 1705 1259 breves.

67 1292 233 1340 Postea,
267 1304 366 1329 nova
397 1291 581 1329 irascendi
615 1290 868 1343 querendique
901 1302 1036 1329 caussa
1067 1290 1191 1339 illata,
1224 1290 1306 1328 dum
1333 1289 1511 1328 militibus
1542 1287 1706 1340 praedae

67 1360 190 1398 datum
220 1372 371 1409 agrum,
406 1372 525 1412 eoque
557 1359 844 1398 irrevocabilem
876 1360 1010 1398 saetam
1044 1372 1130 1398 esse
1161 1359 1338 1398 iacturam
1363 1370 1464 1396 suam
1497 1356 1704 1406 intelligit:

66 1441 146 1467 nam
179 1442 296 1481 usque
328 1442 371 1467 eo
403 1442 506 1480 spem
548 1431 682 1467 fovere
721 1428 967 1478 recuperandi
1006 1428 1157 1467 dominii
1196 1430 1400 1479 potuerat:
1448 1429 1520 1465 tum
1563 1427 1702 1475 igitur,

70 1498 166 1549 quod
199 1498 249 1536 ibi
281 1498 450 1537 breviter
472 1497 713 1548 peregisset,
746 1508 931 1534 exornare
963 1499 1075 1548 atque
1100 1495 1351 1547 amplificare,
1385 1499 1423 1534 et
1454 1507 1589 1533 novum
1619 1494 1705 1533 inde

69 1578 215 1605 carmen
246 1566 454 1614 deducere,
498 1566 594 1617 quod
629 1568 741 1604 totum
774 1565 864 1603 diris
897 1567 1112 1613 constaret,
1143 1565 1298 1603 animum
1330 1565 1490 1603 induxit.

151 1633 194 1673 In
225 1637 380 1673 mentem
411 1634 517 1673 venit
547 1645 728 1685 quaerere
759 1633 899 1681 obiter,
941 1645 986 1671 an
1018 1634 1116 1672 sorte
1148 1631 1266 1677 Cato,
1318 1646 1424 1686 quum
1457 1633 1629 1686 Lydiam
1660 1630 1706 1670 li-

66 1703 170 1742 brum
200 1702 352 1751 ederet,
384 1703 700 1754 Itzcliqnate'onem
740 1704 778 1740 ct
808 1703 940 1741 Diras
972 1703 1141 1753 posuerit
1172 1703 1207 1740 in
1241 1702 1311 1741 line.
1343 1702 1425 1740 eius
1464 1700 1571 1748 libri,
1610 1703 1706 1740 tam-

67 1785 173 1825 quam
206 1771 456 1810 tristissimam
497 1773 766 1810 lortuuatorum
804 1769 888 1808 olim
926 1783 1086 1809 amorum
1125 1769 1414 1810 conclusionem.
1477 1770 1554 1810 Sed
1586 1770 1707 1819 magis

66 1840 264 1892 probabile
297 1843 382 1889 est,
427 1852 596 1879 seorsum
628 1844 666 1879 et
696 1840 862 1890 scriptos
894 1842 932 1879 et
962 1840 1086 1879 editos
1117 1839 1269 1879 libellos
1300 1841 1419 1879 fuisse
1450 1839 1707 1891 Incliynatio-

67 1922 175 1957 nem,
210 1912 248 1948 et
277 1909 425 1948 Diras.

153 1977 247 2016 Illud
281 1981 475 2029 utcumque
506 1978 577 2022 sit,
622 1977 706 2015 sive
749 1977 858 2016 datus
890 1979 950 2015 est
980 1976 1157 2015 militibus
1194 1988 1312 2025 ager,
1350 1977 1434 2015 slve
1471 1988 1542 2015 non
1575 1974 1706 2025 datus,

69 2045 165 2086 Cato
197 2059 276 2085 eum
308 2058 380 2084 non
412 2047 676 2095 recuperavit,
710 2047 782 2084 etsi
814 2044 960 2083 multum
991 2045 1086 2083 haud
1119 2045 1231 2083 dubie
1263 2057 1333 2083 non
1361 2044 1479 2083 solum
1503 2044 1706 2090 versibus,

68 2116 133 2153 sed
168 2115 277 2154 etiam
309 2114 384 2153 alio
416 2115 523 2152 modo
557 2114 766 2161 laboravit,
815 2118 853 2154 ut
895 2115 1026 2152 l'actam
1065 2113 1137 2152 sibi
1177 2114 1345 2151 iniuriam
1377 2115 1632 2163 patefaceret,
1663 2123 1708 2150 ac

69 2184 292 2222 vindicaret.
354 2183 483 2235 Atque
515 2182 600 2221 hinc
632 2196 731 2221 nova
762 2186 868 2222 aetas
889 2183 1045 2222 Catonis
1077 2183 1220 2233 incipit.
1282 2182 1434 2222 Romam
1466 2194 1509 2219 se
1532 2180 1704 2229 contulit,

69 2253 194 2304 ibique
226 2255 341 2291 totum
373 2265 415 2290 se
446 2252 584 2291 litteris
616 2252 739 2301 dedit,
772 2265 863 2304 quas
895 2252 1012 2303 primo
1045 2251 1193 2289 discere
1216 2252 1449 2301 accuratius,
1480 2263 1566 2288 mox
1598 2251 1706 2289 etiam

70 2321 209 2360 docere
241 2322 379 2372 coepit.
440 2321 533 2359 Tum
566 2321 684 2369 igitur
716 2322 1009 2361 Grammaticus
1042 2322 1164 2360 factus
1205 2324 1286 2366 est,
1326 2333 1397 2372 quo
1439 2333 1517 2359 eum
1558 2320 1705 2359 nomine

69 2391 199 2429 Furius
226 2389 431 2428 Bibaculus
464 2389 654 2438 celebrat,
688 2393 725 2428 et
756 2391 838 2440 ipse
861 2390 1088 2440 Suetonius3
1123 2389 1184 2428 vel
1207 2390 1432 2438 litterator,
1465 2391 1505 2427 ut
1524 2387 1707 2427 Messalla

70 2457 260 2498 Corvinus
292 2459 387 2509 apud
421 2458 578 2497 Sueton-
624 2457 682 2497 Ill.
716 2458 873 2497 Gramm.
907 2470 988 2510 cap.
1014 2474 1065 2496 ιν.
1129 2458 1206 2498 Sed
1239 2460 1434 2510 antequam
1467 2457 1612 2509 reliqua
1644 2457 1706 2495 vi-

69 2528 242 2576 deamus,
285 2528 330 2566 de
369 2540 409 2566 re
449 2529 668 2580 lortunaque
713 2526 872 2567 Catonis
911 2528 1128 2567 monendum
1174 2529 1253 2577 est,
1300 2539 1372 2578 qua
1410 2526 1496 2577 ille,
1537 2526 1706 2579 quanwis

69 2597 242 2647 privatus
274 2608 370 2644 agro
404 2595 467 2634 illo
500 2608 592 2645 sue,
633 2609 701 2647 per
732 2599 874 2648 partem
908 2598 1110 2648 temporis,
1143 2596 1240 2649 quod
1274 2596 1416 2635 Romae
1454 2597 1556 2644 egit,
1589 2595 1702 2638 satis,

71 2667 110 2703 ut
141 2665 309 2709 videtur,
344 2663 530 2702 luculenta
562 2678 651 2703 usus
684 2668 755 2704 cst.
816 2666 908 2705 Nam
942 2666 1066 2704 villam
1107 2665 1250 2704 habuit.
1315 2664 1548 2703 Suetonius:
1600 2663 1706 2703 th't

70 2734 126 2773 ad
155 2741 366 2773 extremam
399 2740 621 2783 senectam,
656 2735 729 2773 secl
761 2737 800 2773 in
832 2749 981 2775 smnma
1008 2737 1205 2788 pauperie
1234 2741 1272 2773 el
1294 2747 1424 2787 paene
1448 2735 1608 2784 inopia,
1633 2732 1706 2770 ab-

71 2804 178 2843 ditas
199 2803 350 2841 modico
373 2805 605 2853 qurum-lio,
637 2809 850 2857 postquam
871 2805 1107 2844 Tusculana
1138 2804 1240 2843 villa
1271 2803 1534 2843 creditoribus
1566 2815 1704 2841 cesse-

72 2877 158 2921 rat,
191 2878 233 2911 vt
265 2879 407 2910 (tactor
437 2878 500 2910 est
525 2871 762 2912 Bibaculus.
822 2874 877 2912 Ea
909 2874 955 2912 de
986 2885 1027 2912 re
1058 2874 1182 2911 nurum
1214 2885 1319 2925 quam
1352 2873 1477 2922 inepta
1496 2869 1704 2909 Boxliornii

72 2941 274 2980 Animadv.
319 2940 354 2978 in
390 2940 470 2978 Dir.
505 2954 544 2978 v.
581 2943 614 2977 l.
649 2945 713 2979 82.
746 2942 872 2992 opinio
904 2945 984 2991 est,
1026 2943 1129 2993 prius
1170 2953 1321 2992 poema,
1362 2940 1702 2990 Incliqnalc‘onem,

74 3008 109 3047 in
141 3010 278 3051 milites
311 3009 490 3050 Sullanos
524 3008 701 3049 directum
725 3010 862 3056 l'uisse,
885 3009 958 3051 hoc
982 3013 1104 3052 autem
1126 3012 1316 3061 nostrum,
1346 3010 1505 3060 Diras,
1537 3011 1705 3050 extrema
