2006 3365
294 136 396 182 314
877 132 1240 173 DISSER'PATIO
1278 133 1346 173 111.

294 248 501 297 Thuaneo,
533 247 764 292 petaviano,
794 245 1048 296 Augustam,
1080 248 1216 298 credo,
1249 248 1285 286 in
1317 249 1451 301 quibus
1481 256 1596 291 troas
1623 251 1813 290 semaluos
1843 251 1928 291 1ι.ι·.

295 318 357 356 ubi
384 317 484 355 duos
524 319 683 365 apparet
721 315 838 354 ‹luc-is
884 327 1000 354 esse:
1041 329 1062 354 o
1094 318 1229 354 tactum
1261 329 1310 355 ex
1342 319 1391 356 ei.
1453 318 1763 370 Orthographiea
1795 320 1827 358 si
1859 332 1928 358 au-

295 385 374 423 dire
406 385 539 431 iuvat,
585 396 697 436 quom
728 384 762 421 in
798 383 913 422 Voss.
945 387 1012 424 81.
1063 398 1146 423 cum
1177 384 1213 422 in
1248 385 1414 435 August.
1449 392 1487 425 et
1519 387 1659 426 Litora
1691 388 1727 426 in
1760 391 1928 439 utroque.

293 454 393 491 haec
434 452 605 505 torifira
646 451 815 501 August.
878 465 914 490 v.
942 458 1036 492 308.
1077 452 1166 492 Vidi
1195 456 1235 492 in
1266 454 1427 494 classes
1459 460 1537 493 tres
1569 454 1621 492 illi
1654 456 1814 507 antiqui,
1849 468 1929 494 cum

294 521 489 558 manifesto
526 520 617 558 vitio
651 522 817 559 metrico.
887 521 1029 561 Videre
1059 521 1265 560 inclasses
1291 522 1504 561 Vossianus
1528 528 1592 561 81.
1625 527 1663 562 et
1691 523 1834 564 Videre
1856 524 1930 562 bo-

294 600 365 626 nus
397 587 459 625 ille
490 587 586 626 liber
604 588 855 638 Mutinensis,
888 590 945 627 cui
979 589 1117 641 reliqua
1145 602 1223 628 cum
1253 590 1411 639 vulgata
1434 592 1651 629 communia.
1716 592 1783 631 Est
1808 597 1931 631 autem

295 656 453 705 vulgata
484 658 690 707 scriptura,
714 659 855 697 codicis
888 658 1006 697 Basil.
1039 658 1209 697 Venetae
1232 658 1331 697 Rub.
1356 658 1581 698 Vicentinae
1613 663 1651 698 et
1682 660 1863 700 Vossiani
1882 660 1931 700 li.

293 724 412 763 baec:
457 725 622 764 Littera
654 740 737 765 cum
767 733 881 766 troas
915 730 1031 767 saeui
1061 740 1133 766 uos
1180 726 1286 774 (uox
1317 726 1468 765 Vieent.
1502 731 1540 766 et
1571 727 1689 766 Voss.
1722 728 1800 778 ΙΙ.)
1832 730 1870 768 Ιι.
1903 731 1930 768 ἰ.

302 794 455 834 Viderit
486 795 578 833 incl.
640 795 791 835 Veneta
831 796 1023 835 Acbatis:
1064 796 1252 835 Littera:
1294 810 1378 835 cum
1416 799 1546 835 troius
1587 799 1699 836 sceui
1730 811 1801 837 uos
1832 799 1869 838 Ιι.
1903 800 1930 836 ἰ.

300 862 477 902 Vertere!
507 867 546 903 in
578 864 628 903 cl.
662 877 741 903 noa·
777 868 814 904 et
857 865 1038 914 Viderit,
1080 869 1119 904 ut
1163 866 1388 914 vicentina,
1427 866 1536 904 etiam
1579 866 1613 903 in
1648 866 1737 904 Aldi
1768 867 1933 905 editione

293 943 358 978 ea,
392 944 488 983 quae
519 933 659 983 prodiit
689 933 770 971 sine
801 935 885 971 anni
918 934 1071 973 indicio.
1137 934 1260 974 Troes
1293 936 1457 973 sortasse
1479 934 1605 972 Bembi
1633 935 1820 974 inventum
1849 938 1931 981 est,

293 1002 354 1053 qui
386 1001 504 1039 locum
537 1002 588 1039 ita
620 1005 838 1052 conceptum
871 1002 1056 1041 exhibet:
1090 1002 1279 1051 Littera,
1312 1017 1398 1042 cum
1433 1003 1556 1042 Troes
1588 1005 1708 1042 saevi
1738 1016 1811 1043 vos
1844 1004 1932 1043 He-

293 1073 416 1108 ctoris
449 1071 512 1108 ira
545 1069 689 1109 Videre
720 1072 759 1108 in
791 1071 954 1110 classes
977 1075 1049 1110 etc.
1111 1072 1152 1110 In
1185 1072 1315 1110 codice
1348 1071 1478 1110 Bembi
1512 1084 1581 1110 non
1613 1071 1723 1111 aliter
1754 1073 1932 1123 scriptum

292 1139 414 1177 fuisse
445 1140 675 1189 putaverim,
722 1152 827 1191 quam
869 1143 929 1178 est
972 1141 1006 1178 in
1047 1140 1258 1190 Tbuaneo,
1297 1141 1432 1180 Petav.
1476 1146 1513 1180 et
1554 1143 1814 1190 Augustano:
1861 1142 1932 1179 nisi

292 1209 392 1246 forte
431 1207 571 1246 Ve'dere
602 1208 713 1246 fuerit
746 1209 780 1246 in
814 1207 891 1246 illo.
952 1208 1036 1247 Non
1078 1209 1238 1260 impedio
1281 1210 1375 1247 enim
1417 1210 1609 1261 quominus
1649 1210 1785 1262 aliquis
1818 1210 1932 1248 Bem-

292 1276 415 1315 binum
447 1277 612 1314 codicem
651 1276 842 1328 aliquanto
881 1277 1002 1315 tribus
1041 1276 1115 1315 illis
1154 1279 1294 1316 nostris
1337 1278 1524 1316 meliorem
1561 1280 1681 1317 fuisse
1727 1279 1932 1317 existimet.

293 1344 570 1395 Apostrophen
603 1347 692 1384 facit
723 1347 830 1384 etiam
858 1346 1024 1395 Badius,
1056 1346 1124 1385 sed
1144 1348 1311 1385 retinens
1339 1347 1499 1397 priscam
1531 1348 1749 1398 scripturam
1777 1347 1931 1395 Troas,

294 1412 391 1452 hunc
424 1414 459 1451 in
491 1414 660 1452 modum:
703 1426 781 1453 cum
822 1415 876 1453 ira
909 1415 1086 1454 Hectoris
1117 1416 1224 1454 saevi
1259 1416 1397 1454 viderit
1430 1428 1500 1454 vos
1531 1416 1656 1455 Troas
1687 1420 1841 1467 paratos
1873 1416 1933 1454 in-

293 1482 407 1520 ferre.
470 1481 641 1534 Denique
673 1487 840 1522 extremo
875 1496 986 1521 versu
1014 1488 1109 1523 308.
1149 1485 1326 1537 pelaqas
1360 1486 1500 1524 vitiose
1536 1486 1704 1534 August.
1765 1498 1803 1523 v.
1837 1488 1932 1524 309.

299 1550 826 1607 Uulneratelaneetese‘ynaf
840 1554 992 1605 inferre
1014 1554 1194 1607 paratos
1205 1554 1377 1603 August.
1412 1553 1473 1592 vel
1505 1568 1576 1593 nec
1605 1560 1645 1594 te
1674 1554 1833 1607 siquas,
1853 1566 1932 1592 nam

294 1630 413 1669 saepe
446 1618 516 1657 hoe
547 1621 583 1658 in
615 1621 744 1659 codice
775 1634 867 1672 quas
898 1621 1070 1672 syllabas
1103 1623 1228 1671 iungi,
1261 1635 1353 1674 quas
1385 1635 1457 1661 non
1489 1623 1596 1672 iungi
1628 1623 1791 1662 voluerit
1815 1622 1932 1661 libra-

294 1687 391 1737 rius,
424 1687 602 1726 incertum
635 1693 715 1739 est3
756 1692 794 1727 et
831 1692 1002 1740 profecto
1041 1703 1112 1728 non
1152 1703 1301 1742 semper
1343 1692 1445 1742 ipse,
1486 1693 1572 1744 quid
1611 1692 1819 1740 scriberet,
1853 1693 1932 1730 sei-

296 1755 402 1793 visse
435 1756 598 1795 videtur.
660 1757 906 1796 Memorabile
937 1762 1057 1797 autem
1100 1763 1181 1808 est,
1229 1760 1391 1798 eunidem
1434 1761 1623 1799 scribendi
1657 1773 1790 1799 morem
1822 1761 1931 1800 etiam

293 1824 330 1861 in
362 1823 543 1863 Tliuaneo
586 1829 624 1865 et
663 1826 873 1865 Petaviano
915 1827 1016 1866 cerni
1060 1827 1121 1867 hic
1160 1828 1248 1866 illic.
1320 1828 1368 1867 Ut
1406 1828 1477 1868 hoc
1521 1828 1603 1868 loeo
1644 1830 1808 1868 Vossius
1840 1842 1933 1868 nece

295 1894 438 1944 siquas
472 1906 521 1931 ex
552 1893 754 1944 Tliuaneo‚
801 1903 887 1935 nete
928 1900 1071 1948 siquas
1118 1910 1168 1936 ex
1209 1897 1419 1936 Petaviano
1457 1899 1665 1936 annotavit.
1727 1896 1787 1937 Cf.
1819 1910 1934 1948 supra

294 1974 332 2013 p.
365 1966 460 2002 303.
493 1962 539 2001 de
572 1963 715 2004 Culicis
748 1978 785 2002 v.
821 1968 912 2004 118.
1031 1968 1199 2004 extremo
1232 1979 1345 2006 versu
1380 1970 1475 2006 309.
1503 1974 1681 2020 paralas
1714 1965 1832 2005 Voss.
1864 1969 1932 2005 Sl.

381 2100 582 2152 Postquam
624 2101 669 2139 de
713 2101 945 2153 apostropha
984 2103 1085 2152 dixi,
1127 2105 1205 2143 fere
1247 2104 1422 2143 absoluta
1462 2109 1574 2156 atque
1614 2103 1801 2143 exhausta
1846 2115 1934 2142 esse

295 2168 428 2212 video,
472 2182 566 2220 (suae
607 2170 653 2208 de
692 2170 854 2209 dictione
895 2169 1053 2210 Catonis
1095 2173 1131 2211 in
1172 2173 1389 2211 universum
1427 2174 1666 2212 observanda
1705 2171 1830 2210 habui.
1893 2171 1933 2210 in

295 2236 460 2285 singulis
492 2237 585 2275 loeis
616 2250 660 2276 ac
693 2240 820 2277 verbis
852 2253 945 2291 (pias
977 2240 1087 2289 leges
1120 2241 1269 2279 criticas
1302 2241 1387 2279 milii
1421 2242 1588 2280 fecerim.
1623 2242 1753 2291 partim
1778 2241 1812 2278 in
1835 2241 1933 2279 Ani-

296 2305 620 2344 madversionibus
653 2307 852 2346 indicatum
893 2312 970 2354 est,
1011 2310 1141 2359 partim
1173 2313 1307 2359 sponte
1339 2310 1516 2362 quisque,
1559 2323 1624 2348 cur
1662 2310 1733 2348 boc
1764 2310 1935 2360 scripse-

297 2374 384 2423 rim,
417 2385 488 2411 non
522 2374 629 2423 illud,
661 2376 858 2414 divinabit.
922 2377 999 2415 Sed
1032 2380 1152 2415 tamen
1186 2377 1245 2415 hic
1265 2390 1410 2429 quoque
1437 2378 1674 2428 monendum,
1707 2378 1800 2416 duas
1831 2391 1933 2416 sem-

296 2455 365 2493 per
396 2443 482 2480 mihi
515 2449 601 2481 ante
633 2444 764 2482 oculos
798 2446 1019 2495 praecipuas
1052 2445 1161 2495 leges
1201 2447 1347 2484 fuisse:
1391 2448 1528 2496 primo,
1571 2450 1610 2485 ut
1642 2460 1747 2499 quam
1779 2459 1932 2497 possem

297 2512 441 2550 minime
473 2525 493 2549 a
526 2513 703 2561 vestigiis
736 2512 932 2562 librorum,
964 2515 1321 2566 antiquissimorum,
1365 2515 1730 2565 probatissimorum,
1771 2514 1932 2554 recede-

297 2593 372 2619 rem
395 2594 403 2619 :
437 2585 666 2633 quapropter
698 2581 940 2620 distinctione
971 2582 1149 2621 adiuvare
1172 2588 1343 2633 poetam,
1376 2596 1480 2635 quam
1507 2585 1710 2623 mutatione
1734 2584 1931 2622 verborum

298 2649 430 2699 malui,
464 2655 501 2689 ut
533 2649 606 2687 illis
638 2649 752 2694 locis,
795 2652 927 2702 quibus
958 2650 1203 2701 parenthesin
1235 2652 1406 2700 restitui,
1443 2651 1503 2690 vel
1535 2651 1814 2702 apostroplien3
1861 2650 1932 2689 de-

299 2718 405 2765 inde,
440 2717 529 2756 nihil
563 2722 600 2757 ut
632 2723 805 2757 mutarem
837 2718 918 2757 solo
951 2719 1169 2768 elegantiae
1200 2721 1337 2759 studio.
1398 2722 1726 2759 persuasissimum
1746 2724 1805 2758 est
1825 2719 1931 2769 milii,

300 2800 400 2824 suam
433 2787 620 2839 quamdam
654 2788 789 2827 Catoni
821 2787 1019 2826 dictionem
1053 2788 1330 2840 relimpiendam
1362 2802 1478 2828 esse:
1511 2802 1612 2828 suam
1633 2788 1929 2839 simplieitatem,

303 2855 363 2894 vel
395 2857 502 2894 etiam
534 2857 819 2899 obscuritatem,
861 2856 1073 2905 audaciam,
1107 2857 1353 2897 insolentiam.

386 2923 590 2964 Insolentia
623 2924 682 2964 vel
716 2926 900 2974 obscura,
933 2930 1088 2976 propter
1120 2925 1345 2966 brevitatem
1376 2928 1554 2975 maxime,
1587 2924 1680 2964 haec
1711 2928 1816 2966 sunt:
1855 2925 1931 2966 Ve-

300 2997 407 3032 neris
446 2995 653 3048 stipendia
692 2994 772 3033 Ecl.
798 3008 836 3034 v.
860 2997 924 3034 13.
1005 2994 1055 3034 In.
1098 2997 1221 3036 vicem
1259 2995 1452 3047 absolute,
1486 3008 1524 3034 v.
1556 2997 1622 3034 40.
1684 2993 1826 3034 Omnia
1856 3008 1931 3035 vos
