2006 3365
166 46 267 92 184
725 47 1258 89 ANIMADVERSIONES

164 150 202 187 et
244 147 416 198 August.
461 153 746 203 insparqz'tque
784 151 913 189 micas
958 150 1042 188 cod.
1082 150 1174 188 Bas.
1217 154 1255 190 et
1296 150 1415 191 Voss.
1447 152 1497 192 11.
1537 166 1616 192 cum
1659 155 1823 194 Venetis

162 216 263 256 Rub.
298 217 400 255 lens.
443 220 607 270 spargit
638 214 768 269 miya‘s
801 217 1004 257 deficiente
1035 218 1187 268 syllaba
1229 232 1322 269 una,
1363 220 1558 261 Guelt'erb.
1593 223 1690 262 Gud.
1724 225 1820 262 342.

162 284 219 324 At
248 287 437 337 asperyz‘t
467 287 595 324 micas
628 284 747 324 Voss.
782 289 846 325 81.
882 289 920 325 et
950 286 1048 325 Mut.

248 423 298 461 V.
335 422 400 458 47.
435 420 572 472 (150.)
607 431 766 465 AUREA
795 432 912 474 QU1N
939 432 1089 466 ΕΤΙΑΜ
1116 433 1250 475 QUOM
1276 434 1493 469 SAECULA
1527 437 1567 469 v.

161 489 443 538 Augustanus,
479 493 518 528 ut
549 489 648 530 solet
681 491 913 529 confundere
946 491 1145 541 syllabas,
1180 496 1231 532 A.
1258 497 1325 547 qui
1356 501 1421 534 net
1453 494 1594 534 iamed
1626 509 1702 534 sae
1728 496 1822 535 cala

159 571 196 595 u.
274 570 387 610 quom
418 557 543 606 Angl.
575 559 667 596 Bas.
743 560 957 598 volvebant
990 560 1096 598 Mon.
1130 560 1179 599 ΙΙ.

245 624 403 664 Transit
434 629 550 676 poeta
580 627 626 664 ad
648 630 808 665 aetatem
830 627 1042 677 heroicam,
1075 630 1186 682 eique
1218 631 1384 679 invidet,
1419 632 1515 682 quod
1541 633 1637 680 tum,
1672 635 1710 670 ut
1734 637 1821 671 ante

159 692 254 741 diis,
298 692 422 732 libere
453 706 600 743 amare,
642 698 679 734 et
726 695 884 746 explere
917 697 1148 747 cupiditates
1180 697 1343 736 licuerit.
1407 698 1527 738 Culus
1561 700 1613 737 rei
1647 700 1822 750 exempla

159 761 231 799 duo
263 763 369 812 ponit
401 766 438 802 et
469 763 690 810 notissima,
731 767 769 802 et
813 765 857 803 ad
893 765 1152 803 declarandam
1185 767 1322 804 amoris
1357 766 1628 805 vehementiam
1660 769 1819 817 aptissi-

160 842 242 868 ma:
275 830 502 880 puellarum,
536 844 632 883 quae
656 833 861 882 impotente
889 846 1012 871 amore
1043 846 1112 883 per
1140 838 1262 872 terras
1294 846 1338 872 ac
1363 836 1477 872 maria
1508 841 1691 886 sequutae
1717 848 1819 874 ama-

159 901 264 936 tores
295 911 408 948 su0s‚
443 911 557 938 caeco
591 901 699 938 animi
732 901 885 951 impetu.
947 901 1094 953 Quibus
1128 903 1314 953 exemplis
1348 916 1444 942 cave
1477 916 1522 941 ne
1556 905 1704 943 tacitam
1737 904 1820 954 Ly-

159 966 242 1005 diae
280 967 615 1017 reprehensionem
661 970 846 1007 contineri
887 971 1070 1020 opineris.
1133 970 1325 1024 Nusquam
1365 971 1462 1011 Cato
1495 972 1651 1023 Lydiam
1685 985 1820 1023 reprc-

158 1033 313 1084 hendit,
347 1040 410 1074 aut
443 1049 511 1086 per
529 1036 687 1086 Lydiam
720 1041 845 1085 stare,
880 1051 951 1089 quo
985 1040 1103 1077 minus
1137 1040 1220 1090 ipse
1254 1042 1335 1078 eins
1369 1042 1616 1079 contubernio
1651 1043 1818 1089 fruatur,

156 1103 365 1151 significat.
441 1105 556 1143 Vitae
593 1105 821 1143 recentioris
865 1118 988 1144 mores
1032 1112 1145 1158 atque
1187 1110 1358 1148 instituta
1400 1111 1566 1159 incusat,
1610 1123 1678 1161 per
1725 1123 1820 1161 quae

156 1170 235 1209 lieri
267 1175 452 1224 nequeat,
488 1176 527 1212 ut
557 1176 621 1212 aut
653 1173 775 1222 LydIa
809 1174 948 1226 ubique
982 1187 1062 1212 cum
1096 1176 1203 1226 ipso,
1236 1181 1300 1215 aut
1331 1179 1414 1227 ipse
1447 1191 1596 1228 semper
1628 1191 1707 1216 cum
1737 1178 1818 1228 Ly-

156 1239 216 1277 dia
248 1239 409 1279 habitet.
470 1242 610 1280 Aurea
643 1241 702 1279 hic
735 1243 912 1281 inusitate
945 1243 1037 1281 dicit
1069 1246 1270 1283 saecula:
1314 1245 1496 1295 intelligit
1529 1246 1646 1294 enim,
1680 1251 1718 1286 ut
1750 1260 1819 1285 os-

157 1308 313 1348 tendunt
344 1309 539 1360 exempla,
580 1312 741 1349 aetatem
774 1322 881 1362 quffln
914 1311 1070 1349 dicimus
1103 1311 1305 1351 heroicam.
1340 1314 1387 1352 cs.
1422 1326 1508 1352 mox
1541 1314 1585 1352 ad
1623 1328 1660 1353 v.
1695 1316 1760 1352 7⁴.

240 1445 290 1484 V.
327 1449 392 1485 ⁴8.
428 1445 564 1496 (151.)
593 1456 818 1490 COan‘rlo
845 1457 1029 1491 SlMILlS
1056 1458 1243 1492 FUERAT
1273 1460 1584 1494 MORTALIBUS
1611 1460 1747 1494 lLLlS.

242 1512 368 1552 Doleo
402 1513 497 1553 haec
527 1526 548 1552 a
580 1516 861 1554 recentioribus
894 1517 1107 1556 editoribus
1153 1518 1382 1569 interpolata
1421 1520 1563 1569 tuisse,
1609 1532 1687 1558 cum
1720 1520 1818 1559 bene

153 1579 318 1620 habeant
352 1586 506 1620 veteres
539 1584 702 1621 excusi:

327 1651 515 1690 Conditz'o
548 1651 695 1690 similis
726 1653 868 1704 fuerat
898 1654 1137 1693 modalibus
1171 1655 1257 1694 illis

329 1719 444 1759 Haec
477 1733 643 1774 qnoque.
674 1727 890 1774 praeterea
931 1729 1060 1761 nolum
1093 1723 1298 1762 stlinoz‘dis
1332 1730 1498 1763 astrum.
1584 1734 1716 1768 SCAL.

153 1786 259 1839 Quae
291 1787 517 1826 observatio
550 1791 674 1838 magis
706 1790 750 1827 ad
795 1795 1014 1842 sequentem
1057 1805 1207 1830 versum
1250 1793 1441 1843 pertinet:
1487 1807 1566 1831 nam
1609 1794 1655 1832 de
1695 1795 1814 1833 inter-

152 1856 356 1905 punctione
389 1857 550 1895 maxime
582 1857 759 1909 loquitur.
823 1859 958 1910 Neque
992 1872 1120 1898 verum
1153 1864 1238 1910 est,
1273 1862 1370 1913 qumi
1404 1862 1541 1914 aliquis
1575 1863 1736 1912 colligat
1766 1876 1814 1901 ex

154 1923 287 1962 verbis
320 1924 534 1974 &alig-cri,
574 1927 715 1978 fuerat
753 1939 841 1965 esse
873 1929 907 1965 in
944 1929 1143 1966 veteribus
1176 1930 1345 1967 excusis.
1410 1930 1448 1967 ln
1480 1931 1658 1980 scriptis,
1692 1930 1814 1970 Galli-

153 1993 258 2029 canis
290 2005 352 2043 ap.
387 1994 523 2032 Helns.
558 1999 596 2034 et
629 1995 882 2044 Augustano,
927 1995 1070 2035 Medic.
1107 1997 1224 2035 Voss.
1260 1997 1288 2035 1.
1322 1999 1354 2035 si
1387 2000 1412 2036 f.
1447 2011 1478 2035 S.
1512 1998 1618 2037 Leid.
1653 2002 1690 2037 et
1721 1998 1812 2037 reli-

151 2061 236 2112 quis
269 2063 387 2110 meis,
431 2063 592 2115 itemque
632 2065 665 2101 in
699 2064 830 2112 editis,
874 2078 967 2116 quos
1003 2078 1094 2103 vere
1129 2070 1283 2104 veteres
1317 2067 1481 2109 dixeris,
1524 2068 1717 2115 omnibus,
1753 2071 1812 2105 et-

151 2130 222 2167 iam
256 2131 529 2180 Ascensianis‚
557 2132 740 2181 Ald²nis,
775 2134 1000 2187 similisque
1030 2135 1137 2185 foret
1170 2134 1325 2183 legitur.
1388 2135 1489 2173 Nihil
1523 2136 1647 2174 tribuo
1680 2139 1814 2175 manui

150 2198 302 2246 Pieris,
337 2210 432 2249 quae
463 2201 605 2251 fuerat
637 2201 782 2240 adlevit
812 2207 911 2240 teste
941 2203 1178 2251 Burmanno,
1214 2204 1286 2241 etsi
1309 2203 1456 2241 multum
1480 2203 1673 2242 tribuebat
1692 2203 1812 2241 Hein-

150 2266 256 2313 sius,
289 2267 349 2318 qui
382 2265 453 2305 hac
484 2267 567 2306 sola
599 2271 849 2317 auctoritate,
885 2273 923 2308 ut
955 2275 1067 2320 puto,
1101 2271 1236 2309 scribit
1263 2283 1272 2307 ι
1320 2272 1444 2309 fuerat
1475 2279 1604 2310 tamen
1636 2273 1712 2311 acii
1743 2286 1811 2312 00-

151 2334 278 2374 dices.
341 2334 419 2372 Sed
465 2335 722 2388 undecumque
764 2339 912 2376 venerit
951 2340 1111 2389 fuerat,
1156 2343 1296 2377 certum
1330 2340 1503 2387 videtur,
1552 2340 1647 2379 hanc
1685 2353 1811 2379 veram

149 2414 238 2440 esse
271 2405 417 2452 poetae
442 2416 597 2442 manum.
661 2405 747 2454 Ego
787 2405 875 2443 illud
917 2407 1069 2456 repperi
1112 2408 1146 2445 in
1190 2405 1307 2445 Basil.
1352 2406 1460 2457 ssryl.
1500 2411 1618 2447 1543.
1682 2408 1808 2456 Lugd.

151 2473 273 2509 1556.
346 2471 635 2521 Scaligeranis‚
687 2477 724 2511 et
767 2473 942 2522 Pithoei,
988 2474 1111 2524 bugd.
1163 2477 1285 2513 1592.
1330 2478 1367 2512 et
1414 2476 1510 2525 apud
1558 2478 1806 2515 recentiores.

150 2540 342 2578 Condicio
374 2539 526 2578 Thuan.
572 2541 732 2579 Vratisl.
766 2541 796 2580 1.
845 2542 954 2580 Rom.
990 2542 1018 2580 Ι.
1054 2544 1142 2582 ssas.
1177 2542 1273 2581 mut.
1337 2544 1549 2583 Condz'etio
1582 2544 1703 2583 Paris.
1737 2543 1806 2582 [V.

147 2609 386 2662 similisque
413 2609 504 2659 fere
535 2610 633 2647 coni.
668 2610 800 2648 Heius.

233 2746 282 2785 V.
318 2750 385 2786 49.
419 2745 556 2797 (152.)
595 2755 719 2789 HAEC
752 2755 942 2798 QUOQUE
970 2756 1274 2790 PRAETEREO:
1310 2756 1479 2791 No'rum
1505 2756 1738 2790 MiNoinos
1765 2757 1804 2790 A.

146 2814 221 2852 Hic
252 2827 401 2867 quoque
442 2815 582 2865 prima,
623 2816 797 2867 quantum
839 2814 926 2853 mihi
960 2816 1106 2867 quidem
1141 2818 1312 2865 constat,
1357 2829 1465 2866 opem
1505 2817 1578 2854 sert
1620 2815 1806 2864 ignobilis

144 2880 207 2919 illa
240 2882 478 2923 Basileensis
511 2882 691 2933 Bryling.
733 2885 849 2922 1543.
896 2884 930 2921 in
974 2896 1046 2936 qua
1085 2885 1228 2923 diserte
1258 2891 1491 2937 praetereo,
1536 2886 1574 2922 ut
1606 2885 1693 2933 post
1725 2895 1804 2922 eam
