2006 3365
518 177 571 215 ΙΝ
605 176 824 217 VALERH
857 176 1094 217 CATONIS
1128 177 1306 217 DIRAS.
1637 182 1738 225 127

98 294 137 329 ut
167 289 339 329 habuerit
369 303 415 329 en
448 290 662 340 Palatinus,
694 291 757 329 vel
790 290 975 340 Palatini,
1017 303 1111 330 cave
1142 304 1188 330 ne
1219 292 1472 342 amplectaris.
1534 291 1625 329 Plus
1657 296 1738 341 est,

97 360 169 397 nisi
201 358 334 407 fallor,
367 359 401 396 in
434 358 676 408 simplicitate
708 360 779 398 ista
811 361 1039 398 maiestatis:
1072 373 1150 398 sum
1174 361 1288 409 deus,
1321 361 1460 412 inquit,
1491 363 1529 398 et
1555 361 1638 398 istis
1672 373 1737 398 re-

97 428 168 466 bus
200 427 327 477 gestis
358 428 520 475 sanguis
552 440 595 466 se
628 432 756 466 noster
787 427 992 478 approbat:
1026 440 1100 478 ego
1132 441 1209 465 sum
1242 429 1357 477 (leus,
1390 432 1427 467 et
1446 428 1649 477 Augustus
1679 428 1739 467 his

97 497 208 535 factis
239 507 283 533 se
314 496 535 543 sangninem
569 508 656 533 esse
684 502 869 541 nostrum,
903 494 975 533 hoc
999 500 1080 543 est,
1113 496 1231 545 ipsum
1259 509 1405 547 quoque
1429 497 1556 545 deum,
1588 497 1736 547 probat.

96 565 138 603 In
168 565 296 615 priore
326 575 443 602 versu
475 563 591 602 malim
624 577 702 602 cum
735 562 967 602 Laclimanno
998 565 1190 611 miratur,
1232 564 1299 601 sed
1332 577 1445 601 sensu
1488 578 1647 615 prorsus
1678 566 1737 603 di-

96 644 234 670 verso:
269 634 305 670 ut
338 633 385 670 sit
418 633 524 683 quasi
555 636 703 671 mircms
737 634 808 670 ast.
858 632 913 670 At
943 631 1039 680 apud
1073 629 1253 669 Catonem
1287 633 1482 680 egregiam
1514 637 1551 672 et
1582 647 1739 685 prorsus

97 713 198 738 suam
232 700 305 737 vim
336 699 452 738 hahet
481 715 529 739 eu
571 699 775 751 particula:
824 699 997 737 admonet
1037 700 1132 737 enim
1172 699 1310 751 aliquid
1350 701 1473 748 magni
1515 705 1555 740 et
1591 703 1626 739 in
1666 714 1738 754 quo

96 767 243 808 multum
275 770 445 807 momenti
478 771 548 816 sit,
582 771 819 820 sequuturum
844 779 944 805 esse.
978 766 1073 819 Quid
1097 769 1216 806 autem
1240 768 1356 805 maius
1380 771 1418 806 et
1441 770 1614 818 gravius,
1631 782 1737 821 quam

97 835 256 876 ultimum
290 838 423 876 intueri
455 841 601 888 poetam
634 849 784 886 campos
817 831 937 873 suos?
968 835 1100 887 ltaque
1131 834 1226 874 haec
1256 836 1426 874 breviter
1458 839 1644 876 sententia
1664 838 1737 876 loci

96 907 168 944 est.
219 905 299 945 Sed
330 905 402 944 hoc
435 905 650 944 exornavit.
697 904 800 943 Dicit
830 905 923 942 enim
956 916 1026 941 non
1060 904 1231 943 ulte'mum
1264 904 1324 942 vel
1358 907 1614 944 novissimum
1646 907 1736 944 sim-

95 973 264 1024 pliciter,
298 974 365 1012 sed
394 976 524 1026 prima
554 977 797 1021 novissima,
832 972 894 1011 vel
924 975 1078 1025 prima,
1112 975 1334 1012 novissima
1366 985 1444 1011 cum
1475 974 1737 1019 distinctione,

95 1046 134 1080 ut
165 1046 224 1080 est
255 1043 289 1080 in
321 1043 439 1092 prima
469 1041 583 1090 Aldi,
615 1042 883 1090 Lugd.·1529.
917 1042 1006 1080 Bas.
1032 1041 1081 1079 H.
1101 1042 1145 1080 P.
1169 1045 1290 1080 1561.
1310 1041 1609 1091 Scaligeranis,
1635 1043 1737 1082 Pith.

95 1109 261 1162 reliqui&
322 1111 386 1149 Ab
419 1110 571 1157 iisdem,
613 1114 763 1161 praeter
794 1110 968 1148 Aldinam
999 1110 1049 1148 ll.
1082 1112 1120 1148 et
1150 1109 1366 1160 pithoeum,
1405 1115 1508 1149 recte
1540 1112 1736 1162 interpun-

94 1179 168 1217 ctio
200 1180 310 1218 ahest
340 1180 375 1217 in
408 1180 478 1217 fine
510 1191 670 1224 versus„
703 1183 740 1217 ut
771 1179 881 1217 etiam
914 1179 960 1216 ab
992 1178 1078 1216 aliis
1107 1177 1316 1227 nonnullis,
1350 1191 1442 1231 quas
1466 1191 1579 1230 supra
1605 1191 1735 1218 recen-

94 1249 165 1285 sui.
221 1252 350 1300 prima
381 1250 603 1287 novissima
637 1252 790 1286 intueor
821 1261 927 1299 quum
960 1247 1070 1296 dicit,
1103 1248 1315 1297 significat,
1348 1248 1407 1285 diu
1439 1261 1482 1286 se
1514 1248 1670 1286 haerere
1702 1250 1737 1286 in

93 1315 167 1355 hoc
198 1316 321 1355 ultimo
353 1317 536 1366 adspectu
569 1329 778 1366 camporum
803 1329 971 1366 suorum,
1003 1319 1041 1354 et
1064 1328 1160 1354 nunc
1188 1317 1362 1366 primum,
1395 1329 1491 1355 nunc
1515 1318 1738 1365 secundum,

96 1397 190 1424 nunc
221 1386 393 1434 tertium,
426 1385 584 1436 denique
616 1389 782 1437 quartum
822 1390 860 1423 et
898 1384 1057 1423 ultimum
1088 1385 1222 1423 intueri
1255 1397 1429 1435 campos:
1472 1389 1512 1424 ut
1551 1387 1640 1424 savit
1677 1387 1737 1437 qui

95 1465 213 1503 aegre
246 1454 436 1492 divellitur
466 1454 511 1491 al)
544 1453 668 1505 aliquo
701 1454 897 1504 adspectu.
958 1454 1132 1491 Eamdem
1172 1466 1245 1491 rem
1286 1453 1440 1492 ulterius
1471 1454 1638 1493 declarat
1668 1455 1738 1492 ad-

96 1522 209 1561 ditum
243 1534 355 1561 versu
387 1535 468 1573 seq.
503 1522 668 1573 louyum.
705 1522 875 1573 Denique
901 1522 1014 1560 nobis
1043 1534 1113 1559 non
1138 1523 1298 1560 otiosum
1330 1527 1413 1571 est3
1445 1523 1603 1573 opponit
1626 1527 1741 1574 poeta

97 1604 140 1628 sc
171 1591 299 1630 militi:
331 1591 418 1629 mihi
449 1590 510 1629 hic
542 1591 689 1629 ultimus
721 1590 927 1641 adspectus
955 1600 1164 1640 camporum
1190 1593 1269 1640 est,
1302 1596 1424 1631 manet
1449 1592 1484 1629 in
1511 1591 1586 1630 illis
1620 1591 1740 1630 miles.

182 1660 242 1699 De
272 1659 519 1710 productione
558 1659 692 1712 Tuque
730 1661 880 1698 resiste
909 1665 1055 1712 pater:
1097 1671 1143 1697 en
1183 1657 1220 1696 hi
1261 1660 1334 1698 loci
1371 1660 1581 1699 sufficiant:
1624 1660 1739 1710 Vin-g.

99 1727 179 1766 Ecl.
211 1728 281 1768 IX.
317 1733 383 1767 66.
415 1728 466 1768 Χ.
501 1732 567 1767 69.
606 1729 707 1767 Aen.
741 1728 770 1766 l.
805 1731 899 1766 668.
938 1727 987 1766 ll.
1023 1731 1116 1765 411.
1163 1728 1212 1767 V.
1244 1731 1340 1767 284.
1373 1729 1440 1767 Xl.
1476 1733 1569 1768 469.
1600 1730 1740 1769 Tibull.

98 1797 126 1835 l.
164 1813 210 1845 x,
247 1803 306 1836 13.

326 1867 477 1906 Desine
505 1867 627 1917 plura
657 1880 779 1919 puer,
812 1873 848 1905 et
882 1866 986 1919 quod
1016 1879 1117 1905 nunc
1149 1868 1277 1905 instat
1309 1881 1490 1918 (tyaneus.

328 1935 469 1975 Omm'u
504 1938 626 1973 vincit
658 1949 787 1983 amor,
821 1942 857 1972 et
890 1948 961 1973 uos
993 1935 1181 1973 cedamus
1215 1939 1351 1974 amori.

326 2004 485 2043 Littom
517 2007 715 2052 iactetur,
749 2006 855 2042 odiis
889 2004 1055 2042 Iunonis
1087 2006 1263 2057 iniquae.

328 2073 569 2111 Nostrorum
600 2073 815 2119 obruimur,
849 2075 1053 2127 oriturque
1083 2075 1303 2112 miserrima
1336 2074 1498 2112 caedes.

327 2141 412 2181 Olli
443 2155 566 2180 serva
599 2143 742 2189 datur,
776 2155 935 2194 operum
964 2143 1073 2181 haud
1104 2145 1250 2193 ifflzara
1283 2143 1512 2181 Minervae.

327 2211 546 2250 Concih'um
577 2216 666 2263 ipse
693 2219 812 2264 puter
842 2217 880 2249 et
909 2225 1053 2262 muyna
1079 2214 1238 2264 incepta
1271 2212 1458 2251 Latinus.

329 2281 449 2319 Nunc·
479 2283 534 2319 ad
568 2281 672 2320 bella
703 2282 864 2328 trahor,
898 2288 935 2319 ct
966 2285 1042 2319 iam
1075 2283 1166 2335 quis
1195 2283 1376 2333 forsitan
1406 2282 1549 2321 hostis.

102 2347 214 2396 Elegi
247 2359 314 2385 eos
345 2347 471 2398 locos,
514 2351 572 2401 qui
605 2362 673 2400 per
712 2351 833 2388 onmia
873 2349 1016 2388 similes
1054 2354 1140 2388 sunt
1180 2361 1226 2388 ac
1256 2362 1369 2400 pares
1402 2349 1560 2389 Catonis
1595 2352 1741 2399 versui,

103 2429 172 2455 non
206 2417 301 2468 qnod
336 2417 502 2466 credam,
544 2431 638 2471 quae
670 2417 806 2456 Gifanii
842 2419 991 2457 videtur
1024 2418 1235 2458 Collectan.
1280 2419 1314 2456 in
1348 2419 1498 2457 Lucret.
1541 2419 1613 2458 col.
1647 2423 1740 2458 266.

102 2499 161 2538 sq.
194 2486 253 2523 ed.
286 2485 435 2524 Lucret.
468 2486 633 2526 Haverc.
675 2488 800 2537 opinio
833 2501 943 2536 esse,
981 2487 1165 2536 singulari
1209 2487 1366 2526 litteram
1398 2502 1418 2525 r
1458 2488 1502 2526 ad
1547 2489 1742 2526 iuvandam

103 2554 383 2605 productionem
414 2555 619 2604 praeditam
652 2556 690 2593 vi
723 2556 857 2594 fnisse.
898 2556 1031 2607 Neque
1050 2556 1236 2605 proprium
1265 2554 1337 2594 hoc
1361 2556 1640 2606 pentliemimeri
1664 2561 1741 2598 est„

103 2623 246 2662 breves
286 2623 495 2673 producere
532 2623 715 2673 syllabas.
777 2624 884 2668 Etsi,
927 2622 1099 2674 exempla
1139 2625 1172 2661 si
1210 2636 1405 2670 numeres,
1452 2626 1673 2675 saepissime
1706 2626 1744 2663 lit

105 2692 139 2730 in
172 2690 447 2742 penthemimeri
478 2693 693 2742 productio:
735 2698 772 2732 et
802 2705 892 2732 sane
924 2692 1018 2732 haec
1051 2695 1129 2742 est,
1170 2694 1205 2731 in
1244 2705 1316 2745 qua
1348 2694 1421 2731 vim
1463 2694 1591 2732 inesse
1622 2693 1741 2744 pluri-

104 2773 194 2798 mam
226 2763 514 2799 consentaneum
545 2763 625 2808 est,
656 2774 762 2813 quum
795 2763 846 2801 sit
879 2773 1037 2801 caesura
1067 2773 1206 2800 versus
1236 2760 1380 2801 heroici
1411 2763 1596 2814 primaria.
1656 2762 1742 2800 Ac-

105 2830 207 2867 cedit
237 2829 359 2880 quod,
399 2841 505 2880 quum
537 2841 654 2879 saepe
685 2831 720 2868 in
751 2830 822 2870 hac
853 2831 945 2870 sede
985 2831 1104 2870 oratio
1137 2834 1200 2869 aut
1230 2843 1320 2882 pars
1351 2832 1533 2869 orationis
1565 2830 1742 2868 termine-

105 2901 182 2940 tur,
217 2898 312 2950 quod
347 2898 491 2950 quidem
523 2909 568 2935 ea
599 2898 681 2947 ipsa
710 2898 756 2937 de
788 2911 924 2938 caussa
955 2899 1015 2946 fit,
1048 2900 1134 2951 quia
1165 2898 1260 2937 haec
1285 2911 1441 2938 caesura
1466 2899 1639 2949 primaria
1661 2902 1742 2947 est,

105 2967 251 3005 multam
283 2966 368 3005 finis
399 2966 606 3005 sententiae
638 2969 749 3017 atque
780 2968 1031 3018 interpunctio
1062 2968 1108 3006 ad
1135 2968 1334 3006 iuvandam
1360 2967 1637 3018 productionem
1670 2968 1742 3005 vim

108 3034 260 3075 habent.
322 3034 439 3088 Quam
477 3035 513 3073 in
552 3046 628 3073 rem
661 3036 847 3074 commode
878 3035 1097 3075 Husehkius
1139 3037 1185 3075 ad
1217 3035 1359 3074 Tibull.
1391 3034 1440 3073 11.
1476 3049 1515 3081 ιι,
1548 3039 1586 3073 5.
1646 3034 1742 3075 Ser-
