2006 3365
596 137 664 176 DE
695 135 852 177 POESI
883 135 1221 177 CATONJANA.
1626 142 1728 187 303

376 251 457 290 Hic
486 253 603 291 etiam
634 253 760 291 viridi
790 252 973 292 ludentes
1007 253 1144 292 Panes
1177 255 1217 292 in
1245 252 1384 303 herba,

372 320 428 358 Ec
459 321 602 372 Satyri
631 321 909 374 Dryadesque
940 322 1079 360 choros
1112 335 1227 373 effere
1253 322 1418 374 puellae
1537 324 1612 360 115

372 389 580 428 IVaiadum
611 396 736 428 coetu.
785 389 952 429 Tantum
982 403 1057 428 non
1089 388 1274 441 Orpheus
1298 390 1473 430 Hebrum

374 458 607 496 Restanlem
638 462 762 497 lenuit
793 460 895 510 ripis
927 458 1143 509 silvasque
1175 459 1376 507 canendo,

373 527 570 583 Qnaraelum
600 533 638 565 te
666 528 810 579 pernioe
839 533 1114 574 remorantem,
1149 527 1271 573 diva,
1305 528 1473 576 chorea,

374 595 515 633 sllulta
547 602 613 634 tuo
645 595 780 634 laetae
808 594 1026 646 fundentes
1063 595 1218 645 glandia
1248 595 1382 634 vultu:

371 664 473 716 Ipsa
505 664 583 702 loci
613 671 760 702 natura
793 663 941 701 domum
971 670 1187 701 resonante
1217 676 1387 702 susurro
1537 668 1612 703 120

372 732 475 789 Quis
509 732 658 780 dabat,
692 738 729 771 et
761 731 871 770 dulei
899 732 1047 782 fessas
1078 731 1291 782 refovebat
1322 734 1362 769 in
1392 726 1540 770 umbra.

86 800 217 839 Priora
249 801 430 850 expedita
463 804 561 839 sunt.
624 800 730 838 Leve
762 802 822 837 est
853 799 949 850 quod
992 812 1030 837 v.
1070 799 1159 837 114.
1206 799 1340 839 Panis
1383 801 1418 838 in
1452 801 1658 839 petaviano
1690 804 1728 841 et

86 872 253 918 August.
317 883 353 907 v.
391 873 483 908 115.
516 871 659 908 chorus
693 869 727 906 in
761 868 994 913 petaviano,
1040 868 1294 917 Augustanus
1335 872 1455 907 autem
1487 882 1565 907 eam
1597 881 1727 908 vocem

85 951 242 989 prorsus
275 939 468 988 praeterit.
530 938 586 976 Ec
623 936 862 988 satyriades
907 937 1048 975 choros
1093 951 1167 990 que
1206 951 1320 989 eyere
1347 938 1481 990 puelle
1512 938 1728 977 Vossianus

85 1010 152 1046 Sl.
213 1022 251 1044 v.
288 1009 378 1044 116.
421 1005 604 1058 Orpheus
647 1005 728 1043 cod.
771 1004 888 1043 Basil.
932 1009 969 1044 et
1001 1007 1139 1044 caeteri
1172 1006 1256 1044 libri
1290 1006 1472 1056 vulgatae
1502 1007 1726 1057 scripturae.

84 1077 284 1128 horpheus
304 1076 422 1113 Voss.
447 1078 511 1113 Sl.
572 1074 964 1114 laorriclusPctav.et
980 1073 1127 1112 Thuan.
1172 1075 1334 1114 orridus
1352 1077 1522 1127 August.
1582 1078 1727 1114 v.117.

84 1145 205 1194 vulgo
237 1146 342 1197 ripis
374 1144 461 1182 inde
491 1155 513 1181 a
544 1144 627 1182 cod.
662 1142 780 1182 Basil.
841 1144 945 1182 riuis
977 1142 1127 1181 Tliuan.
1159 1143 1295 1182 Petav.
1322 1143 1493 1193 August.
1526 1143 1727 1183 Voss-Sl.

85 1214 180 1265 quod
213 1214 330 1251 minus
361 1213 495 1251 bonum
528 1212 690 1251 videtur.
750 1211 824 1250 Iam
859 1223 954 1249 vero
996 1224 1035 1248 v.
1074 1214 1162 1252 118.
1206 1213 1406 1269 Quantum
1436 1220 1474 1252 te
1501 1227 1630 1265 peneu
1661 1227 1727 1252 re-

82 1288 294 1321 morantem
326 1283 423 1321 (Iz'ua
455 1281 514 1320 eh.
549 1280 707 1329 vulgata
740 1281 928 1331 scriptura
959 1282 1020 1318 est
1051 1280 1192 1318 codicis
1225 1281 1343 1319 Basil.
1363 1282 1537 1321 Venetae
1563 1281 1727 1320 Aeliatis

84 1354 123 1390 01
154 1351 411 1399 Mutinensis,
445 1354 517 1390 tum
550 1350 657 1388 etiam
690 1350 863 1389 Venetae
897 1348 1043 1397 Rubei,
1080 1348 1324 1398 Vicentinae,
1357 1351 1540 1389 Vossiani
1571 1350 1621 1390 11.
1654 1350 1726 1389 nisi

84 1419 181 1471 quod
215 1420 250 1457 in
284 1419 342 1457 his
375 1418 517 1467 tribus,
551 1431 644 1470 qnos
676 1408 867 1469 postremo
899 1417 997 1462 dixi,
1032 1417 1126 1456 diue
1156 1422 1236 1466 est,
1269 1422 1306 1456 et
1333 1432 1460 1470 penu,
1494 1431 1565 1457 non
1581 1433 1724 1472 peneu,

86 1489 122 1526 in
157 1487 304 1526 Veneta
336 1486 473 1525 Rubei.
534 1487 581 1525 Et
613 1486 684 1525 hoe
716 1487 884 1539 quidem,
913 1499 1066 1538 peneu,
1101 1487 1246 1524 dubium
1280 1490 1396 1525 utrum
1426 1500 1493 1538 per
1510 1488 1727 1538 corruptio-

86 1569 167 1595 nem
201 1560 322 1594 natum
347 1568 368 1593 e
393 1558 580 1606 scriptura
600 1557 773 1607 antiqua,
797 1568 842 1593 an
874 1555 925 1593 sit
957 1567 978 1593 e
1010 1556 1226 1594 coniectura
1248 1555 1409 1594 hominis
1436 1557 1580 1596 modic-e
1604 1557 1727 1606 doctig

87 1625 265 1674 agnoseit
296 1625 403 1662 etiam
439 1624 612 1662 Renibus
676 1624 908 1674 Scripturam
940 1625 1124 1676 antiquam
1157 1627 1404 1665 conservavit
1423 1627 1639 1666 Vossianus
1659 1630 1727 1666 81.

87 1694 144 1732 cui
177 1697 296 1731 tamen
328 1693 399 1731 soli
432 1705 503 1732 non
536 1693 788 1740 confiderem,
829 1692 903 1730 nisi
935 1697 973 1732 et
1004 1706 1072 1731 sua
1104 1707 1146 1732 se
1179 1695 1318 1733 virtute
1349 1695 1530 1745 probaret
1560 1695 1643 1744 illa,
1690 1698 1729 1735 et

86 1763 225 1801 caeteri
258 1762 341 1800 libri
374 1763 628 1801 concinerent.
705 1761 831 1820 Quam
870 1768 908 1801 te
950 1765 1098 1815 pernix
1141 1770 1398 1803 remorantem
1441 1765 1537 1804 diua
1583 1766 1728 1805 chorea

85 1830 205 1870 Voss.
238 1835 304 1871 Sl.
367 1832 493 1888 Quam
523 1837 562 1870 te
589 1845 661 1884 per
683 1833 824 1882 niqrae
847 1831 929 1878 (vel
951 1835 1185 1883 perniglrae)
1218 1841 1432 1872 morantem
1463 1834 1559 1873 diua
1584 1834 1728 1873 chorea

85 1899 316 1949 Thuaneus‚
350 1904 516 1939 testante
548 1900 710 1949 Vossio,
744 1903 782 1939 et
812 1901 909 1951 apud
943 1914 998 1939 1110
1031 1903 1297 1950 Augustanus.
1362 1903 1488 1959 Quam
1518 1908 1556 1942 te
1586 1904 1728 1953 niqrae

85 1975 296 2008 morantem
328 1970 425 2009 clieta
456 1970 603 2008 choreae
624 1969 878 2017 petavianus,
911 1967 1052 2007 Vossio
1086 1973 1263 2008 testante.
1325 1970 1409 2009 Non
1442 1971 1599 2022 impedio
1631 1983 1727 2023 quo-

87 2037 207 2075 minus
238 2036 332 2075 haec
362 2037 500 2089 aliquis
532 2037 787 2076 librariorum
818 2043 1005 2089 stupores
1038 2039 1137 2078 dicat
1178 2051 1257 2077 011111
1297 2039 1477 2089 Heynio,
1515 2040 1621 2078 modo
1667 2041 1726 2079 sa-

88 2109 211 2145 teatur
242 2105 338 2144 1111110
371 2106 563 2156 perutilem
595 2110 785 2156 stuporem
818 2119 938 2145 esse:
981 2108 1063 2144 sine
1102 2120 1175 2159 quo
1207 2108 1319 2147 valde
1350 2109 1492 2147 incerta
1523 2110 1620 2148 soret
1652 2108 1726 2148 Al-

88 2175 220 2222 dinae,
253 2176 287 2212 in
320 2187 390 2226 qua
423 2175 571 2225 primum
604 2175 738 2213 editum
770 2177 830 2214 est
865 2178 1030 2228 pernix,
1070 2178 1290 2216 auotoritas.
1351 2178 1491 2217 Divide
1531 2178 1724 2229 syllabas,

87 2247 126 2283 et
157 2245 345 2293 coniunge
378 2257 536 2282 rursus:
571 2244 729 2283 habebis
758 2247 899 2296 perniq
930 2252 1235 2296 memorantem,
1284 2246 1356 2286 hoc
1399 2250 1458 2287 est
1485 2250 1632 2300 pernix
1660 2262 1727 2287 re-

87 2320 312 2354 morantem.
376 2313 422 2352 Et
452 2312 558 2351 simul
582 2325 750 2351 caussam
774 2312 915 2362 habes,
948 2326 1013 2352 eur
1033 2314 1254 2372 Quantum,
1287 2328 1381 2368 quae
1405 2328 1495 2354 vera
1515 2317 1725 2368 scriptura,

87 2386 261 2421 mutatum
294 2383 329 2419 in
363 2382 487 2440 Quam
519 2383 643 2420 suerit.
705 2382 864 2420 Versum
903 2386 992 2422 119.
1025 2384 1280 2434 imperfectum
1311 2383 1427 2423 habet
1447 2384 1724 2433 Augustanus:

89 2452 223 2492 Multa
252 2451 466 2503 fundentes
499 2452 654 2502 qaudia
683 2452 794 2490 uultu
826 2453 901 2496 sic,
945 2453 1027 2491 sine
1059 2452 1195 2491 indicio
1226 2452 1398 2491 lacunae.
1459 2453 1608 2504 Vulgo,
1642 2454 1726 2493 inde

88 2534 110 2560 a
141 2521 224 2560 cod.
260 2519 498 2558 Basileensi:
533 2521 672 2559 Multa
702 2527 768 2560 tuo
801 2521 935 2560 laetae
968 2521 1138 2568 (Veneta
1170 2520 1311 2560 Aeliat.
1345 2522 1478 2571 lacte)
1508 2522 1725 2574 fundentes

88 2604 126 2642 9.
158 2602 197 2628 v.
231 2593 346 2627 recte.
382 2592 419 2627 et
449 2589 505 2627 sic
538 2589 746 2628 Vossianus
778 2593 845 2629 Sl.
880 2591 915 2628 in
957 2602 1028 2642 quo
1062 2593 1182 2629 tamen
1222 2590 1364 2629 vitiose
1396 2591 1529 2637 nullo,
1562 2593 1727 2630 sortasse

88 2672 157 2710 pro
190 2658 312 2698 voltu.
374 2657 467 2706 tibi,
501 2658 597 2709 quod
630 2658 744 2698 edidit
776 2659 972 2710 Heynius,
1004 2658 1158 2707 nullam,
1191 2663 1230 2699 111
1263 2659 1435 2708 videtur,
1467 2660 1727 2699 auctoritatem

89 2727 231 2766 habet:
274 2727 345 2765 nisi
386 2725 470 2777 plns
511 2727 610 2764 iusto
651 2727 796 2766 tribuas
838 2728 994 2767 BembO.
1062 2727 1204 2767 Multa
1248 2734 1325 2768 tuoe
1363 2728 1450 2768 letoe
1479 2729 1514 2780 f.
1546 2742 1585 2780 5]-
1618 2728 1726 2769 luctu

89 2797 320 2836 Petavianus
351 2808 412 2846 ap.
443 2795 637 2834 Vossium.
696 2794 899 2835 Thuaneus
938 2797 1037 2848 apud
1079 2797 1276 2847 eumdem,
1314 2798 1387 2836 nisi
1432 2797 1517 2850 quid
1557 2798 1728 2838 omiserit

90 2864 275 2910 Vossius,
317 2864 458 2904 Multa
494 2869 570 2902 tuoe
608 2863 696 2903 loeto
728 2865 762 2915 f.
793 2878 830 2916 9.
864 2880 901 2905 u.
963 2863 1161 2905 Caeterum
1199 2873 1265 2905 tuo
1310 2867 1447 2914 vultu,
1488 2865 1550 2904 vel
1590 2867 1724 2916 voltu,

89 2934 286 2973 manifesto
318 2934 468 2972 dativus
499 2934 570 2971 est.
660 2945 698 2970 v.
734 2936 826 2972 121.
868 2935 1011 2985 vulgo,
1045 2936 1129 2973 inde
1160 2949 1181 2974 a
1213 2935 1297 2974 eod.
1330 2935 1447 2974 Basil.
1479 2936 1588 2974 molli
1616 2957 1662 2962 —-
1685 2938 1726 2975 in

91 3009 221 3042 antro.
281 3002 446 3043 Praetuli
479 3002 577 3054 quod
608 3002 646 3040 in
677 3001 785 3041 libris
815 3004 970 3055 scriptis
1001 3006 1183 3057 antiquis,
1222 3003 1440 3056 postulante
1470 3017 1612 3044 sensu:
1646 3018 1725 3045 uam
