2006 3365
209 151 309 196 214
771 144 1301 187 ANIMADVERSIONES

209 262 311 303 lenta
341 262 575 310 Nascendz’,
615 261 664 300 D.
697 260 845 300 Heinsii
886 261 921 299 in
952 260 1111 300 Hesiod.
1142 252 1255 310 Ἔργ.
1300 264 1390 300 174.
1424 263 1637 302 coniectura
1667 273 1740 300 non
1772 261 1855 300 ine-

213 336 279 384 pta
310 332 476 385 quidem,
507 330 575 369 sed
609 334 730 370 tamen
762 331 907 369 minime
937 329 1170 368 necessaria.
1231 330 1482 370 Existimabat
1514 330 1560 369 Ι).
1590 329 1771 369 Heinsius
1793 329 1854 369 lo-

214 414 292 440 cum
324 400 482 440 Catonis
513 402 652 448 totum,
687 400 796 451 Erqo
829 398 935 453 quod
965 398 1065 438 deus
1107 400 1181 436 etc.
1215 410 1438 450 expressum
1470 411 1557 438 esse
1589 410 1637 436 ex
1670 398 1754 437 loco
1787 398 1855 438 illo

212 468 405 508 Hesiodi:
444 469 608 521 facilem
638 475 824 508 naturam
855 480 944 507 esse
983 464 1055 503 τὸν
1093 464 1269 517 ῥήϊστον
1300 466 1423 518 βιόινς
1464 471 1645 507 minorem
1685 474 1855 507 aetatem

211 550 300 577 esse
345 538 441 590 quod
479 537 576 589 apud
615 537 824 576 Hesiodum
869 533 914 572 τὸ
955 535 1144 584 πέμπτον
1182 535 1321 586 γένος,
1373 538 1584 588 oppositum
1622 535 1745 579 θεοῖς
1783 534 1856 573 καί

210 600 362 657 ἥρωΟἹ.

301 674 467 714 Gravior
497 674 544 714 de
576 687 692 714 versu
726 679 792 715 78.
825 676 1013 728 quaestio,
1047 676 1108 714 ubi
1142 689 1216 730 quo
1248 689 1342 716 sera
1375 675 1497 714 libido
1529 676 1563 713 in
1596 673 1702 713 libris
1733 674 1853 712 omni-

210 745 304 794 hus,
347 744 413 783 sed
444 743 517 784 hoc
549 744 718 792 dubium,
763 747 878 783 utrum
911 752 973 783 est
1007 748 1175 783 extremo
1211 757 1325 783 versu
1361 743 1565 782 addendum
1597 744 1671 792 sit,
1704 756 1749 781 an
1783 754 1853 782 non

213 814 434 852 addendum.
496 813 681 853 omittunt
721 820 783 853 est
821 813 959 853 Petav.
991 812 1140 852 Tliuan.
1173 814 1293 854 Voss.
1333 813 1363 852 Ι.
1396 814 1428 851 si
1460 814 1485 851 s.
1517 826 1550 852 s.
1583 812 1688 852 Leid.
1731 813 1850 864 Paris.

212 882 284 923 lv.
317 882 437 932 Angl.
460 882 645 932 Aldinae,
677 883 776 921 Flor.
806 884 904 921 lunt.
926 883 1100 922 Venetae
1130 885 1249 921 1544.
1280 885 1400 921 1555.
1431 886 1554 921 1558.
1580 883 1700 921 Antv.
1730 884 1852 920 1556.

212 951 370 990 Addunt
400 951 523 990 Paris.
557 951 609 990 ΙΙ.
642 951 714 990 lll.
747 950 917 1000 August.
951 951 1057 991 Mon.
1091 950 1121 989 1.
1153 951 1201 989 Il.
1235 951 1343 991 Vrat.
1376 951 1406 990 Ι.
1440 955 1478 990 et
1509 951 1660 990 codices
1693 950 1852 1000 novitii,

213 1020 304 1059 Bas.
337 1020 445 1059 Vrat.
479 1019 527 1058 ΙΙ.
560 1020 678 1059 Voss.
713 1021 764 1059 ll.
805 1031 884 1058 cum
926 1020 1128 1070 Romanis,
1170 1020 1330 1059 Venetis
1366 1022 1529 1072 antiquis
1571 1020 1714 1068 trihus,
1754 1018 1852 1061 Mut.

211 1090 298 1129 Vic.
338 1089 443 1138 aliis,
484 1089 593 1127 etiam
630 1088 930 1138 recentioribus,
971 1091 1010 1127 ut
1041 1089 1209 1127 Ascens.
1252 1090 1367 1139 Virg.
1408 1089 1522 1137 Aldi,
1563 1088 1687 1139 Lugd.
1730 1092 1850 1129 1529.

210 1159 301 1198 Bas.
341 1160 458 1196 1543.
483 1156 605 1206 Lugd.
636 1160 753 1195 1556.
782 1157 895 1206 Mog.
926 1159 1042 1196 1549.
1104 1158 1153 1197 Et
1175 1157 1259 1196 mihi
1293 1159 1458 1210 quidem,
1491 1159 1549 1197 cui
1579 1170 1729 1209 semper
1758 1169 1852 1208 per-

213 1239 361 1265 suasum
393 1227 481 1275 suit,
513 1226 607 1265 finiri
641 1225 712 1264 luoc
744 1238 859 1264 versu
892 1226 1134 1274 sententiam,
1167 1238 1239 1264 non
1271 1226 1417 1265 multum
1449 1227 1597 1275 differt,
1632 1230 1747 1265 utrum
1780 1225 1851 1264 ad-

211 1296 319 1334 datur
349 1302 432 1344 est,
464 1307 511 1334 an
542 1296 742 1334 omittatur.
803 1294 920 1334 Malui
962 1294 1102 1333 addere
1134 1298 1290 1345 propter
1320 1307 1449 1334 sonum
1480 1295 1705 1346 pleniorem,
1745 1307 1851 1347 quem

212 1367 349 1416 poetae
390 1365 500 1403 etiam
539 1364 641 1403 latini
682 1366 803 1403 amant
841 1364 876 1401 in
909 1367 1073 1402 exeunte
1104 1376 1246 1402 versu:
1290 1366 1337 1403 cf.
1372 1364 1544 1403 Husclik.
1577 1365 1611 1402 iu
1643 1364 1786 1404 Tibull.
1818 1364 1849 1403 Ι.

214 1449 239 1472 ι.
273 1436 339 1473 34.
373 1449 424 1472 ιν.
471 1436 509 1472 4.
571 1434 747 1472 Punctum
787 1436 875 1484 post
905 1433 1029 1472 libido
1068 1438 1131 1472 est
1162 1433 1230 1471 iam
1263 1432 1404 1472 liabent
1433 1433 1647 1484 Romanae,
1689 1436 1727 1472 et
1759 1445 1848 1472 cae-

213 1505 316 1542 terae
356 1504 436 1542 fere
475 1513 625 1552 omnes,
663 1501 846 1541 Pithoeus
878 1514 972 1540 vero
1006 1514 1084 1540 euin
1124 1502 1239 1551 signo
1272 1502 1430 1541 exelam.
1475 1516 1550 1556 quo
1589 1517 1684 1543 sera
1725 1502 1848 1543 libido

211 1571 300 1612 est!
359 1571 501 1611 Contra
539 1572 600 1623 qui
632 1571 800 1610 editores
831 1577 893 1610 est
924 1572 1117 1619 omittunt,
1155 1574 1218 1610 aut
1249 1570 1419 1623 plerique
1450 1575 1513 1610 aut
1543 1584 1693 1621 omnes,
1735 1583 1848 1624 prae-

215 1641 391 1680 euntibus
423 1640 597 1690 Aldinis,
629 1640 778 1679 sublata
809 1640 1135 1691 interpunctione,
1179 1641 1297 1678 verba
1339 1640 1434 1679 haec
1467 1654 1541 1695 quo
1573 1654 1668 1680 sera
1698 1641 1844 1691 libido,

213 1711 343 1749 nescio
376 1722 448 1762 quo
479 1710 610 1758 modo,
646 1710 811 1748 construi
845 1721 922 1748 cum
953 1721 1068 1747 versu
1100 1721 1180 1760 seq.
1215 1708 1384 1748 voluere.
1465 1709 1613 1748 Deinde
1645 1723 1720 1764 quo
1752 1721 1848 1748 non-

216 1778 305 1817 nulli
347 1779 382 1816 in
420 1784 459 1818 et
488 1780 736 1817 mutaverunt.
778 1778 812 1816 id
845 1790 920 1827 ego
953 1777 1101 1827 reperio
1133 1779 1168 1816 in
1202 1777 1394 1829 Antverp.
1432 1781 1551 1816 1566.
1590 1781 1628 1818 et
1662 1781 1782 1818 1580.
1813 1779 1849 1817 in

217 1846 499 1896 Scaligeranis‚
541 1846 665 1897 Lugd.
710 1850 830 1885 1592.
869 1847 964 1897 apud
1006 1846 1199 1885 Boxhorn.
1241 1847 1364 1886 Burm.
1405 1847 1565 1887 Arnold.
1608 1848 1850 1886 Wernsdorf.

217 1919 256 1956 et
295 1928 355 1967 ap.
388 1915 436 1954 D.
468 1916 663 1954 Heinsium
694 1915 718 1953 l.
751 1915 775 1953 l.
866 1929 887 1955 o
926 1928 1020 1954 sera
1052 1915 1200 1955 libido!
1241 1915 1302 1954 vel
1331 1930 1405 1969 pro
1437 1931 1534 1956 sera
1565 1916 1718 1956 libido!
1759 1928 1851 1956 con-

217 1987 384 2024 iecturae
423 1984 470 2023 N.
511 1984 681 2034 Heinsii,
723 1997 872 2036 quarum
910 1983 1005 2022 hanc
1045 1985 1257 2036 approbant
1289 1986 1519 2024 Burmannus
1558 1988 1596 2025 et
1633 1984 1850 2025 Putschius.

216 2054 299 2094 Nos
331 2057 423 2108 quoi
452 2054 708 2102 restituimus,
742 2054 1001 2092 emendatione
1032 2053 1148 2103 longe
1179 2054 1367 2093 facillima.
1430 2055 1518 2093 Eam
1545 2067 1650 2107 quum
1681 2055 1753 2093 iam
1774 2066 1853 2094 ma·-

217 2123 328 2162 nibus
359 2123 537 2171 tenebat,
571 2136 701 2162 rursus
733 2122 830 2161 elabi
864 2123 938 2161 sihi
970 2135 1108 2173 passus
1139 2127 1198 2162 est
1229 2122 1447 2162 putschius.
1537 2123 1639 2163 Sane
1670 2123 1749 2162 fieri
1781 2135 1851 2162 ne-

218 2192 325 2245 quit,
357 2192 454 2244 quod
485 2193 617 2231 statuit
647 2191 809 2242 Badius,
842 2195 880 2231 ut
913 2205 986 2247 quo
1018 2192 1208 2243 significet
1237 2195 1276 2230 in
1308 2205 1397 2246 quo.
1516 2191 1593 2231 Sed
1626 2192 1742 2230 video
1777 2204 1852 2230 ex-

217 2260 426 2312 plicandum
468 2273 581 2310 esse,
624 2261 707 2313 quid
748 2261 799 2300 sit
830 2262 926 2314 quod
960 2274 1090 2301 seram
1122 2259 1217 2300 Cato
1256 2273 1325 2299 sua
1360 2263 1486 2300 aetate
1524 2261 1725 2301 libidinem
1763 2273 1852 2300 esse

219 2330 322 2369 dicit.
382 2329 477 2368 Nam
507 2332 546 2368 ut
570 2330 676 2368 Badii
708 2330 998 2381 explicationem
1024 2333 1187 2378 taceam,
1221 2342 1316 2381 quae
1346 2342 1504 2381 prorsus
1534 2330 1625 2370 mori
1656 2330 1851 2369 sensibus-

220 2411 293 2452 que
324 2401 492 2438 veterum
532 2397 715 2437 hominum
751 2402 958 2450 repugnat,
992 2399 1167 2438 coniiciat
1196 2398 1350 2450 aliquis,
1382 2412 1515 2438 seram
1554 2398 1741 2437 libidinem
1780 2398 1852 2437 dici

221 2468 382 2517 tardam,
422 2478 517 2519 quae
547 2479 664 2518 saepe
694 2468 937 2519 interruptum
970 2467 1079 2506 videt
1109 2468 1361 2506 commercium
1393 2468 1627 2517 amatorium,
1666 2468 1724 2506 cui
1763 2478 1849 2505 sae-

222 2550 270 2589 pe
300 2536 447 2576 multum
479 2535 796 2587 exspectandum,
838 2540 876 2576 ut
906 2537 1040 2576 amoris
1071 2538 1227 2575 fructum
1257 2536 1467 2587 percipiat,
1510 2549 1616 2589 quum
1647 2535 1732 2575 olim
1762 2535 1850 2574 feli-

223 2608 301 2646 cior
340 2609 447 2645 aetas
489 2617 638 2655 semper
684 2608 850 2656 paratum
887 2617 1045 2644 amorem
1084 2604 1271 2644 habuerit.
1341 2604 1423 2658 Quo
1464 2606 1544 2644 sere
1584 2617 1699 2644 sensu
1737 2607 1851 2655 poeta

224 2675 513 2721 Germanorum,
545 2686 651 2725 quem
691 2673 763 2712 hoc
802 2675 886 2725 ipso
926 2677 1114 2724 tempore,
1160 2675 1256 2712 intra
1293 2686 1436 2725 paucos
1475 2674 1557 2713 dies
1596 2675 1665 2712 iam
1706 2672 1851 2724 iamque

223 2746 388 2795 ereptum
426 2742 540 2782 rebus
575 2743 716 2781 nostris
747 2755 825 2782 cum
856 2742 1013 2782 horrore
1044 2744 1226 2794 comperi,
1267 2746 1305 2782 et
1334 2743 1544 2783 restitutum
1581 2741 1663 2782 orbi
1694 2741 1851 2780 admira-

222 2813 288 2853 bili
319 2815 475 2852 naturae
504 2812 687 2851 beneficio
719 2823 808 2850 esse
838 2812 1002 2861 gavisus
1032 2825 1132 2861 sum,
1164 2811 1485 2862 semper-florens
1516 2810 1729 2850 Goethius:

391 2881 433 2921 ln
464 2881 529 2920 der
559 2879 782 2919 heroischen
813 2881 923 2931 Zeit,
954 2881 1000 2919 da
1031 2880 1164 2920 Gotter
1195 2881 1266 2920 und
1299 2880 1503 2920 Gottinnen
1533 2877 1695 2928 liebten,

450 2949 586 2999 Folgte
617 2949 809 2999 Begierde
841 2949 922 2988 dem
953 2949 1085 3001 Blick,
1116 2949 1239 2999 solgte
1271 2948 1420 2989 Genuss
1450 2948 1515 2987 der
1546 2947 1702 2997 Begier.

226 3019 363 3058 Verum
401 3022 474 3060 tuni
513 3033 608 3061 sera
644 3018 833 3073 voluptas
876 3019 1069 3059 dicendum
1111 3021 1192 3060 erat
1230 3016 1389 3069 Catoni,
1424 3028 1499 3056 non
1528 3015 1666 3057 libido.
1726 3016 1850 3068 Igitur
