2006 3365
590 152 858 195 RECENSIO
892 154 1183 195 LIBRORUM.
1629 157 1733 202 395

76 266 237 306 Rubeus
268 267 419 316 Icelum,
452 266 639 306 Iensonus
671 269 827 308 lethum.
891 267 1024 318 Copae
1057 282 1096 307 v.
1135 273 1197 307 12.
1229 269 1286 308 Et
1314 268 1495 315 Rubeus,
1526 267 1609 307 Est
1630 266 1732 305 lens.

76 334 189 373 Talia
219 336 299 374 fere
331 339 444 381 sunt,
478 337 615 387 quibus
647 336 834 375 lensonus
865 349 887 375 a
919 336 1053 375 Rubeo
1087 337 1294 387 discrepat.
1356 336 1462 391 Quae
1493 338 1581 374 sunt
1612 335 1734 373 onmia

75 403 288 453 eiusmodi,
328 406 367 443 ut
399 405 591 443 commode
624 405 659 442 in
693 405 785 442 duas
819 404 965 443 classes
997 405 1164 443 describi
1198 417 1317 455 posse
1347 406 1560 444 videantur.
1621 403 1732 442 Non-

74 471 175 509 nulla
208 472 301 509 enim
334 471 532 510 Iensonnm
566 473 710 522 ipsum,
750 484 799 510 ex
844 485 912 509 suo
945 473 1123 520 ingenio,
1173 472 1236 510 vel
1279 485 1360 511 eum
1398 485 1470 524 quo
1517 474 1733 510 correctore

74 551 166 577 usus
198 542 258 579 cst
289 539 502 588 lensonus,
536 539 710 578 intulisse
744 538 942 588 probabile
974 542 1047 578 cst.
1109 538 1200 577 Alia
1233 552 1321 578 esse
1354 552 1404 578 ex
1435 540 1600 578 editione
1630 539 1731 577 anti-

73 607 231 658 quiore,
265 620 372 659 quam
404 607 592 646 Icnsonus
636 611 674 646 et
706 607 865 646 Rubeus
910 607 1101 655 eamdem,
1143 608 1210 646 sed
1253 608 1439 646 lensonus
1480 608 1608 645 maiori
1651 618 1731 644 eum

73 674 272 726 diligentia
304 676 552 727 pressiusque
593 678 777 727 sequutus
808 676 885 723 sit,
927 675 1103 712 coniicio.
1173 676 1367 713 Eiusmodi
1414 675 1729 725 discrepantiam,

71 755 167 794 quae
201 744 325 781 fontes
358 746 495 794 arguat
526 744 725 792 diversos,
771 755 842 780 non
874 743 1018 780 memini
1051 754 1108 780 me
1142 743 1315 791 invenire
1347 742 1469 781 ullam.

156 810 302 850 Finitur
334 811 483 850 Veneta
515 811 668 849 lensoni
703 812 737 848 in
772 810 1006 858 CatalectiS,
1048 811 1227 848 versibus
1259 810 1340 848 bis:

413 879 450 918 N
483 891 552 916 une
583 890 789 929 superesse
829 879 925 928 patri
958 878 1055 930 quod
1090 880 1157 918 suit
1189 879 1342 917 inuidia.

416 947 445 985 S
479 946 620 997 uperbe
653 950 764 984 noctu
797 947 1007 996 repuditum
1041 950 1167 997 caput.

415 1014 448 1052 D
480 1018 564 1053 atur
596 1014 662 1052 tibi
696 1014 822 1064 puella
852 1027 958 1066 quam
990 1015 1091 1065 petis
1124 1015 1245 1054 datur.

68 1082 207 1134 quibus
239 1083 411 1121 subiecta
443 1084 504 1121 est
534 1082 793 1132 subscriptio:

326 1151 370 1189 P.
403 1150 454 1189 V.
487 1149 739 1189 MAROMS
771 1150 955 1189 OPERA
989 1150 1309 1190 FOELICITER
1340 1149 1470 1190 FINI-

324 1218 438 1258 VNT
487 1218 742 1257 VENETllS
792 1218 1069 1257 lNSIGNITA
1125 1220 1228 1258 PER
1266 1217 1468 1258 MCoLA

325 1287 407 1326 VM
441 1286 639 1325 IENSON
673 1286 957 1326 GALLlCVM
992 1287 1063 1326 M.
1099 1285 1238 1326 CCCC
1283 1286 1468 1325 .[.xxv.

151 1354 238 1393 Non
271 1356 581 1402 commemoriwi,
614 1367 709 1406 quae
740 1356 936 1394 attendere
969 1354 1228 1405 bibliograpbi
1253 1355 1400 1402 solent,
1425 1354 1550 1393 solium
1570 1365 1727 1392 vacuum

66 1422 165 1461 inter
205 1422 399 1471 Georgica
440 1425 477 1461 et
518 1422 747 1470 Aeneidem,
789 1427 827 1462 et
867 1425 1044 1474 paginam
1090 1436 1244 1461 vacuam
1285 1423 1455 1461 relictam
1500 1434 1590 1460 esse
1629 1422 1728 1460 inter

63 1490 277 1529 Aeneidem
309 1494 346 1529 et
377 1489 534 1540 Mapbei
567 1490 713 1528 librum.
776 1490 945 1529 Graecas
979 1491 1155 1539 litteras,
1196 1492 1228 1528 si
1269 1494 1374 1529 recte
1418 1491 1590 1539 memini,
1637 1489 1727 1528 len-

64 1569 182 1595 sonus
215 1558 336 1597 nullas
369 1558 532 1598 babuit:
567 1563 670 1598 certe
703 1560 737 1597 in
772 1560 863 1599 Vita
897 1559 1036 1597 Donati
1068 1562 1103 1604 ς.
1137 1562 1203 1596 62.
1238 1559 1297 1596 ed.
1333 1559 1461 1609 Ileyn.
1494 1571 1563 1608 pro
1597 1570 1728 1593 κακο-

66 1622 212 1673 ζηλιάς
243 1627 374 1665 lacuna
407 1631 486 1677 est3
520 1627 611 1665 ibid.
644 1630 678 1672 ς.
703 1630 770 1665 63.
804 1628 980 1665 omissum
1013 1631 1074 1665 est
1100 1623 1493 1672 (Οιιιοιοτελειὲτωνς
1530 1629 1567 1664 et
1598 1629 1631 1671 ὃ.
1658 1630 1726 1664 66.

63 1696 152 1732 sunt
184 1696 324 1733 tantum
356 1695 499 1734 latina:
543 1699 758 1734 communia
800 1698 875 1734 ete.
936 1695 991 1734 At
1024 1696 1058 1733 in
1092 1696 1244 1734 Veneta
1276 1695 1402 1733 Rubei
1436 1697 1524 1732 sunt
1553 1706 1725 1743 graeca,

64 1765 103 1801 ut
135 1762 172 1800 in
205 1762 409 1802 Servianis
440 1763 486 1802 ad
530 1763 611 1802 Ecl.
656 1768 722 1802 60.
768 1767 858 1802 105.
900 1763 1004 1802 alibi.
1075 1762 1330 1814 Conspicuum
1377 1764 1488 1801 etiam
1530 1762 1728 1812 exemplar

61 1829 265 1880 Lipsiense
297 1830 472 1870 Venetae
503 1831 609 1870 Iens.
644 1832 891 1870 rubricatoris
935 1831 1093 1870 artificio
1128 1835 1209 1881 est,
1247 1832 1416 1882 inprimis
1448 1833 1483 1869 in
1515 1830 1724 1869 Bucolico-

60 1910 138 1936 rum
170 1899 290 1937 initi0.

147 1966 322 2017 Denique
355 1966 644 2016 explicandum,
680 1981 775 2019 quae
807 1969 881 2015 sit,
916 1979 1021 2018 quam
1054 1967 1116 2005 bic
1147 1967 1223 2006 illic
1254 1967 1405 2005 laudavi
1438 1967 1482 2005 ad
1517 1965 1724 2015 Catonem,

60 2034 203 2073 Closs.
243 2033 287 2073 V.
322 2034 354 2072 Ι.
388 2034 461 2072 boc
494 2037 574 2080 est,
624 2036 765 2074 Glossa
811 2036 983 2074 Venetae
1030 2035 1196 2073 Iensoni.
1271 2035 1476 2085 Exemplar
1522 2034 1726 2084 Lipsiense

58 2104 140 2140 sere
173 2105 287 2140 totum
320 2103 540 2151 margines,
574 2107 612 2141 et
643 2116 739 2154 quae
771 2107 858 2142 sunt
890 2104 988 2141 inter
1019 2116 1158 2141 versus
1191 2104 1337 2154 spatia,
1370 2103 1519 2152 glossis
1552 2102 1724 2153 explica-

58 2170 302 2221 tionibusque
335 2183 441 2208 manu
473 2172 627 2221 scriptis
653 2171 799 2222 repleta
830 2176 943 2223 atque
975 2172 1110 2210 obruta
1135 2171 1265 2210 babet.
1327 2172 1464 2210 Priore
1497 2171 1583 2209 libri
1617 2172 1725 2220 parte

57 2237 195 2276 nullum
228 2250 376 2276 carmen
409 2238 536 2289 plures
568 2238 711 2286 babet,
755 2253 862 2292 quam
895 2240 1032 2290 Elegia
1072 2242 1106 2278 in
1140 2240 1266 2278 Maec.
1301 2240 1364 2278 ob.
1397 2242 1435 2279 at
1468 2239 1723 2278 creberrimae

56 2318 102 2344 ac
134 2306 384 2344 densissimae
416 2310 503 2345 sunt
535 2308 569 2344 in
603 2308 824 2357 Bucolicis,
873 2308 1102 2358 Georgicis,
1149 2308 1353 2347 Aeneide:
1397 2309 1441 2346 ad
1485 2307 1642 2358 Mapbei
1674 2307 1720 2346 li-

55 2374 181 2424 brum,
222 2374 268 2412 ad
309 2374 493 2423 Aetnam,
536 2376 580 2413 ad
616 2376 814 2415 Cataleeta
852 2377 978 2416 nullae
1020 2380 1133 2427 sunt3
1174 2377 1219 2415 ad
1265 2378 1381 2416 Diras
1422 2378 1517 2415 satis
1563 2376 1722 2426 multae,

55 2455 177 2494 neque
209 2454 337 2480 omnes
370 2443 536 2492 ineptae.
600 2444 777 2495 Scriptae
818 2448 940 2483 autem
982 2449 1093 2495 sunt,
1137 2450 1177 2485 ut
1218 2445 1362 2495 colligo
1393 2458 1442 2483 ex
1475 2445 1620 2483 duabus
1651 2457 1722 2483 an-

55 2511 338 2557 notationibus,
376 2524 470 2563 quas
501 2513 630 2551 eadem
662 2526 792 2551 manus
825 2514 860 2552 in
894 2514 966 2552 line
998 2513 1086 2552 libri
1128 2515 1333 2564 apposuit,
1382 2515 1416 2551 in
1457 2513 1587 2558 ltalia,
1623 2513 1721 2551 baud

55 2579 170 2617 dubie
203 2579 373 2626 Romae,
407 2580 505 2618 eirca
528 2592 659 2618 annum
681 2584 802 2620 1498.
866 2581 1025 2620 Scilicet
1048 2582 1269 2631 glossator,
1299 2582 1360 2633 qui
1387 2582 1484 2619 idem
1513 2593 1722 2631 possessor

53 2649 123 2686 l'uit
155 2647 268 2694 libri,
304 2648 338 2685 in
372 2647 494 2685 ultima
520 2650 660 2698 pagina
691 2649 785 2689 haec
817 2651 890 2693 sibi
922 2651 1146 2699 annotavit,
1181 2663 1252 2689 non
1286 2651 1514 2701 pertinentia
1559 2650 1604 2687 ad
1626 2650 1723 2688 Vir-

52 2715 212 2765 gilium:
247 2716 493 2768 Pomponius
528 2717 683 2756 Lotus:
714 2726 837 2771 poeta
869 2720 1083 2758 laureatus
1113 2731 1121 2756 :
1155 2721 1506 2773 exquisitissimas
1539 2720 1721 2771 antiqui-

52 2787 154 2823 tatis
188 2785 434 2834 imlassntor:
476 2784 612 2834 linque
643 2786 769 2825 latine
797 2795 918 2840 pater
948 2795 986 2827 et
1017 2802 1219 2827 musarum
1253 2789 1407 2827 decus:
1455 2800 1560 2826 anno
1593 2788 1719 2826 elatis

53 2866 126 2891 sue
156 2856 454 2905 seplzmqqem'mo
497 2859 640 2905 qtmrto
681 2857 722 2893 in
766 2864 893 2895 monle
933 2856 1152 2895 Caballc'no
1194 2857 1293 2896 diem
1334 2870 1447 2896 suum
1479 2856 1575 2894 obiit
1608 2856 1719 2893 Ιιιηίἰ

52 2921 130 2959 (lle.
165 2936 221 2958 ix.
254 2922 371 2959 „inno
403 2917 495 2970 xps.
532 2923 652 2959 1499.
737 2924 938 2963 Tumulam
978 2925 1096 2964 habet
1137 2927 1176 2963 in
1215 2939 1310 2963 arce
1342 2924 1430 2963 celi.
1465 2924 1571 2976 quod
1603 2924 1716 2963 alias

52 2991 93 3027 in
124 3003 201 3029 ara
232 2989 310 3029 cele·
341 2990 503 3029 dicitur.
567 2989 649 3042 Quo
689 3003 793 3032 novo
836 2994 1052 3032 testimonio
1095 2992 1356 3040 confirmatur,
1397 2991 1496 3043 quod
1535 2991 1582 3030 de
1619 3003 1717 3030 anno
