2006 3365
489 184 543 224 IN
574 182 796 226 VALERH
827 183 1066 226 CATONIS
1097 184 1276 225 DIRAS.
1642 185 1707 232 81

68 299 230 339 arbores
262 301 300 338 et
332 302 511 348 segetes:
555 313 634 340 una
669 300 836 340 horrida
873 303 985 340 acies
1025 300 1242 349 Volcania,
1284 303 1324 340 ut
1352 300 1406 340 ait
1436 298 1512 339 ille.
1572 298 1709 338 Possis

66 369 174 407 etiam
207 368 285 417 sic,
317 380 388 406 non
421 380 557 417 magno
589 370 802 408 sententiae
832 369 1067 408 discrimine:
1120 369 1356 409 Pascuntur
1386 375 1542 420 seyetcs
1575 367 1708 421 diffu-

63 439 126 476 sis
159 436 346 488 {quibust
380 449 484 475 aetra
521 437 785 486 Transvolet,
819 443 894 476 etc.
955 437 1032 476 Sed
1073 438 1244 487 praefero
1286 437 1389 476 illud.
1450 437 1524 476 Iam
1555 437 1611 475 sic
1640 448 1708 475 ac-

63 508 197 556 ceptus
228 505 336 544 locus
366 517 408 543 re
440 518 532 543 vera
564 506 695 544 similis
726 510 839 558 atque
870 506 1042 554 geminus
1073 506 1144 543 erit
1174 505 1258 544 loeo
1290 504 1433 545 Culicis
1469 507 1559 545 137.
1602 517 1709 558 quem

63 576 115 614 ita
146 577 266 614 tentat
296 573 514 613 Gronovius
546 574 663 614 Obss.
696 574 721 612 l.
754 574 779 612 l.
812 574 1071 613 emendatione
1102 573 1365 624 pereleganti:

348 645 513 695 Appelit
545 646 677 683 aereis
710 643 943 691 coniungere
974 641 1168 681 montibus
1201 650 1334 681 astra.

62 711 289 766 Quamquam
331 711 383 749 ibi
424 710 599 750 librorum
639 711 862 750 auctoritate
898 709 1071 749 Thuanei
1112 722 1173 760 ap.
1215 711 1418 759 Vossium,
1463 709 1710 766 Augustani,

62 780 244 819 Vossiani
276 783 343 819 81.
396 780 654 829 Basileensis,
688 778 915 817 Venetarum
948 777 1088 817 Achat.
1121 778 1222 818 Rub.
1249 778 1351 817 lens.
1385 780 1423 817 et
1453 778 1707 822 Mutinensis,

61 852 175 888 tutum
209 848 356 888 videtur
386 851 632 899 continyere,
673 847 782 886 modo
823 847 1020 886 adsciscas
1059 847 1180 886 lenem
1212 846 1405 896 Scaligeri
1438 847 1708 886 correctionem

60 918 228 958 motibus
260 930 327 969 pro
357 917 565 956 montibus.
614 916 804 955 Arborum
835 915 1088 966 appellatione
1120 914 1217 956 Cato
1248 915 1429 965 arbores,
1461 916 1496 954 in
1528 914 1628 954 silva
1658 915 1709 954 il-

61 986 138 1032 las,
171 990 210 1026 et
243 987 343 1024 vites
376 986 410 1023 in
442 986 651 1036 propinquo
683 984 807 1023 silvae
846 985 973 1022 vineto
1015 984 1311 1035 comprehendit.
1373 983 1598 1035 Aptissime.
1659 981 1710 1024 Ut

61 1056 157 1094 enim
189 1066 261 1093 non
301 1066 368 1105 pro
412 1054 513 1092 veris
551 1053 752 1092 arboribus
793 1052 894 1092 vites
932 1051 1108 1091 hahuerit
1138 1052 1255 1101 Cato,
1302 1054 1425 1103 potuit
1463 1056 1584 1092 tamen
1624 1052 1710 1092 illas

63 1135 256 1162 numerare
288 1126 384 1161 inter
414 1122 572 1161 arbores
603 1121 675 1160 hoc
706 1121 812 1168 loco,
846 1122 907 1160 ubi
938 1134 1063 1171 genus
1095 1122 1297 1172 opponitur
1327 1122 1483 1173 generi:
1515 1121 1709 1173 arbores,

60 1192 277 1245 quibuscum
316 1190 389 1229 hoc
426 1202 615 1229 commune
647 1195 707 1229 est
738 1190 903 1237 vitibus,
943 1190 1038 1242 quod
1081 1190 1188 1239 ligna
1226 1191 1390 1241 faciunt,
1431 1193 1581 1243 seyen,
1621 1193 1709 1231 ari-

60 1265 152 1301 stis.
213 1260 290 1300 Sed
323 1261 442 1298 fuisse
473 1260 580 1298 etiam
614 1262 766 1298 naturae
797 1260 943 1309 peritos
981 1259 1136 1303 multos,
1175 1259 1237 1310 qui
1278 1259 1379 1298 vites
1421 1260 1518 1298 inter
1548 1259 1708 1298 arbores

61 1332 318 1379 numerarent,
352 1330 462 1367 testis
493 1332 553 1366 est
586 1328 743 1366 Plinius.
790 1327 944 1375 Monui,
977 1339 1022 1365 ne
1054 1328 1137 1379 quis
1168 1328 1266 1366 forte
1297 1327 1343 1366 de
1374 1328 1596 1379 arboribus,
1621 1328 1710 1381 qui-

61 1399 132 1437 bus
164 1399 356 1436 maritatae
388 1402 476 1436 noto
508 1409 608 1436 more
640 1397 762 1443 vites,
805 1397 967 1445 cogitet.
1028 1396 1114 1435 Non
1145 1395 1241 1448 quod
1273 1407 1410 1446 negem
1440 1397 1561 1436 fuisse
1595 1398 1708 1436 vine-

61 1472 134 1506 tum
168 1467 326 1507 Catonis
358 1480 402 1505 eo
435 1479 534 1505 more
567 1468 794 1515 institutum,
827 1466 893 1504 sed
926 1465 1050 1505 aliena
1080 1467 1126 1504 ab
1159 1469 1289 1504 nostro
1320 1465 1405 1504 loco
1435 1465 1562 1504 barum
1593 1465 1707 1505 arbo-

62 1548 137 1573 rum
178 1535 316 1574 mentio
358 1538 430 1574 est.
592 1535 766 1587 Denique
805 1548 910 1574 aura
948 1547 1018 1573 non
1064 1537 1236 1583 ventum,
1285 1534 1352 1573 sed
1391 1535 1560 1586 spiritum
1600 1534 1709 1587 quasi

61 1604 248 1650 flammae,
282 1603 341 1641 vel
375 1603 549 1641 flammam
581 1605 723 1654 ipsam,
755 1616 860 1655 quam
894 1616 943 1642 ex
975 1603 1074 1642 silva
1109 1604 1290 1655 vineaque
1322 1603 1356 1642 in
1384 1605 1546 1653 segetes
1576 1603 1711 1652 dirigit

59 1675 172 1724 atque
205 1672 395 1722 compellit
426 1676 583 1719 ventus,
620 1673 824 1724 significat.
886 1672 1009 1712 Docta
1048 1676 1109 1712 cst
1138 1671 1210 1711 hac
1248 1672 1295 1711 de
1333 1683 1432 1711 voce
1463 1670 1710 1712 Wakefieldii

60 1741 105 1779 ad
138 1741 372 1790 Lucretium,
415 1744 488 1780 tum
526 1741 642 1790 alibi,
681 1745 754 1781 tum
785 1741 830 1780 ad
870 1741 936 1780 lib.
970 1740 1040 1781 vl.
1073 1744 1168 1780 220.
1209 1754 1246 1792 p.
1279 1743 1375 1780 264.
1415 1753 1474 1794 sq.
1515 1740 1605 1781 Vol.
1637 1739 1707 1780 111.

58 1810 118 1848 ed.
151 1809 289 1859 Glasg.
323 1809 544 1860 disputatio.

145 1878 280 1917 Veram
312 1880 532 1929 scripturam
574 1879 924 1932 distinctionemque
965 1878 1123 1918 exhibet
1163 1879 1274 1918 etiam
1307 1878 1501 1918 Arnoldus
1542 1891 1628 1929 sup.
1660 1878 1707 1917 ad

60 1947 110 1987 V.
141 1951 202 1985 11.
235 1947 297 1986 ubi
329 1950 473 1998 profert
506 1947 602 1987 bunc
633 1948 777 1999 locumg
810 1951 848 1987 et
873 1948 1177 1997 Wcrnsdorfius,
1209 1948 1276 1986 sed
1311 1947 1373 1987 hic
1405 1959 1519 1997 casu,
1550 1946 1613 1986 vel
1645 1947 1708 1985 in-

64 2016 191 2054 vitus:
224 2029 303 2054 nam
335 2017 419 2068 ipse
451 2018 701 2056 coniecturam
734 2017 871 2068 probat
901 2017 1049 2056 Ileinsii
1082 2030 1210 2057 auras
1248 2016 1514 2066 Transvolet,
1548 2015 1708 2056 arbori-

61 2084 133 2124 bus
166 2087 380 2136 coniunqut
410 2093 447 2125 et
479 2087 602 2125 ardor
632 2090 805 2126 aristas.
869 2086 1049 2124 Heinsius
1082 2085 1191 2124 etiam
1232 2087 1311 2124 sic:
1356 2084 1516 2125 umbras
1553 2085 1708 2125 Trans-

60 2153 166 2192 volet
197 2153 403 2194 arboreas.
437 2160 476 2194 et
505 2155 577 2193 alio
609 2158 800 2206 tempore:
842 2157 1056 2207 coniunqac
1087 2161 1126 2194 et
1157 2154 1291 2194 arbori
1320 2157 1493 2194 aristas.
1556 2153 1707 2194 VVake-

61 2222 205 2260 tieldius
237 2221 259 2259 l.
294 2222 317 2261 l.
368 2224 602 2263 Pascuntur
642 2231 822 2275 segetem
869 2224 1042 2277 diffusis
1083 2222 1264 2274 mnibus,
1298 2236 1401 2262 aura
1438 2223 1706 2273 Trans-volet,

60 2290 271 2330 arboribus
303 2281 516 2343 coniunqa!
547 2294 587 2330 ut
618 2293 741 2332 ardor
772 2295 944 2331 aristas.
976 2299 1019 2331 uc
1050 2304 1117 2343 pro
1149 2298 1211 2342 et,
1253 2292 1490 2343 approbante
1522 2290 1705 2331 Eichsta-

60 2360 135 2397 dio.
177 2359 271 2397 Mihi
306 2373 371 2409 per
402 2361 569 2411 copulam
603 2362 699 2400 necti
732 2362 964 2409 sententias,
997 2364 1035 2400 et
1065 2360 1270 2411 simplicius
1297 2361 1416 2399 visum
1444 2363 1526 2408 est,
1560 2365 1599 2400 et
1625 2372 1705 2398 ma-

61 2429 124 2480 gis
156 2429 352 2479 poeticum.
472 2430 528 2468 De
560 2429 743 2480 particula
772 2437 808 2470 ee
842 2431 951 2468 tertio
984 2429 1067 2468 loeo
1100 2430 1226 2480 posita
1252 2430 1542 2480 disputationem
1572 2429 1702 2468 reiicio

61 2499 96 2536 in
130 2497 236 2536 Diss.
272 2497 339 2535 ΙΙΙ,

147 2632 197 2672 V.
231 2636 296 2672 45.
358 2642 556 2677 PERTICA
583 2645 677 2687 QUA
702 2645 920 2681 NOSTROS
946 2646 1141 2679 METATA
1168 2645 1256 2679 EST
1282 2645 1416 2678 IMPIA
1444 2644 1672 2679 AGELLOS.

149 2703 314 2742 Perlicu
348 2699 466 2756 quael
515 2703 676 2744 Portica
709 2720 802 2760 qua.
863 2707 910 2744 Et
941 2707 992 2745 ita
1023 2704 1222 2744 nonnullae
1253 2705 1452 2744 editiones.
1514 2705 1700 2753 Pernen,

61 2771 305 2822 Propertius:
348 2771 585 2811 Abstulerat
623 2775 794 2813 miseras
823 2778 981 2828 pertica
1011 2777 1145 2813 tristis
1183 2786 1293 2827 opes.
1353 2773 1395 2812 ln
1427 2772 1555 2819 ltalia,
1596 2776 1634 2811 ut
1665 2775 1703 2811 et

62 2840 168 2890 pueri
199 2840 344 2889 sciunt,
376 2840 532 2890 perticis
563 2841 766 2892 antiquitus
798 2843 1032 2882 metabantur
1053 2854 1192 2892 agros:
1226 2841 1383 2880 Barbari
1408 2854 1500 2880 vero
1529 2841 1699 2879 funibus:

63 2912 103 2946 ut
133 2913 194 2946 cst
223 2908 258 2946 in
290 2909 411 2947 sacris
449 2907 594 2957 literis,
633 2911 671 2947 et
701 2910 796 2960 apud
829 2910 1075 2950 Herodotum.
1119 2912 1216 2950 unde
1258 2909 1432 2960 ⁰Z01W'Q’
1475 2906 1699 2957 μετρῆσαι.

63 2973 206 3013 Postea
235 2975 331 3015 hunc
363 2978 483 3014 sunem
515 2976 622 3014 etiam
654 2975 834 3016 Romanis
865 2980 1138 3032 arvipendium
1176 2980 1398 3018 nominatum
1429 2978 1598 3016 invenio.
1658 2977 1700 3016 ln

64 3045 188 3081 veteri
218 3043 417 3083 Glossario
449 3044 669 3095 exponitur,
702 3047 874 3091 σχοῖνος
905 3043 1205 3095 γεωμετρικός,
1251 3046 1373 3099 Quare
1405 3058 1511 3097 quum
1542 3047 1578 3085 in
1606 3045 1697 3086 Gal-

132 3121 286 3153 Valerius
306 3121 400 3153 Cato.
1395 3117 1427 3160 6
