2006 3365
314 159 415 203 350
901 151 1263 192 DISSERTATIO
1294 152 1363 192 IV.

315 273 353 309 ct
383 272 519 321 quanta
550 270 598 306 sit
629 267 946 306 Vratislaviensis
977 267 1047 306 ΙΙΙ.
1080 279 1159 305 cum
1190 267 1381 306 Vossiano
1414 266 1445 305 Ι.
1478 267 1700 317 similitudo,
1732 270 1770 307 et
1800 261 1947 307 omnino

314 351 385 390 quo
419 340 497 375 scre
528 335 657 374 habitu
690 337 994 374 circumferantur
1024 337 1058 374 in
1091 335 1200 374 libris
1232 336 1428 374 veteribus
1447 334 1664 387 Catalocta,
1696 337 1834 388 placet.
1878 336 1948 375 Si-

313 405 476 443 militudo
509 403 571 441 illa
602 405 724 442 statim
756 406 790 442 in
823 405 868 442 iis
901 405 1123 442 carminibus
1156 405 1340 450 cernitur,
1375 417 1468 456 quae
1498 417 1628 444 rursus
1659 405 1828 444 addenda
1859 417 1949 443 esse

312 472 520 512 Catum-stis
553 473 706 524 Virgilii
738 474 847 512 docui
883 474 986 511 Diss.
1019 472 1049 510 l.
1110 472 1203 511 Nam
1236 473 1269 510 in
1305 474 1463 511 carmine
1493 474 1581 524 Epo
1612 475 1712 514 haee
1742 487 1812 525 eqo
1843 478 1946 522 arte,

311 540 406 592 quod
441 544 499 580 cst
530 541 626 591 apud
660 542 904 579 Burmannum
936 542 1062 591 Priap.
1090 556 1247 579 Lxxxv.
1281 555 1340 579 vs.
1360 545 1398 581 3.
1431 549 1600 581 stantem
1630 556 1697 594 pro
1728 549 1812 582 tate
1843 545 1947 581 uter-

312 620 383 660 quc
415 609 560 658 codex,
593 608 711 647 Voss.
744 609 773 648 Ι.
807 614 844 648 ct
876 610 1035 649 Vratisl.
1068 610 1137 648 ΙΙΙ.
1198 613 1236 649 at
1276 614 1425 661 practer
1463 611 1535 650 hoc
1577 611 1733 650 Vratisl.
1765 612 1950 663 Apellam

311 681 349 716 ct
380 680 570 727 sinistre,
618 690 713 729 qnae
754 691 825 716 non
858 682 944 716 sunt
976 691 995 716 o
1034 679 1224 718 Vossiuno
1258 679 1287 717 1.
1328 682 1519 717 annotata.
1578 686 1661 719 tute
1691 681 1759 718 iam
1792 681 1826 718 in
1860 679 1948 717 vul-

310 747 439 794 gatis,
473 759 544 797 qua
575 745 829 796 appellatione
861 747 1025 784 codicem
1043 747 1324 797 basileensem,
1357 748 1527 786 Venetas
1558 747 1681 786 Rubei
1712 751 1750 787 et
1771 748 1948 798 Iensoni,

312 814 568 862 vicentinam,
607 817 645 852 et
688 814 916 853 Vossianum
955 814 1004 852 Π.
1052 816 1339 866 comprehendo.
1408 830 1469 854 vs.
1514 820 1578 855 18.
1623 818 1784 856 Parata
1825 831 1951 871 neque

312 895 412 921 crux
443 889 602 921 aestate
632 883 827 922 ementala
858 886 1017 935 uterque
1050 885 1184 922 codex.
1246 885 1394 934 vulgati
1421 897 1429 922 :
1465 886 1514 924 P.
1541 896 1670 939 namq3
1690 900 1745 924 er.
1769 893 1831 925 est
1863 893 1951 925 arte

311 965 358 991 m.
420 965 459 990 v.
488 955 552 989 20.
587 964 670 990 enm
702 953 741 989 et
772 965 810 988 v.
841 954 908 991 21.
940 953 1034 992 Fuit
1067 957 1233 1005 uterque.
1294 955 1387 993 Fuit
1419 955 1528 992 etiam
1560 954 1723 1003 vulgati.
1754 958 1951 1005 practerea

311 1034 351 1058 v.
385 1024 450 1058 21.
485 1020 643 1060 Vratisl.
676 1027 813 1073 capta.
875 1021 915 1060 ln
948 1023 1107 1060 carmine
1138 1023 1234 1074 quod
1266 1025 1458 1075 sequitur,
1490 1023 1586 1073 apud
1607 1023 1803 1061 Burmann.
1821 1023 1949 1073 Priap.

312 1104 487 1127 Lxxxw.
548 1089 667 1128 IInne
697 1102 767 1140 eqo
799 1093 960 1129 invenes
993 1091 1117 1129 locum
1149 1094 1221 1130 etc.
1254 1104 1369 1129 versu
1392 1094 1425 1129 l.
1458 1105 1530 1143 eyo
1562 1093 1742 1130 omittitur
1774 1091 1810 1129 in
1843 1095 1950 1130 utro-

311 1170 403 1210 que,
438 1162 476 1196 ut
508 1158 688 1196 omittitur
718 1159 752 1195 in
785 1158 978 1207 vulgatisg
1012 1164 1049 1197 ct
1082 1172 1215 1197 vorsus
1248 1163 1286 1198 2.
1319 1161 1369 1198 ita
1401 1162 1638 1210 conceptus:
1677 1161 1835 1200 Tectam
1863 1174 1950 1199 mu-

311 1229 452 1265 nimine
482 1228 596 1265 inneo
628 1228 783 1280 carisq3
815 1228 1004 1280 maniplis
1038 1228 1072 1265 in
1104 1231 1283 1279 utroque,
1313 1229 1347 1266 in
1373 1227 1530 1266 Vratisl.
1551 1241 1629 1266 cum
1649 1229 1951 1280 interpunctione

310 1301 399 1346 post
429 1297 662 1335 munimine:
697 1299 735 1335 et
765 1299 853 1346 post
885 1300 1010 1335 iunco.
1072 1295 1229 1347 Vulgati
1253 1308 1262 1333 :
1299 1297 1458 1335 Tectam
1478 1299 1621 1336 uimine
1641 1299 1777 1337 iunceo
1794 1299 1949 1351 earisq3

310 1379 356 1403 m.
419 1378 478 1402 vs.
518 1366 578 1402 17.
613 1366 704 1417 quis
737 1364 897 1403 Vratisl.
930 1368 967 1403 et
1009 1365 1067 1403 sic
1098 1365 1193 1403 baud
1225 1364 1338 1402 dubie
1380 1364 1416 1402 ln
1456 1365 1574 1403 Voss.
1607 1364 1637 1403 Ι.
1670 1368 1771 1413 erat,
1809 1377 1879 1403 non
1912 1369 1952 1405 ut

311 1435 347 1472 in
379 1433 470 1472 ΑΜ.
504 1436 631 1488 queis.
678 1436 715 1472 et
761 1438 851 1488 quz's
893 1433 1062 1483 vulgati,
1104 1436 1256 1484 practer
1293 1432 1529 1471 vicentinam
1573 1436 1610 1472 et
1642 1433 1867 1472 Vossianum
1900 1432 1950 1471 ll.

313 1503 375 1541 ubi
410 1503 565 1556 quihus.
628 1503 783 1555 Priape
811 1502 971 1542 Vrutisl.
1005 1515 1083 1541 cum
1107 1502 1296 1551 vulgatis,
1330 1501 1426 1553 quod
1455 1514 1526 1539 non
1551 1504 1763 1541 annotatum
1791 1514 1811 1541 e
1832 1501 1950 1540 Voss.

311 1571 341 1610 l.
403 1584 464 1609 vs.
488 1575 552 1610 18.
590 1573 815 1611 Praestare
845 1578 882 1611 et
914 1572 1058 1610 doniini
1088 1574 1242 1610 vineam
1272 1572 1464 1624 liortemzqg
1497 1573 1600 1610 tueri
1631 1572 1665 1609 in
1694 1571 1823 1609 codice
1844 1573 1949 1609 utro-

312 1652 398 1692 que.
458 1641 652 1679 hortulum
682 1644 878 1692 vineamq3
912 1640 1073 1688 vulgati.
1135 1652 1284 1678 versum
1318 1643 1383 1677 20.
1417 1640 1539 1678 codex
1570 1642 1726 1692 uterque
1757 1641 1833 1678 ita:
1881 1639 1950 1679 V'-

311 1712 426 1748 einus
459 1709 639 1759 (Vratisl.
681 1710 881 1759 Vicimus)
912 1722 1038 1761 prope
1069 1715 1130 1747 est
1161 1708 1412 1761 neqliyensqg
1450 1709 1641 1762 Priapus.
1703 1709 1841 1747 omisso
1875 1720 1950 1745 vo-

312 1778 395 1816 cab.
422 1778 559 1826 dives,
592 1778 686 1829 quod
720 1778 787 1815 iam
819 1779 1029 1815 restitutum
1061 1778 1096 1814 in
1127 1776 1312 1825 vulgatis.
1374 1788 1523 1814 versum
1542 1779 1768 1827 postremum
1787 1775 1947 1815 Vratlsl.

312 1846 391 1885 ita:
426 1846 526 1885 Inde
557 1849 715 1885 sumitte
752 1849 958 1885 semitam:
999 1847 1099 1884 haee
1144 1846 1286 1884 deinde
1325 1858 1363 1884 v.
1408 1847 1443 1897 f.
1481 1847 1508 1884 i.
1550 1845 1612 1884 ubi
1642 1857 1662 1883 e
1693 1844 1887 1882 vossiano
1918 1844 1948 1882 l.

311 1914 406 1953 nibil
439 1918 665 1953 annotatum.
699 1917 876 1953 semitam
909 1916 1016 1952 etiam
1049 1913 1208 1961 vulgati.
1327 1914 1512 1954 Catalect.
1546 1926 1655 1952 carm.
1679 1913 1710 1951 l.
1742 1913 1801 1951 ed.
1823 1913 1948 1964 Heyn.

311 1996 463 2021 vorsum
500 1987 535 2021 1.
599 1984 915 2022 Vratislaviensis
947 1984 996 2021 ita
1034 1983 1211 2032 scriptum
1250 1980 1391 2022 habet:
1454 1984 1519 2022 De
1550 1996 1630 2036 qua
1662 1996 1785 2035 saepe
1815 1986 1948 2021 venit:

312 2053 387 2092 sed
416 2060 535 2091 tucca
567 2053 705 2091 cidere
735 2053 808 2091 tibi
854 2055 892 2090 et
925 2064 1072 2089 versum
1093 2054 1131 2089 3.
1165 2052 1230 2090 De
1262 2065 1341 2104 qna
1374 2065 1498 2104 saepe
1528 2065 1603 2090 non
1633 2050 1707 2089 tibi
1737 2052 1847 2090 venit
1871 2050 1949 2090 ad-

310 2123 386 2161 huc
429 2122 520 2160 milii
557 2134 686 2175 mcrnq3
758 2121 899 2169 lgnoro
933 2121 1016 2172 quid
1051 2133 1070 2157 e
1104 2120 1296 2157 Vossinno
1330 2119 1359 2158 l.
1399 2124 1610 2158 annotatum
1650 2120 1712 2158 sit.
1772 2119 1838 2158 De
1871 2133 1950 2172 qua

312 2204 408 2242 sepe
437 2190 509 2228 tibi
546 2192 655 2228 venit
695 2189 769 2228 secl
812 2196 930 2227 tucca
974 2189 1112 2227 videre
1151 2202 1189 2226 v.
1226 2191 1261 2226 1.
1304 2189 1386 2227 cod.
1429 2188 1545 2226 ssasil.
1586 2187 1738 2228 Caeteri
1780 2187 1948 2239 vulgati:

312 2259 378 2297 De
410 2271 489 2311 qna
521 2272 646 2310 saepe
677 2259 748 2296 tibi
778 2260 887 2297 venit
919 2258 993 2296 secl
1023 2271 1148 2310 saepe
1169 2271 1206 2296 v.
1270 2270 1307 2295 v.
1341 2261 1379 2296 3.
1412 2258 1477 2296 De
1510 2270 1590 2310 qua
1621 2270 1745 2308 saepe
1775 2257 1848 2295 tibi·
1873 2269 1950 2295 non

314 2330 424 2368 venit
453 2328 586 2366 adhue
623 2328 714 2366 milei
752 2338 882 2379 numq3
923 2325 1069 2373 vulgati
1115 2337 1265 2370 omnes,
1308 2326 1378 2363 nisi
1420 2326 1516 2377 quod
1557 2326 1592 2364 in
1632 2326 1714 2364 cod.
1754 2325 1871 2364 Basil.
1904 2339 1950 2365 se

312 2409 380 2447 pro
414 2409 550 2447 saepe.
669 2393 855 2434 Catalect.
889 2393 954 2432 ΙΙΙ,
989 2394 1047 2432 ed.
1083 2394 1209 2443 llcyn.
1242 2407 1281 2431 v.
1309 2396 1346 2431 5.
1377 2398 1561 2446 pereinat
1591 2395 1626 2432 in
1658 2397 1828 2446 utroque.
1860 2393 1949 2432 vul-

312 2466 394 2514 gati
423 2466 607 2517 pertinet.
669 2463 758 2502 ibid.
790 2477 828 2502 v.
857 2467 890 2500 l.
923 2462 1159 2501 memorabile
1190 2465 1271 2510 est,
1303 2464 1397 2514 quod
1423 2463 1540 2501 Voss.
1561 2462 1591 2501 Ι.
1620 2464 1658 2501 et
1685 2474 1762 2500 cum
1784 2463 1902 2502 Voss.
1917 2460 1947 2499 Ι.

315 2533 438 2572 codex
482 2532 596 2570 Basil.
640 2532 730 2571 beat
770 2531 933 2579 babentg
974 2531 1132 2576 caeteri,
1173 2532 1280 2568 ctiam
1323 2531 1483 2570 Vratisl.
1523 2531 1633 2582 plene
1665 2531 1779 2571 beate
1838 2543 1875 2569 v.
1908 2534 1946 2568 2.

315 2602 486 2653 Generq3
528 2607 644 2639 noctu
684 2599 917 2652 impudicum
957 2605 1079 2650 eaput
1118 2598 1274 2637 Vratisl.
1315 2612 1394 2637 cum
1434 2600 1632 2649 vulgatisg
1679 2600 1725 2638 de
1757 2600 1875 2639 Voss.
1913 2602 1947 2636 l.

314 2672 456 2709 nescio.
519 2683 557 2707 v.
591 2675 629 2708 3.
675 2669 773 2722 Τιιᾳς
805 2682 907 2707 nune
934 2668 1072 2720 puella
1103 2668 1204 2706 talis
1235 2676 1272 2707 ec
1301 2675 1367 2707 tao
1401 2669 1562 2717 vulgati.
1628 2669 1752 2722 Taoq3
1784 2675 1877 2706 tune
1903 2680 1946 2719 p.

314 2747 342 2778 t.
376 2747 411 2779 et
442 2747 469 2778 t.
531 2737 690 2778 Vratisl.
723 2738 769 2775 dc
801 2738 920 2776 Voss.
955 2737 982 2775 Ι.
1014 2737 1156 2774 nescio.
1219 2750 1256 2774 v.
1291 2741 1327 2774 4.
1359 2738 1531 2790 Stupore
1558 2750 1711 2791 pressa
1744 2735 1948 2789 (praessa

315 2809 444 2858 Vrat.)
477 2822 546 2846 rus
577 2807 728 2846 habitet
758 2807 850 2845 milii
881 2805 1027 2854 vulgati
1059 2818 1136 2843 cum
1178 2805 1334 2843 Vrutisl.
1367 2806 1433 2844 sed
1468 2806 1550 2844 cod.
1591 2807 1681 2844 Bas.
1712 2805 1870 2844 habitat
1902 2805 1946 2842 de

316 2876 433 2914 Voss.
469 2879 498 2916 l.
532 2876 675 2914 nescio.
802 2873 988 2914 Catalect.
1021 2873 1088 2912 lv.
1122 2874 1181 2911 ed.
1216 2874 1263 2912 H.
1299 2889 1336 2912 v.
1375 2879 1407 2912 1.
1454 2874 1632 2927 Superbe
1668 2880 1784 2912 noctu
1824 2886 1945 2925 repu-

317 2946 438 2983 dilmn
469 2953 589 2997 capue
621 2945 655 2982 in
687 2947 871 2995 utroque3
904 2942 1060 2980 Vratisl.
1093 2946 1212 2981 autom
1244 2944 1274 2983 S
1304 2944 1437 2981 omittit
1468 2944 1501 2981 in
1529 2955 1615 2981 voc.
1631 2941 1820 2995 Superbe.
1863 2942 1945 2981 Su-

315 3014 436 3065 perbe
465 3021 581 3054 noctu
611 3015 833 3066 repuditmn
861 3018 984 3065 eaput
1015 3012 1122 3051 etiam
1151 3010 1317 3061 vulgati,
1349 3018 1506 3063 praeter
1530 3010 1679 3049 Vicent.
1702 3014 1740 3050 et
1761 3009 1876 3049 Voss.
1895 3008 1943 3047 11.
