2006 3365
247 119 346 163 162
800 109 1332 150 ANIMADVERSIONES

248 229 400 270 Vicent.
438 230 553 278 aliae,
591 229 631 266 ut
666 224 846 264 Aldinae.
914 226 1070 263 narium
1110 235 1180 274 pro
1219 223 1388 263 viridem
1425 223 1578 263 Veneta
1616 221 1724 262 Scot.
1770 224 1888 263 1555.

249 312 361 353 quom
392 297 512 346 Angl.
543 295 690 350 palicia
720 294 821 333 Ven.
853 292 995 331 Achat.

332 366 497 405 mundus
530 376 598 415 pro
631 361 736 402 caelo
768 374 875 414 quum
915 360 1087 400 omnibus
1123 360 1252 411 poetis
1292 358 1420 399 latinis
1451 361 1646 409 usitatum,
1692 362 1766 399 tum
1802 358 1892 398 111116

249 435 387 481 aetati,
421 436 459 472 et
490 444 585 485 quae
615 431 805 482 proxima:
837 429 971 469 Attius
1003 441 1064 479 ap.
1097 428 1209 466 Varr.
1232 428 1302 467 Vl.
1320 442 1357 478 p.
1385 431 1451 468 68.
1476 429 1576 468 HSt.
1603 427 1740 468 Catuli.
1762 427 1890 479 Epith.

248 506 291 543 P.
325 505 363 542 et
392 502 467 542 Th.
499 505 595 540 206.
637 498 752 539 Coma
783 499 922 538 Beren.
957 513 983 535 1.
1025 495 1126 536 Ciris
1160 510 1195 534 v.
1231 499 1267 535 7.
1302 500 1396 536 218.
1429 497 1564 548 quibus
1595 497 1691 536 loeis
1723 495 1892 535 omnibus

247 573 388 612 sidera
418 570 562 618 habes,
594 569 657 608 vel
689 568 861 616 lmnz‘na,
896 567 1094 605 coniuncta
1121 577 1199 604 cum
1231 565 1385 604 mundo.
1431 565 1574 604 Noster
1606 567 1735 604 iterum
1765 578 1801 602 v.
1824 566 1890 602 46.

248 644 441 694 inspersa
479 639 591 678 videt
626 636 792 684 mundo,
836 635 883 673 de
922 635 1111 673 amoribus
1153 634 1302 672 deorum
1345 635 1380 672 in
1423 633 1527 672 caelo
1567 634 1764 672 collocatis
1796 633 1894 672 inter

250 710 387 748 sidera.
448 708 604 746 Frustra
634 708 721 744 311111
752 705 894 754 igitur,
933 704 993 756 qui
1023 703 1204 742 mnndum
1245 702 1462 752 intelligunt
1494 704 1650 749 terram,
1692 704 1731 740 ut
1762 701 1893 741 Gloss.

250 778 301 816 V.
333 779 365 816 l.
397 776 576 816 mundum
606 775 774 814 viridem
806 773 905 812 dicit
932 779 1098 825 propter
1127 771 1274 810 herbas
1305 778 1343 810 et
1366 773 1551 821 yramz'na
1580 778 1618 810 et
1647 784 1697 810 ea
1729 772 1895 825 quaein

250 854 361 887 terra
390 846 547 898 florent.
609 843 706 897 Quid
740 842 834 881 enim
865 845 940 881 tum
977 841 1042 880 fiet
1077 836 1312 880 sideribus?
1370 839 1592 890 Descriptio
1625 841 1685 878 est
1716 838 1896 889 temporis

250 915 446 963 nocturni,
493 926 564 966 quo
606 915 776 962 tempore
817 923 860 949 se
898 910 1113 949 destitutum
1157 921 1247 947 esse
1286 920 1355 946 sua
1393 908 1519 958 puella
1559 912 1670 958 poeta
1715 907 1894 960 queritur.

250 984 411 1023 Tantum
443 984 583 1021 certum
615 984 688 1020 est.
750 979 845 1019 Illud
878 979 1088 1031 quaeritur,
1129 980 1247 1016 utrum
1289 977 1429 1015 initium
1472 976 1709 1015 describatur
1749 976 1896 1022 noctis,

251 1065 298 1091 an
329 1052 433 1101 finis3
464 1054 583 1089 utrum
614 1049 814 1097 surgentia
844 1047 971 1085 sidera
1002 1047 1124 1095 dicat,
1156 1057 1202 1084 an
1234 1045 1420 1083 cadentia.
1480 1044 1567 1083 Non
1599 1057 1688 1083 esse
1720 1045 1815 1082 enim
1848 1043 1897 1082 de

251 1112 373 1160 media
403 1120 516 1157 nocte
547 1129 776 1166 sermonem,
808 1118 846 1154 et
878 1115 972 1154 caeli
1002 1113 1196 1165 epitheton
1228 1114 1422 1161 viridem,
1455 1116 1493 1152 et
1518 1113 1679 1152 siderum
1708 1113 1895 1166 pallida,

254 1192 292 1229 et
322 1188 488 1229 redeunt
519 1186 673 1225 verbum
705 1184 896 1224 ostendit:
920 1183 992 1221 nisi
1018 1184 1100 1234 quis
1127 1194 1205 1221 cum
1228 1183 1378 1220 Veneta
1405 1184 1525 1220 1555.
1545 1186 1713 1230 varium,
1735 1181 1797 1220 vel
1818 1193 1899 1220 cum

252 1258 415 1297 Heinsio
446 1262 624 1303 terelem,
658 1257 696 1293 et
727 1266 808 1293 cum
840 1252 967 1291 eodem
999 1251 1188 1299 radiant,
1223 1249 1284 1288 vel
1317 1250 1472 1299 rident,
1506 1251 1677 1289 scribere
1713 1250 1897 1289 maluerit.

253 1328 304 1366 Et
334 1338 456 1365 sermo
496 1324 641 1377 quidem
678 1325 869 1373 utrumque
908 1320 1103 1359 admittere
1134 1319 1286 1358 videtur
1325 1322 1398 1358 tam
1438 1321 1477 1357 ut
1507 1319 1553 1357 (16
1593 1319 1746 1358 1116111116
1786 1321 1899 1358 110616

255 1396 466 1445 cogitetur,
500 1405 606 1445 quam
637 1394 677 1431 ut
709 1391 755 1430 de
787 1393 971 1429 extrema.
1030 1387 1204 1427 Pallida
1245 1390 1332 1426 sunt
1370 1387 1495 1426 sidera
1525 1390 1683 1439 utroque
1715 1390 1900 1438 tempore,

257 1468 294 1504 et
325 1477 432 1517 quum
463 1465 648 1511 surgunt,
688 1462 727 1498 et
758 1472 863 1511 quum
897 1461 1063 1497 exeunt:
1105 1457 1244 1509 quippe
1284 1459 1357 1495 tum
1390 1455 1529 1494 demum
1562 1455 1698 1495 stellae
1729 1457 1900 1507 spiritum

258 1533 365 1585 quasi
397 1534 562 1581 sumunt,
606 1529 781 1580 clareque
812 1526 1035 1575 scintillant,
1077 1538 1182 1578 quum
1221 1525 1354 1576 plenas
1386 1537 1461 1563 nox
1493 1524 1672 1564 tenebras
1704 1524 1809 1564 caelo
1842 1525 1900 1563 in-

259 1602 378 1641 duxit.
418 1612 574 1649 rursus,
616 1597 735 1649 pulsis
766 1596 957 1644 tenebris,
995 1596 1114 1633 minus
1146 1595 1338 1646 minusque
1369 1593 1735 1640 animadvertuntur,
1778 1593 1900 1632 donec

259 1670 515 1710 evanescunt:
559 1670 598 1706 ut
635 1669 695 1705 est
733 1665 770 1704 in
809 1677 925 1703 versu
957 1662 1085 1702 Servii
1118 1661 1277 1702 Centim.
1312 1674 1393 1713 cap.
1425 1661 1495 1700 ΙΙΙ.
1557 1662 1706 1701 Sidera
1734 1662 1899 1714 pallida

261 1740 487 1792 difs'uqiunt
514 1737 612 1789 face
641 1737 785 1774 territa
816 1734 987 1773 luminis.
1051 1732 1224 1772 Viridem
1255 1731 1329 1770 etsi
1361 1729 1566 1769 insolenter
1597 1730 1730 1769 dictum
1762 1734 1822 1770 est
1853 1731 1899 1769 de

261 1807 389 1856 caelo,
421 1809 458 1845 et
489 1817 595 1843 unum
625 1803 774 1852 habeo,
807 1803 869 1855 qui
899 1801 1031 1840 viride
1061 1800 1202 1839 caelum
1234 1800 1395 1848 dixerit,
1428 1799 1584 1838 Plinium
1614 1799 1663 1837 H.
1693 1799 1741 1838 N.
1768 1799 1899 1839 XVII.

262 1892 303 1915 x.
337 1877 436 1915 extr.
469 1874 530 1926 qui
561 1885 680 1924 neque
712 1873 795 1922 ipse
827 1871 920 1909 satis
945 1868 1079 1909 Catoni
1111 1869 1265 1907 similis:
1298 1872 1419 1907 tamen
1450 1867 1523 1906 1106
1555 1870 1693 1907 66110111
1721 1872 1804 1918 631,
1827 1880 1902 1907 11011

261 1947 385 1996 aptum
418 1956 505 1982 esse
537 1941 629 1980 caeli
661 1940 783 1979 media
812 1942 924 1978 110616
963 1937 1169 1988 epitheton.
1238 1937 1408 1977 Virae’dem
1438 1937 1628 1986 mundum,
1665 1935 1703 1974 h.
1736 1949 1771 1976 6.
1811 1948 1904 1975 cae-

261 2013 356 2061 lum,
398 2024 506 2064 quum
538 2010 637 2048 dixit
669 2009 791 2056 Cato,
834 2006 936 2045 color
968 2007 1114 2059 quidam
1153 2006 1426 2055 intelligendus
1464 2007 1544 2053 est,
1584 2006 1681 2044 inter
1721 2017 1904 2056 eyaneum

263 2081 522 2132 splendorem,
568 2081 607 2116 ut
638 2077 794 2117 Catonis
832 2076 963 2114 verbis
1002 2088 1050 2113 ex
1094 2075 1197 2113 Diris
1237 2078 1339 2123 utar,
1383 2074 1504 2126 qualis
1544 2086 1632 2112 esse
1670 2073 1769 2112 solet
1805 2075 1905 2112 circa

262 2151 419 2189 medium
451 2149 566 2191 diem,
609 2150 647 2185 et
684 2146 961 2185 tenebricosum
1002 2145 1124 2183 noctis
1165 2144 1321 2182 medius.
1383 2145 1458 2182 lam
1500 2154 1591 2181 vero
1633 2142 1719 2181 talis
1751 2146 1789 2182 et
1818 2144 1906 2182 ante

264 2221 383 2257 ortum
415 2216 508 2255 solis
540 2217 723 2263 cernitur,
757 2217 795 2252 et
825 2213 1017 2252 antecedit
1048 2224 1220 2251 occasum
1253 2212 1365 2257 30113,
1399 2212 1580 2263 duratque
1610 2214 1700 2262 post
1730 2223 1905 2250 occasum

265 2299 334 2338 per
365 2285 590 2337 aliquantum
622 2283 824 2334 temporis,
858 2284 920 2320 aut
950 2281 1156 2319 simillimus
1187 2281 1319 2330 viridi,
1350 2282 1414 2319 aut
1444 2281 1576 2319 viridis
1599 2292 1641 2319 re
1672 2292 1777 2319 vera.
1824 2279 1906 2318 Re-

266 2357 342 2394 stat
372 2354 539 2393 redemzt
570 2352 752 2401 verbum,
795 2350 892 2402 quod
925 2349 1039 2387 multo
1079 2349 1304 2387 commodius
1344 2353 1455 2400 atque
1493 2349 1667 2387 usitatius
1706 2349 1753 2387 de
1783 2347 1905 2387 stellis

265 2423 475 2463 orientibus
506 2422 617 2473 inque
642 2421 883 2470 conspectmn
909 2416 1092 2455 hominum
1119 2418 1385 2467 venientibus,
1416 2430 1522 2469 quam
1547 2417 1593 2456 d'e
1621 2417 1905 2465 recedentibus,

265 2490 609 2539 evanescentibus,
640 2489 876 2539 accipietur:
909 2486 990 2531 vel,
1023 2489 1063 2524 ut
1092 2486 1227 2525 fortius
1252 2486 1389 2534 dicam,
1422 2497 1495 2524 non
1520 2488 1611 2536 puto
1636 2497 1753 2536 posse
1775 2483 1903 2528 aliter,

267 2573 373 2614 quam
405 2560 452 2598 de
483 2558 711 2606 orientibus,
754 2555 890 2606 accipi.
950 2554 1085 2593 Habeo
1125 2554 1272 2606 quidem
1311 2553 1453 2605 locum,
1493 2554 1532 2592 111
1563 2566 1635 2606 quo
1666 2553 1829 2592 redeunt
1858 2552 1907 2591 de

265 2630 394 2669 stellis
425 2627 711 2671 occidentibus,
742 2625 882 2664 Lucani
912 2625 966 2663 ll.
999 2625 1091 2661 722.
1126 2628 1164 2661 3.

495 2696 551 2735 Et
581 2698 660 2733 iam
693 2693 811 2732 Plias
842 2692 984 2740 habet,
1017 2691 1112 2742 flexi
1143 2692 1221 2729 iam
1249 2690 1444 2743 plaustra
1474 2691 1628 2731 Bootae

495 2765 545 2804 In
573 2766 724 2816 faciem
751 2763 845 2815 puri
876 2761 1034 2799 redeunt
1064 2760 1299 2811 lanquentia
1334 2760 1455 2799 caeli.

269 2836 406 2874 Verum
438 2835 491 2872 ibi
521 2835 679 2884 propter
709 2831 871 2869 additum
912 2831 952 2867 in
981 2829 1128 2880 faeiem
1164 2830 1256 2880 puri
1285 2829 1390 2868 caeli
1428 2827 1502 2866 alia
1538 2838 1604 2866 res
1639 2826 1712 2865 631.
1773 2826 1908 2878 ltaque

270 2906 410 2943 initium
442 2902 669 2942 describitur
699 2899 822 2939 noctis
852 2911 874 2937 a
905 2896 1063 2937 Catone.
1111 2896 1229 2949 quue
1261 2897 1394 2936 suadet
1425 2898 1556 2940 etiam,
1587 2894 1651 2934 vel
1681 2895 1808 2945 potius
1834 2907 1909 2945 po-

270 2973 403 3023 stulat,
444 2971 632 3012 sententia.
668 2967 759 3008 loci.
820 2966 1014 3006 Amatoris
1053 2964 1250 3019 querelae,
1292 2977 1365 3005 non
1402 2964 1578 3004 habentis
1617 2975 1743 3003 secum
1782 2975 1908 3014 suam,
