1970 3350
338 286 418 326 Vos
451 288 579 337 maqis
614 284 848 325 historicis,
894 281 1089 328 lectores,
1132 281 1285 320 credite
1316 281 1364 320 de
1393 295 1472 329 me,

422 361 551 415 Quam
584 359 655 410 qui
693 357 812 408 furta
845 356 956 394 deum
988 354 1302 408 concubitusque
1332 363 1492 394 canunt.

158 436 254 475 Tum
287 435 443 473 Dulcia
485 432 644 481 scripsi,
678 443 750 468 non
784 442 856 481 quo
901 434 1040 468 certum
1083 429 1116 466 id
1160 430 1353 480 omnisque
1395 429 1641 468 dubitationis
1681 439 1825 478 expers

160 510 362 556 haberem,
395 507 460 545 sed
494 507 579 558 quia
614 504 704 543 nihil
739 505 912 555 repperi,
958 504 1054 555 quod
1088 503 1213 552 magis
1248 503 1442 541 videretur
1474 503 1693 541 convenire.
1757 500 1826 539 Est

161 585 255 622 enim
290 582 407 621 dulce
438 582 659 631 perpetuum
693 581 771 617 sere
804 578 1021 628 epitheton,
1058 578 1118 616 ubi
1150 580 1304 630 furlum
1335 577 1407 615 hoc
1438 578 1584 630 quidem
1619 588 1735 614 sensu
1768 574 1824 612 le-

159 659 276 706 gitur.
341 655 484 704 Vin-gil.
520 654 668 703 Georg.
703 654 773 693 lv.
809 657 904 691 345.

341 729 511 769 Volcani
543 729 786 781 Martisque
817 728 935 766 dolos
968 733 1004 765 e!
1039 727 1178 765 dulcia
1208 728 1338 778 [urla.

159 803 304 843 Tibull.
337 803 406 842 lV.
446 806 483 841 5.
519 807 556 842 ἶ.

334 879 510 917 Mutuus
544 879 658 916 adsit
691 891 812 916 autor.
877 877 957 916 Per
995 883 1035 915 te
1066 876 1305 914 dulcissima
1337 876 1476 923 furta,

425 953 583 1006 Perque
614 959 705 991 tuos
738 952 901 1000 oculos,
934 965 1006 1005 per
1039 952 1283 1004 Geniumque
1315 962 1421 1000 roqo.

160 1029 338 1079 Propert.
370 1026 440 1065 111.
475 1030 541 1065 30.
577 1028 642 1064 28.

334 1101 429 1141 Illic
460 1103 643 1153 aspicies
677 1100 861 1152 scopulis
894 1100 1060 1139 haerere
1092 1112 1278 1145 sorores,

420 1177 475 1215 Et
507 1189 653 1214 canere
685 1177 845 1228 antiqui
877 1174 1015 1212 dulcia
1051 1176 1166 1225 furta
1203 1174 1330 1212 Iovis.

161 1250 277 1290 Ovid.
312 1251 407 1289 Met.
440 1249 510 1288 IX.
545 1252 640 1288 557.

333 1325 491 1364 Dulcia
522 1325 709 1376 fraterno
743 1323 816 1362 sub
849 1325 1001 1362 nomine
1030 1323 1147 1374 furta
1179 1327 1368 1371 ceyemus.

163 1398 344 1451 Calpurn.
378 1399 447 1439 IX.
483 1403 520 1438 7.

337 1476 443 1515 Dum
472 1477 637 1528 prunum
670 1473 780 1511 dulci
811 1471 1031 1525 carpebant
1062 1471 1219 1522 glandia
1250 1470 1374 1521 furto.

163 1549 260 1602 Quid
293 1549 391 1602 quod
426 1550 509 1599 ipse
541 1546 638 1587 Cato
671 1546 754 1585 Eel.
790 1550 856 1584 59.

335 1623 491 1663 Dulcia
525 1636 638 1674 quom
677 1621 845 1660 Veneris
882 1622 1052 1673 furatus
1092 1619 1250 1671 yaudia
1289 1620 1476 1671 primum,

163 1702 201 1737 et
234 1711 320 1737 mox
355 1702 421 1736 65.

337 1772 504 1812 Gaudia
537 1772 683 1810 libavit
716 1770 869 1809 dulcem
899 1771 1070 1821 furatus
1104 1781 1272 1806 amorem
1291 1763 1310 1805 ’ἒ

163 1845 275 1886 Conf.
310 1846 481 1886 Naekius
514 1846 621 1884 Diss.
640 1845 709 1884 ΠΙ.
733 1859 769 1896 p.
795 1848 891 1884 278.
926 1844 1067 1893 Pompa
1096 1846 1217 1879 autem
1241 1842 1352 1893 loqui
1373 1840 1509 1878 dieitur
1530 1840 1662 1891 furta,
1692 1839 1832 1891 quippe

164 1933 260 1972 quae
279 1920 399 1970 palam
420 1933 462 1958 ea
484 1920 597 1957 saciat,
615 1921 727 1971 inque
749 1918 1008 1957 celebritatem
1036 1917 1208 1954 adducat.
1260 1915 1349 1953 Vid.
1367 1916 1568 1953 Burmann.
1592 1914 1636 1951 ad
1655 1913 1831 1964 Propert.

164 1995 233 2033 lv.
272 1998 336 2033 11.
364 2000 431 2033 30.
494 1994 600 2046 Quod
635 2007 703 2045 pro
739 1994 861 2032 silvis
896 2005 992 2030 nune.
1025 1995 1156 2042 siquis
1190 1990 1354 2039 legitur,
1388 1990 1421 2027 id
1456 1989 1640 2041 egregie,
1673 1988 1746 2025 nisi
1775 2000 1833 2025 ine

164 2069 261 2108 fallit,
293 2069 444 2119 opinio,
478 2069 523 2106 ad
558 2068 817 2106 illustrandam
850 2068 1074 2104 sententiam
1109 2065 1212 2103 t'aeit..
1275 2064 1357 2102 Nec
1389 2063 1617 2101 adversatur
1648 2074 1741 2100 usus
1772 2061 1832 2099 di-

165 2144 289 2182 cendi.
362 2142 544 2181 Similiter
578 2142 742 2180 Ovidius
779 2141 829 2179 A.
866 2141 915 2179 A.
950 2140 978 2178 Ι.
1015 2144 1109 2178 500.

338 2217 482 2256 Multa
515 2217 760 2270 supercilio,
807 2216 933 2254 multa
965 2215 1133 2267 loquare
1165 2215 1285 2251 notis.

166 2292 266 2331 Idem
300 2291 396 2330 Met.
428 2291 498 2329 lV.
533 2295 599 2329 63.

341 2367 542 2405 Conscius
576 2366 701 2403 omnis
736 2364 883 2413 abestg
917 2369 1013 2402 nutu
1046 2365 1261 2416 siqnisque
1293 2363 1520 2414 loquuntur.

169 2440 379 2480 coelestes
412 2439 616 2487 sagacitati
650 2438 810 2476 debetur
843 2436 886 2476 C.
908 2436 1102 2484 Putscffii,
1136 2437 1208 2475 etsi
1242 2438 1274 2474 is
1307 2436 1454 2488 quidem
1489 2436 1634 2475 Omnia
1665 2436 1833 2474 retinen-

169 2515 251 2553 dum
284 2515 459 2565 putavit,
493 2513 640 2565 aliaque
673 2512 850 2550 nonnulla
882 2514 1109 2550 commentus
1142 2515 1225 2559 est,
1260 2523 1356 2562 quae
1387 2511 1518 2549 merito
1539 2510 1687 2548 Naeltio
1719 2509 1763 2547 ad
1796 2508 1834 2546 h.

168 2589 194 2628 l.
227 2588 514 2639 displicuerunt.
577 2586 619 2625 In
652 2599 732 2624 mea
775 2586 1038 2624 emendatione
1065 2586 1096 2622 si
1134 2586 1231 2623 sorte
1258 2584 1460 2623 collocatio
1488 2586 1587 2634 part.
1614 2596 1689 2623 non
1724 2582 1835 2633 paulo

170 2662 398 2701 insolentior
439 2662 635 2710 videatur,
678 2660 859 2708 legantur
891 2659 1026 2708 velim,
1068 2672 1164 2711 qnae
1203 2659 1372 2697 Nat-kias
1413 2659 1521 2696 Diss.
1560 2658 1629 2697 ΙΙΙ.
1667 2671 1706 2709 p.
1737 2660 1834 2696 295.

171 2737 414 2775 observavit.
478 2735 654 2786 Denique
696 2733 785 2771 illud
830 2734 1030 2772 admonere
1063 2745 1134 2771 non
1175 2732 1333 2771 alienun·
1367 2734 1500 2780 suerit,
1534 2734 1740 2784 perfeetum
1773 2732 1835 2771 lo-

174 2819 299 2864 quuta
331 2817 394 2850 est
426 2811 478 2848 ita
509 2809 572 2847 hic
606 2809 715 2859 poni,
758 2810 795 2846 ut
825 2820 847 2846 a
877 2812 1083 2858 praesente
1124 2807 1213 2846 nihil
1255 2810 1317 2845 aut
1351 2820 1422 2845 non
1454 2807 1603 2846 multum
1636 2806 1835 2855 signitica-

172 2886 273 2923 tione
306 2885 467 2924 differat.
529 2883 590 2922 De
623 2895 695 2934 quo
728 2895 797 2921 usu
831 2882 909 2920 vid.
942 2882 1141 2921 Heinrich.
1172 2882 1218 2920 ad
1251 2881 1425 2920 Iuvenal.
1447 2882 1498 2920 X.
1522 2883 1558 2920 7.
1593 2884 1630 2920 et
1651 2880 1835 2930 Madvig.

173 2958 318 3009 Opusc.
352 2958 442 2997 Vol.
475 2957 524 2996 II.
558 2971 596 3009 p.
636 2960 726 2996 116.

348 3032 474 3071 Scrih.
509 3032 663 3071 Bonnae
694 3043 812 3069 inens.
846 3030 928 3069 Iun.
960 3043 994 3069 a.
1032 3033 1153 3069 1347.
