2006 3365
240 168 340 212 100
794 163 1320 204 ANIMADVERSIONES

238 280 342 328 eius,
383 279 491 318 Poet.
523 278 606 316 Lat.
638 277 732 315 Min.
766 277 838 316 To.
873 277 941 317 lV.
975 278 1019 316 P.
1051 278 1100 316 ΙΙ.
1133 291 1172 329 p.
1204 282 1300 319 829.
1397 280 1511 318 Alius
1551 282 1717 319 fortasse
1748 279 1870 328 dicet,

239 360 309 386 non
341 345 592 398 inquirendum
633 358 721 384 esse
751 357 828 383 eam
861 347 895 384 in
929 358 1098 385 caussam
1131 348 1340 399 curiosius,
1384 348 1450 387 sed
1491 348 1564 387 hoc
1596 350 1710 387 totum
1743 347 1870 398 expli-

239 415 390 454 candum
422 425 509 452 esse
542 425 562 452 e
594 413 907 464 contemplatione
941 416 1041 453 vitae
1071 417 1254 455 rusticae:
1299 429 1366 467 per
1396 429 1522 469 quam,
1554 417 1635 454 dum
1669 417 1705 454 in
1734 415 1869 454 solitu-

235 484 320 522 dine
352 482 458 520 homo
491 485 756 529 commoratur,
801 486 944 522 mutuus
976 485 1093 523 oritur
1131 485 1228 523 inter
1266 484 1435 524 homines
1476 489 1513 524 et
1544 485 1690 523 flunnina
1722 486 1870 523 sontes-

235 563 327 602 que,
360 550 426 588 sed
457 552 600 589 montes
633 562 804 602 quoque,
845 564 888 589 ac
920 551 1059 602 silvas,
1092 565 1214 597 amor.
1248 557 1368 592 mutua
1400 553 1647 592 tamiliaritas.
1708 553 1766 591 lta
1797 555 1870 591 est.

235 619 499 671 Quaecumque
539 620 700 658 carmina
743 621 845 658 vitae
887 621 1049 660 rusticae
1089 623 1369 673 descriptiones
1410 622 1571 669 habent,
1613 621 1735 660 multis
1777 621 1871 659 locis

234 699 343 726 caros
374 700 461 726 esse
485 688 713 732 fluminibus,
748 690 934 734 fontibus,
968 690 1153 729 montibus
1178 691 1451 742 arboribusque
1478 689 1646 728 homines
1672 692 1870 729 testantur.

233 757 440 796 Absentem
481 761 620 796 vocant
661 757 806 796 flumina
848 760 1067 810 sontesque,
1111 763 1288 798 mortuum
1328 758 1482 809 lugent,
1530 760 1690 810 itemque
1727 763 1872 797 montes

232 829 345 878 atque
375 825 540 866 arbusta.
602 826 702 865 Nota
733 826 903 877 exempla
935 830 1022 865 sunt
1052 840 1101 865 ex
1133 828 1242 878 poesi
1273 827 1468 866 bucolica:
1511 840 1590 865 nam
1621 827 1872 876 agricolarum

232 897 495 946 pastorumque
526 896 756 946 frequentius
789 908 866 933 cum
899 896 1128 944 fluminibus,
1170 896 1403 943 nemoribus,
1445 896 1659 945 montibus,
1692 907 1869 934 commer-

233 964 347 1009 cium,
380 976 484 1016 quam
517 963 669 1002 aliorum
700 963 897 1002 hominum.
959 964 1183 1017 Quamquam
1214 965 1346 1003 similia
1385 966 1494 1003 etiam
1526 965 1571 1002 de
1602 964 1686 1003 aliis
1718 964 1869 1015 praedi-

233 1036 363 1071 cantur
394 1031 454 1070 hic
484 1031 579 1080 illic,
624 1032 683 1084 qui
716 1044 786 1070 non
820 1037 907 1071 sunt
946 1038 1119 1083 pastores
1159 1036 1222 1072 aut
1260 1033 1477 1082 agricolae:
1527 1037 1565 1072 ut
1605 1034 1651 1071 de
1684 1032 1872 1072 Umbrone

232 1101 448 1147 sacerdote,
489 1103 528 1139 et
552 1101 828 1139 medicaminum
861 1102 1006 1151 perite,
1047 1101 1234 1152 Virgilius
1266 1102 1367 1140 Aen.
1401 1102 1488 1140 Vll.
1523 1103 1616 1142 759.
1649 1115 1729 1154 seq.
1790 1101 1873 1140 Nec

232 1174 351 1208 tamen
383 1168 591 1220 promiscue
622 1181 750 1207 omnes
782 1181 825 1207 ea
858 1170 1013 1207 caritate
1044 1170 1115 1207 frui
1148 1169 1413 1220 perhibentur,
1448 1171 1515 1209 sed
1556 1172 1617 1223 qui
1655 1171 1777 1223 aliqua
1810 1173 1873 1208 aut

234 1239 395 1288 virtute,
426 1241 488 1277 aut
520 1243 620 1287 arte,
653 1240 715 1276 aut
746 1238 906 1288 denique
940 1239 1049 1288 fatis,
1082 1241 1121 1276 ut
1150 1238 1339 1275 amoribus
1366 1239 1464 1287 suis,
1498 1240 1672 1289 insignes
1698 1242 1871 1278 suerunt:

232 1313 272 1346 ut
306 1307 475 1355 Adonis,
506 1306 702 1356 Daphnis,
735 1307 826 1355 Bio,
858 1306 1031 1356 Tityrus.
1093 1306 1222 1358 ltaque
1255 1306 1432 1345 Battarus
1472 1307 1558 1345 illud
1591 1312 1774 1346 meruerat
1805 1320 1873 1346 sua

233 1375 379 1415 fistulae
419 1377 503 1414 sive
541 1388 687 1414 avenae
729 1376 876 1425 peritia.
938 1374 1122 1413 Moschus
1154 1374 1222 1413 Ill.
1267 1376 1332 1413 Π.
1374 1374 1420 1414 de
1452 1376 1616 1414 Homero
1659 1379 1697 1415 et
1729 1376 1872 1414 Bione:

233 1441 474 1495 ἀμφότεροι
506 1447 660 1492 παγαῖς
692 1442 993 1493 πεφιλαμέιόι.

317 1515 463 1553 Partem
494 1525 630 1552 versus
662 1512 772 1550 huius
805 1514 1070 1563 posteriorem,
1103 1525 1210 1563 quum
1242 1513 1303 1550 diu
1335 1525 1391 1551 me
1417 1525 1641 1563 suspensum
1663 1514 1873 1552 tenuissent

234 1583 319 1622 hinc
355 1595 457 1621 arnor
496 1581 736 1630 elegantiae,
777 1581 861 1619 hinc
897 1581 1071 1619 librorum
1109 1582 1314 1619 auctoritas
1351 1582 1606 1633 antiquorum,
1647 1582 1693 1620 de
1735 1582 1870 1634 quibus

234 1655 406 1701 constat,
447 1652 621 1695 omnium,
666 1651 808 1688 tandem
841 1662 884 1689 eo
917 1654 1134 1700 conceptam
1166 1649 1271 1687 modo
1304 1650 1409 1699 dedi,
1452 1662 1558 1702 quem
1591 1649 1738 1690 Catone
1774 1649 1870 1688 haud

235 1721 425 1769 indignum
456 1720 719 1771 praescribunt
749 1719 846 1758 libri.
899 1720 1058 1771 flumina
1081 1732 1234 1771 semper
1259 1732 1323 1766 a.‚
1357 1723 1395 1757 ut
1425 1720 1460 1756 in
1494 1719 1658 1758 editione
1690 1722 1752 1758 est
1775 1720 1871 1758 omni

236 1790 320 1828 inde
341 1802 362 1827 a
378 1790 505 1839 primis
524 1789 774 1839 temporibus,
794 1790 902 1827 etiam
926 1788 1153 1835 Mutinensi,
1172 1790 1209 1826 et
1230 1788 1266 1825 in
1287 1788 1394 1826 codd.
1409 1787 1611 1825 ssasVrat.
1628 1787 1674 1825 ll.
1691 1787 1872 1827 Voss.11.

236 1859 297 1910 qui
328 1858 480 1896 codices
512 1857 677 1908 pendent
707 1857 754 1895 ab
787 1857 922 1904 odius,
955 1869 976 1894 a
1008 1859 1223 1894 correctore
1255 1857 1486 1906 putaverim,
1524 1856 1581 1894 cui
1615 1854 1685 1894 hoc
1716 1857 1873 1895 suavius

236 1927 410 1965 accidere
432 1926 478 1964 ad
503 1937 613 1964 aures
638 1926 857 1974 videbatur,
887 1927 1086 1963 invectum.
1147 1938 1299 1976 semper
1319 1925 1479 1975 flemina
1507 1925 1542 1962 in
1565 1925 1700 1963 Petav.
1724 1924 1872 1963 Thuan.

238 1995 378 2034 Medic.
417 1994 520 2034 Leid.
560 1995 682 2032 Paris.
716 1993 764 2031 11.
799 1993 867 2032 111.
902 1992 969 2030 lv.
1005 1992 1122 2041 Angl.
1162 1993 1267 2041 Aug.
1304 1992 1407 2030 Mon.
1442 1993 1470 2030 1.
1504 1993 1551 2031 11.
1587 1993 1692 2032 Vrat.
1724 1992 1754 2031 1.
1813 1993 1874 2032 De

237 2065 420 2114 numeris,
463 2066 501 2102 et
531 2062 578 2101 de
609 2063 767 2102 elisione
799 2063 936 2111 minim,
981 2066 1018 2100 ut
1049 2061 1170 2100 multis
1211 2062 1416 2105 videbitur,
1459 2063 1589 2109 suavi,
1629 2061 1695 2101 sed
1737 2063 1872 2101 Catoni

238 2133 501 2181 usitatissima,
534 2131 617 2170 dico
649 2131 753 2169 Diss.
784 2131 852 2169 111.

323 2200 365 2239 ln
396 2199 556 2241 Vratisl.
588 2200 617 2238 Ι.
650 2201 726 2238 sic:
767 2200 838 2238 tibi
868 2213 1020 2251 semper
1049 2198 1209 2250 flumina
1239 2206 1358 2238 retro.
1397 2203 1435 2238 et
1466 2200 1593 2237 omissi
1633 2212 1769 2238 versus
1800 2200 1872 2238 duo

241 2272 307 2308 66.
339 2271 377 2309 et
408 2272 473 2308 67.
535 2266 680 2308 Caussa
712 2269 851 2307 erroris
883 2268 918 2305 in
950 2272 1081 2317 aperto
1119 2272 1191 2306 est.

324 2407 375 2447 V.
394 2410 459 2445 66.
490 2414 571 2448 NIL
591 2414 678 2449 EST
698 2415 822 2457 QUOD
845 2414 1038 2448 PERDAM
1054 2414 1305 2448 UL'PERIUS:
1321 2414 1501 2447 MERJ'PA
1517 2415 1688 2448 OMNIA:
1704 2415 1871 2448 moris.

241 2477 323 2517 dici
353 2475 547 2525 vulgatum
577 2475 612 2512 in
642 2474 841 2517 Romanis.
876 2474 982 2513 codd.
1016 2474 1106 2512 Bas.
1139 2473 1248 2512 vrat.
1279 2474 1327 2512 II.
1362 2475 1479 2514 Voss.
1513 2474 1560 2513 ll.
1595 2475 1740 2513 Veneta
1770 2474 1871 2513 Ach.

242 2545 340 2584 Mut.
372 2548 409 2583 et
440 2544 601 2583 caeteris
633 2549 719 2583 ante
749 2543 911 2582 Aldinas
943 2545 1021 2581 scre
1052 2541 1243 2590 omnibus,
1274 2543 1310 2580 in
1342 2542 1528 2581 nonnullis
1553 2545 1660 2582 etiam
1683 2547 1769 2593 post
1794 2543 1871 2581 Al-

242 2615 369 2658 dInas,
402 2615 442 2652 ut
471 2614 506 2651 in
537 2612 658 2661 bugd.
699 2615 815 2651 1529.
851 2612 938 2650 Bas.
976 2613 1093 2650 1543.
1125 2609 1248 2659 bugd.
1283 2614 1403 2650 1556.
1457 2613 1505 2651 Et
1536 2612 1573 2650 in
1604 2612 1872 2663 antiquissimis

243 2683 388 2735 quidem
418 2682 502 2721 sine
533 2682 831 2731 interpunctione
864 2685 948 2731 post
980 2678 1293 2731 ulterius-:Ulmo
1324 2682 1490 2719 accessit
1521 2682 1555 2719 in
1581 2680 1738 2719 Venetis
1770 2680 1870 2720 Ruh.

244 2755 282 2791 et
312 2752 409 2790 lens.
528 2750 613 2789 daz-1·
642 2750 771 2788 nescio
805 2749 921 2795 unde,
960 2749 1027 2787 sed
1059 2751 1224 2787 tortasse
1254 2749 1361 2787 Badii
1400 2751 1589 2789 inventum
1621 2752 1700 2799 est,
1740 2749 1777 2788 in
1808 2751 1871 2789 A-

245 2820 477 2864 scensianis,
521 2818 690 2858 Cronflit.
733 2818 828 2856 lunt.
870 2817 1046 2866 Mogunt.
1091 2820 1210 2857 1549.
1255 2819 1351 2857 Ven.
1390 2822 1506 2857 1555.
1553 2817 1729 2869 Scaligg.
1768 2818 1868 2857 Pith.

246 2889 327 2926 Non
363 2889 471 2927 video
503 2901 574 2939 quo
606 2899 733 2926 sensu.
794 2886 886 2939 Quis
917 2887 1009 2924 enim
1041 2888 1230 2936 perfecto,
1263 2888 1370 2935 disci,
1403 2887 1508 2925 locus
1540 2886 1622 2935 hic,
1655 2887 1718 2925 ubi
1749 2887 1870 2926 denuo

247 2957 290 2993 ad
322 2957 581 2995 devovendunn
614 2956 823 3004 accingitur
852 2950 993 3005 poeta?
1039 2954 1315 3007 Requirebatur
1346 2957 1494 3004 dicam,
1527 2954 1587 2993 vel
1620 2955 1722 2994 dieo.
1784 2956 1870 3005 Ego

247 3023 331 3062 huic
362 3031 463 3064 certe
495 3024 740 3064 emendationi
773 3022 964 3075 vulgatum
1002 3024 1084 3063 dici
1113 3026 1360 3075 praeferrem.
1421 3023 1497 3064 Sed
1534 3022 1631 3062 aliud
1662 3028 1871 3064 monstrant
