2006 3365
596 128 664 168 DE
696 127 851 168 POESI
882 126 1220 169 CATONIANA.
1630 135 1729 179 301

98 243 236 283 modam
266 255 354 282 esse
387 256 461 297 que
498 242 680 294 copulam.
742 243 867 298 Quare
906 242 1003 283 hanc
1040 256 1085 283 ea
1123 256 1262 283 versus
1292 248 1401 297 parte
1431 245 1542 286 tertio
1573 245 1731 285 additam

99 311 284 351 vocabulo
315 310 430 350 habet
460 311 491 349 1.
525 314 590 350 44.
631 312 680 351 ΙΙ.
715 314 808 351 756.
849 312 918 351 111.
952 316 1046 351 562.
1078 312 1147 351 IV.
1182 317 1276 354 448.

378 380 599 420 Mensibus
632 383 813 435 anlz'qm‘s
846 382 1117 435 adposuitque
1147 382 1262 422 duos.

380 448 429 487 In
459 454 602 500 gremio
635 451 781 489 vultum
814 450 1079 503 deposuitque
1109 464 1234 489 semm-

386 517 543 557 Verle'ee
574 519 726 558 libatas
759 520 1043 571 accipiuntque
1072 531 1222 558 comas.

465 587 570 639 Ipsa
601 600 697 626 snos
739 586 1056 640 abscideralque
1091 590 1221 626 sinus.

96 654 227 693 Itidem
260 655 395 703 tertio,
429 656 494 693 sed
529 657 579 694 ita
611 661 648 694 ut
680 657 830 706 primum
865 654 1084 692 vocabulum
1125 656 1174 694 sit
1216 657 1470 706 praepositio,
1511 656 1571 695 his
1610 657 1733 696 locis:

94 722 144 761 11.
181 725 247 760 16.
280 723 348 762 lv.
388 725 478 763 178.
513 728 607 762 310.
642 723 708 763 vl.
740 726 807 762 84.
870 723 1045 762 Secundo
1087 723 1275 762 vocabulo
1314 724 1472 762 additam
1513 738 1651 775 saepe,
1683 725 1732 765 lI.

100 794 189 831 177.
223 794 318 830 344.
354 795 447 830 604.
508 792 576 830 Ill.
614 795 677 830 16.
713 795 806 831 128.
849 795 944 830 348.
979 795 1073 829 406.
1115 796 1210 830 602.
1243 795 1339 831 626.
1409 792 1479 831 IV.
1513 797 1606 831 200.
1640 797 1734 833 254.

95 863 191 898 351.
226 863 320 899 610.
381 861 430 900 V.
465 866 530 900 92.
564 863 658 899 214.
720 860 789 899 vl.
824 865 917 899 398.
979 859 1119 899 Ovidio
1160 860 1246 899 illud
1288 862 1322 898 in
1354 864 1586 912 pentametro
1616 862 1736 901 artifi-

95 929 189 967 cium
222 930 439 980 praeiverat
469 929 643 968 Tibullus
675 929 796 977 loeis,
829 941 922 981 quos
954 930 1153 977 congessit
1186 928 1447 968 Broukhusius
1479 931 1514 968 in
1545 930 1633 969 Tib.
1667 930 1735 969 111.

95 1012 158 1045 vx,
186 1000 252 1035 48.
282 1001 320 1036 ut
354 997 382 1035 Ι.
411 1013 476 1045 ιιι,
508 1001 574 1037 38.
636 998 831 1049 Effusum
863 1001 994 1036 vente's
1024 998 1348 1052 praebueratque
1378 1001 1519 1038 sinum.
1581 998 1640 1048 Is,
1673 1000 1735 1052 qui

95 1067 248 1116 scripsit
280 1066 450 1115 Elegiam
482 1067 516 1104 in
549 1066 787 1104 Maecenatis
820 1066 983 1115 obitum,
1013 1080 1051 1103 v.
1073 1069 1139 1105 94.
1208 1066 1342 1107 Victor
1367 1068 1539 1107 odorata
1569 1069 1737 1108 dormiat

95 1137 213 1188 inque
243 1149 354 1175 rosa.
417 1133 666 1174 Conl'erantur
698 1134 769 1174 loci
801 1135 897 1186 apud
930 1135 1163 1174 Husclrkium
1196 1136 1230 1174 in
1261 1135 1351 1174 Tib.
1383 1135 1414 1174 Ι.
1448 1151 1491 1185 x,
1526 1139 1592 1175 51.
1625 1149 1659 1176 e.
1691 1149 1735 1186 g.

96 1203 249 1252 virgilii
269 1234 280 1254 ,
311 1204 409 1243 Aen.
444 1203 511 1242 Vl.
545 1207 640 1243 396.

380 1273 518 1324 Ipsius
551 1287 576 1311 a
609 1273 710 1312 solio
751 1276 858 1323 reglis
898 1275 1103 1325 trusitque
1133 1279 1365 1313 trementem.

93 1341 232 1381 Eadem
262 1341 438 1389 licentia,
471 1354 685 1394 quamquam
718 1341 811 1379 haee
843 1342 912 1379 iam
945 1354 1014 1380 non
1047 1342 1205 1392 amplius
1240 1342 1389 1382 licentia
1419 1344 1502 1393 est,
1548 1343 1615 1382 sed
1656 1356 1736 1381 ma·-

96 1410 162 1459 gis
194 1409 387 1459 elegantia
418 1410 626 1457 interdum,
674 1422 781 1461 quum
814 1410 1060 1449 demonstrari
1092 1412 1212 1462 possit
1248 1410 1345 1450 haud
1380 1425 1487 1462 raro,
1528 1424 1593 1450 cur
1624 1413 1736 1451 tert10

98 1483 282 1530 quartove
315 1478 395 1517 loco
427 1491 568 1529 ponere
600 1480 920 1526 coniunctionem,
954 1492 1058 1531 quam
1090 1481 1235 1530 primo,
1268 1479 1489 1520 maluerint:
1523 1482 1638 1530 igitur
1669 1493 1737 1519 ea·-

101 1549 181 1586 dcm
227 1547 381 1586 libertas
427 1548 655 1587 observatur
699 1549 734 1586 in
775 1548 860 1586 aliis
909 1548 1260 1596 coniunctionibus,
1304 1552 1343 1588 ut
1383 1550 1419 1587 in
1453 1564 1580 1601 quum.
1641 1550 1738 1589 Cato

99 1616 270 1665 Eclogae
310 1629 347 1654 v.
381 1621 447 1655 39.
492 1616 626 1667 (142.)

381 1685 529 1725 Sidera
557 1698 631 1737 per
662 1685 828 1724 viridem
859 1685 1026 1724 redeunt
1056 1698 1164 1737 quom
1193 1686 1358 1738 pallida
1388 1687 1596 1726 mundum:

101 1753 316 1803 elegantius
349 1753 443 1792 baud
477 1754 613 1802 dubie,
656 1767 760 1806 quam
793 1756 825 1792 si
856 1753 954 1793 hunc
986 1756 1020 1793 in
1053 1754 1196 1792 modum
1227 1756 1479 1806 scripsisset:
1521 1758 1644 1813 Quom
1675 1769 1740 1796 re-

100 1822 214 1861 deunt
245 1823 353 1861 viridi
388 1823 565 1873 pallentia
595 1823 722 1861 sidera
753 1824 898 1861 mundo.
958 1823 1134 1871 Sidera,
1168 1824 1201 1862 in
1234 1837 1306 1875 quo
1332 1825 1478 1875 pondus
1505 1826 1739 1876 sentcntiae,

101 1893 216 1943 primo
248 1893 334 1943 poni
368 1892 450 1931 loco
491 1893 665 1931 decebat.
733 1892 890 1931 Poterat
936 1893 1045 1931 etiam
1085 1892 1170 1931 sic:
1218 1893 1356 1931 Sidera
1390 1907 1500 1947 quom
1532 1894 1643 1932 viridi
1674 1907 1740 1932 rc-

101 1961 214 2000 deunt
244 1961 423 2011 pallentia
455 1961 600 1999 mundo.
663 1960 750 1999 Feci
783 1959 854 1999 lios
895 1974 1056 2009 versus,
1106 1965 1145 2000 ut
1182 1961 1367 2011 exemplis
1406 1963 1580 2001 docerem
1626 1963 1740 2012 illud,

102 2030 198 2082 quod
232 2030 275 2067 de
307 2029 568 2068 coniunctione
600 2029 713 2068 dico:
752 2029 849 2079 apud
895 2028 1074 2068 Catonem
1106 2033 1144 2069 et
1186 2030 1349 2082 pallida
1380 2031 1512 2070 melius
1545 2035 1604 2070 cst
1634 2045 1740 2084 quam

99 2098 297 2152 pallentia
329 2099 486 2136 futurum
517 2101 642 2145 esset,
675 2102 712 2137 et
740 2113 814 2152 per
843 2100 1011 2138 viridem
1041 2099 1220 2138 mnndum
1252 2099 1364 2137 multo
1388 2096 1736 2150 γραφικώτερον,

102 2180 207 2220 quam
238 2168 363 2206 viridi
392 2166 547 2204 mundo.
608 2166 745 2205 Eadem
778 2180 839 2206 res
872 2170 932 2206 est
972 2167 1143 2217 Eclogae
1175 2181 1213 2205 v.
1248 2169 1313 2205 47.
1348 2167 1483 2219 (150.)

386 2238 524 2274 Aurea
557 2239 649 2287 quin
680 2238 798 2276 etiam
828 2250 935 2289 quom
967 2237 1137 2276 saecula
1169 2237 1445 2276 volvebantur.

102 2305 172 2345 Illo
204 2307 324 2344 autem
356 2317 497 2342 versu:

391 2374 542 2413 Militis
575 2377 695 2427 impia
727 2387 838 2428 quom
870 2374 1059 2414 succedet
1091 2374 1259 2414 dextera
1288 2374 1424 2426 ferro,

103 2444 136 2482 si
169 2443 252 2494 quis
284 2443 380 2479 inter
412 2441 609 2490 legendum
642 2442 804 2482 offendat
836 2443 870 2481 in
913 2443 1177 2482 coniunctione
1219 2457 1355 2498 quom,
1396 2445 1603 2484 meminerit
1642 2444 1739 2486 hano

103 2525 175 2551 non
209 2510 480 2550 coniunctionis
511 2510 653 2561 culpam
687 2524 800 2560 esse,
849 2513 958 2550 tertio
991 2512 1073 2550 loco
1106 2512 1281 2562 positae,
1328 2512 1395 2551 sed
1428 2514 1602 2552 metricae
1633 2515 1740 2553 inso-

103 2580 243 2620 lentiae
275 2580 310 2617 in
344 2579 414 2617 line
447 2578 554 2629 pedis
594 2580 760 2618 secundi.
833 2581 915 2620 Non
949 2580 1087 2632 ubique
1119 2585 1236 2619 tamen
1269 2583 1482 2620 sententiae
1513 2583 1737 2632 consulere,

104 2654 238 2701 poetae
270 2662 375 2701 quum
408 2649 457 2686 ita
489 2647 708 2699 loquuntur,
742 2648 969 2688 voluerunt:
1002 2648 1139 2701 aliquid
1173 2650 1282 2689 etiam
1315 2651 1533 2690 necessitati
1565 2653 1740 2691 metricae

104 2719 309 2770 versuique
341 2716 493 2755 dedisse
524 2717 702 2755 censendi
733 2720 832 2757 sunt.
901 2717 1018 2758 Velut
1047 2717 1234 2757 Tibullum
1253 2748 1264 2769 ,
1311 2719 1408 2771 quod
1440 2719 1491 2759 ita
1521 2721 1678 2772 scripsit
1707 2719 1738 2759 1.

106 2802 149 2837 x,
185 2789 250 2826 16.

389 2855 604 2894 Cursarem
635 2859 795 2894 vestros
835 2867 943 2907 quum
983 2861 1093 2895 tener
1122 2862 1216 2896 ante
1243 2856 1397 2908 pedes,

106 2926 157 2965 ita
187 2924 355 2964 scribere
386 2924 577 2975 potuisse,
617 2922 700 2961 sine
730 2922 802 2961 ulla
832 2924 1033 2963 mutatione
1063 2925 1298 2974 sententiae,
1344 2926 1377 2963 si
1409 2936 1477 2975 per
1505 2928 1657 2965 metrum
1688 2925 1738 2965 li-

108 2996 276 3045 cuisset,
308 2994 510 3034 existimo:
544 2990 662 3045 Quum
693 2993 800 3030 tener
830 2995 984 3031 vestros
1015 3004 1202 3032 cursarem
1233 2995 1320 3032 ante
1350 2992 1481 3043 pedes.
