2006 3365
444 158 497 197 lN
529 158 746 197 VALERII
779 156 1014 197 CATONJS
1047 155 1315 196 ECLOGAM.
1598 155 1699 200 155

63 273 202 313 Medio.
245 274 283 312 et
322 272 518 312 aduertere
558 286 680 312 aures
719 273 841 311 Paris.
882 272 952 312 1V.
1031 278 1197 311 avertas
1237 273 1373 310 aureis
1416 267 1578 307 Aldinae
1619 279 1700 306 cum

62 342 269 393 Excerptis
299 353 360 391 ap.
394 340 612 389 Heinsimn,
656 344 694 380 et
724 354 802 380 eum
834 341 1026 379 Vossiano
1057 341 1086 379 l.
1128 341 1160 378 si
1191 342 1217 378 s.
1251 352 1283 377 s.
1345 340 1383 377 et
1419 338 1496 386 sic,
1534 336 1597 375 vel
1628 350 1697 376 av.

63 421 210 458 aures,
244 412 329 460 post
350 408 511 447 Aldinas
543 409 658 457 aliae,
691 413 729 448 et
761 411 992 448 recentiores
1024 409 1189 447 editores
1220 420 1362 446 omnes.
1410 406 1616 445 Praeterea
1643 406 1700 443 sie

63 479 134 516 iam
164 477 323 527 legebat
356 477 560 525 Domitius,
595 479 698 516 cuius
729 478 773 516 ad
806 477 903 515 hune
935 490 995 514 vs.
1028 477 1247 514 observatio
1282 477 1368 514 est:
1409 476 1590 514 Auen-tas
1622 487 1700 513 au-

63 560 143 586 res.
176 546 266 585 dum
296 545 435 598 Lydia
466 552 632 585 cantat:
679 560 726 585 ne
765 548 948 598 capiaris
989 548 1075 583 eius
1117 557 1260 582 amore.
1322 543 1490 594 idemque
1527 555 1624 581 nunc
1664 543 1700 580 in

62 613 235 664 exemplo
269 614 455 664 Lipsiensi
487 615 660 653 Venetae
693 614 794 652 lens.
827 613 981 661 legitur,
1015 624 1036 649 a
1066 624 1196 659 manu,
1228 623 1306 649 cum
1339 611 1592 661 explicatione
1616 611 1701 649 Do-

62 682 170 721 mitii.
231 682 447 734 Sequuntur
479 683 591 731 editi,
631 683 690 734 qui
730 682 862 732 partim
902 680 1124 718 sententiam
1165 679 1238 717 loci
1278 691 1418 717 omnem
1459 681 1699 728 everterunt,

61 751 194 802 partim
228 763 341 789 verae
380 751 551 799 vestigia
588 751 798 800 scripturae
829 749 1004 787 retinent.
1066 747 1275 786 aduenas.
1317 760 1416 786 auro
1455 746 1519 785 vel
1550 748 1701 786 aduer-

61 826 153 859 tas:
187 831 285 858 auro
316 818 410 857 duae
442 819 656 867 Romanae,
689 817 838 856 Veneta
869 815 1008 855 Achat.
1043 829 1122 855 cum
1155 815 1239 854 eod.
1272 816 1363 854 Bas.
1395 818 1433 855 et
1464 814 1622 853 Vratisl.
1650 814 1700 853 11.

61 894 246 928 euertas:
279 900 377 927 auro
408 887 580 926 Venetae
611 885 710 925 Rub.
745 889 783 924 et
814 885 914 924 lens.
941 885 1144 924 Vicentina
1175 897 1255 922 cum
1280 885 1398 924 Voss.
1421 883 1470 923 11.
1503 883 1598 921 duae
1617 882 1702 921 Ve-

61 960 173 995 netae
204 956 424 1002 Burmanni,
467 955 635 993 Ascens.
668 954 697 992 Ι.
731 957 769 994 et
800 954 967 1006 reliquae
1007 956 1093 992 ante
1125 953 1308 1002 Animas,
1350 953 1421 991 nisi
1453 952 1549 1004 quod
1581 966 1703 991 auer-

61 1031 153 1065 tas:
185 1037 284 1064 auro
323 1025 429 1062 Brix.
468 1026 585 1063 1485.
626 1023 725 1062 Ven.
762 1025 880 1061 1488.
922 1021 1080 1060 Mediol.
1117 1024 1236 1060 1501.
1278 1023 1444 1069 Argent.
1483 1024 1600 1059 1502.
1643 1020 1702 1059 A-

62 1106 189 1133 scens.
222 1094 271 1132 Il.
312 1096 350 1131 et
380 1092 449 1131 ΠΙ.
492 1095 529 1131 et
569 1092 732 1131 Florent.
772 1091 867 1130 lunt.
911 1104 972 1142 ap.
1012 1092 1136 1129 Burm.
1197 1095 1235 1130 et
1275 1097 1443 1130 aaercas
1485 1103 1583 1129 auro
1625 1101 1703 1128 cum

63 1164 241 1201 commate
271 1163 360 1212 post
390 1175 512 1210 auro,
546 1160 687 1209 Virgil.
722 1160 832 1211 Aldi,
864 1160 979 1198 Taur.
1019 1163 1134 1198 1518.
1168 1159 1291 1208 Lugd.
1330 1162 1447 1198 1529.

148 1232 292 1270 Desino
324 1231 360 1268 in
392 1231 499 1269 vitiis
530 1231 751 1268 manifestis.
870 1228 918 1267 V.
952 1231 1019 1267 26.
1051 1228 1216 1267 Pabula
1247 1228 1418 1278 August.
1451 1240 1584 1266 uacua
1616 1227 1703 1266 Ve-

63 1302 227 1339 netarum
266 1301 383 1338 1499.
421 1303 525 1338 1500
558 1301 684 1338 vitium
717 1299 892 1349 imposuit
923 1299 1030 1337 etiam
1058 1298 1176 1337 Badio
1209 1299 1244 1335 in
1268 1296 1489 1337 Ascens.1.
1518 1299 1555 1334 et
1581 1293 1701 1335 Cron-

63 1368 130 1407 flit.
163 1369 229 1407 sed
263 1381 374 1407 vana
405 1369 612 1406 restitutum
653 1369 687 1406 in
719 1368 887 1406 Ascens.
920 1366 969 1405 ll.
1003 1367 1071 1405 111.
1114 1372 1225 1405 lanto
1257 1378 1324 1417 pro
1356 1373 1472 1405 lauro
1504 1364 1703 1403 Mediceus

64 1449 125 1488 ap.
159 1438 281 1476 Burm.
315 1438 375 1485 et,
416 1436 512 1488 quod
544 1436 713 1482 mireris,
755 1435 961 1483 Pithoeus,
1006 1448 1084 1474 eum
1117 1435 1186 1474 liae
1216 1435 1490 1473 admonitione:
1536 1432 1633 1487 quid
1664 1434 1704 1471 si

66 1507 244 1558 leyczmus
272 1509 376 1544 tauro
408 1504 530 1543 Iove?
562 1504 616 1543 At
648 1504 741 1543 haec
772 1505 929 1543 omnium
960 1504 1073 1543 lectio
1106 1504 1281 1542 librorum
1313 1506 1394 1553 est,
1426 1506 1590 1553 excepto
1614 1502 1704 1540 Me-

67 1575 173 1613 diceo
206 1575 294 1613 iste.
326 1575 468 1612 tlzauro
500 1573 659 1611 Vratisl.
684 1573 713 1611 Ι.
803 1572 852 1611 V.
886 1576 950 1611 27.
984 1573 1110 1624 (liqna
1142 1585 1209 1623 pro
1241 1572 1332 1612 sola
1363 1572 1530 1611 Ascens.
1558 1570 1607 1609 ΙΙ.
1633 1569 1703 1609 ΙΙΙ.

67 1643 234 1683 Florent.
267 1643 366 1681 lunt.
399 1645 437 1681 et
467 1641 590 1690 Lugd.
626 1645 746 1681 1529.
865 1641 1046 1695 Iuppiter
1076 1641 1246 1690 August.
1290 1639 1448 1680 Vratisl.
1481 1640 1510 1678 Ι.
1545 1642 1582 1678 et
1612 1641 1703 1690 puto

66 1710 144 1751 alii.
176 1713 328 1767 Iupiter
357 1711 481 1750 Paris.
513 1710 581 1750 lv.
614 1711 771 1751 R0m.I.
799 1710 850 1750 ll.
883 1722 963 1749 cum
994 1710 1076 1750 cod.
1110 1711 1201 1749 Bas.
1232 1713 1270 1750 et
1300 1708 1457 1750 Vratisl.
1480 1708 1529 1747 ΙΙ.
1550 1711 1588 1747 et
1606 1707 1704 1747 Μυῒ.

150 1849 202 1889 V.
236 1851 301 1888 28.
335 1846 469 1899 (131.)
520 1858 662 1892 FELIX
687 1857 863 1898 TAIJRE,
898 1856 937 1891 P.
962 1858 1013 1890 M.
1040 1857 1233 1897 onmis,
1272 1856 1330 1889 ΕΤ
1354 1855 1529 1889 DECUS:
1570 1855 1599 1888 A
1624 1853 1704 1887 TE.

66 1917 214 1957 Rursus
245 1917 502 1968 apostrophen
533 1919 646 1957 facit:
680 1930 700 1955 ο
732 1916 826 1955 felix
855 1919 961 1955 taure
993 1920 1067 1955 etc.
1112 1916 1233 1955 Recte
1263 1918 1352 1967 post
1381 1921 1498 1954 tmere
1528 1917 1707 1953 commate

67 1987 243 2025 distinxit
274 1986 502 2035 Putsehius,
544 1989 768 2037 praeeunte,
810 1985 883 2023 nisi
914 1985 1045 2034 fallor,
1086 1984 1321 2024 Eielistadio.
1382 1983 1519 2023 Eadem
1552 1984 1706 2021 consor-

67 2056 177 2093 matio
209 2056 406 2103 orationis,
439 2068 533 2107 quae
565 2067 679 2106 supra
710 2069 747 2093 v.
777 2058 813 2092 9.
862 2052 896 2093 Ο
925 2055 1128 2106 fortunali
1157 2055 1338 2101 m‘mae'um,
1371 2053 1605 2106 mullumque
1637 2051 1705 2090 be-

68 2126 149 2172 ati,
183 2124 231 2163 In
263 2123 405 2178 quibus
433 2128 505 2163 etc.
552 2124 636 2163 Nisi
668 2123 763 2176 quod
793 2123 853 2161 hic
884 2122 1009 2172 paullo
1042 2121 1298 2161 veliementior
1329 2134 1471 2167 sermo,
1505 2122 1590 2173 quia
1614 2131 1706 2170 per-

69 2194 129 2242 git
159 2193 326 2231 oratione
357 2205 429 2232 non
461 2205 581 2242 nexa,
614 2206 640 2231 a
671 2200 708 2232 te
744 2192 923 2231 Vaccula
953 2193 1027 2229 ete.
1088 2190 1229 2229 Foelix
1267 2190 1349 2229 cod.
1382 2191 1471 2229 Bas,
1504 2190 1622 2229 Voss.
1656 2187 1706 2227 ll.

70 2261 219 2300 Veneta
250 2261 350 2300 lens.
383 2261 478 2300 aliae
511 2261 721 2300 nonnullae.
781 2262 923 2299 tlecmre
952 2259 1111 2298 Vratisl.
1143 2258 1174 2297 Ι.
1282 2259 1337 2298 ad
1367 2265 1406 2298 te
1436 2258 1533 2310 quod
1567 2259 1602 2295 in
1625 2257 1707 2295 Ve-

70 2331 168 2369 netis
199 2329 300 2369 Rub.
332 2333 369 2370 et
399 2330 502 2370 lens.
534 2332 569 2369 in
600 2331 804 2370 Vicentina
842 2333 879 2369 et
910 2329 1028 2368 Voss.
1059 2328 1108 2367 11.
1149 2329 1249 2368 Ven.
1287 2332 1407 2367 1482.
1448 2331 1486 2367 et
1515 2330 1601 2365 ante
1635 2325 1706 2365 Al-

71 2399 179 2437 dinas
209 2397 315 2447 aliis,
346 2398 505 2449 legitur,
538 2402 701 2439 sortasse
733 2399 821 2437 nihil
855 2398 926 2437 nisi
958 2397 1084 2436 harum
1112 2398 1239 2437 vitium
1266 2397 1465 2435 editionum
1489 2398 1561 2435 est.
1593 2393 1708 2435 Certe

70 2467 240 2507 Romana
280 2470 456 2518 utraque,
496 2467 644 2507 Veneta
675 2466 816 2507 Aclnat.
848 2467 986 2506 Mutin.
1029 2469 1066 2505 ct
1105 2479 1199 2519 quos
1239 2466 1397 2505 collatos
1435 2465 1558 2504 haheo
1590 2463 1710 2502 libros

72 2536 260 2587 scriptos,
301 2535 386 2573 inde
417 2548 439 2573 a
467 2536 648 2575 Tlmaneo
689 2548 842 2586 omnes,
877 2536 985 2575 etiam
1018 2535 1102 2574 eod.
1137 2536 1225 2574 Bas.
1258 2538 1296 2574 et
1326 2534 1486 2574 Vratisl.
1519 2533 1569 2572 11.
1617 2546 1643 2573 α
1673 2539 1711 2571 te

71 2603 225 2644 hahent.
288 2604 439 2643 Monac.
472 2603 522 2643 ll.
552 2605 670 2643 verba
709 2605 830 2644 decus
863 2617 889 2644 a
918 2610 958 2644 te
997 2605 1145 2644 omittit.
1263 2617 1290 2644 a
1319 2608 1358 2644 te
1397 2604 1506 2644 etiam
1538 2603 1707 2652 Argent.

78 2676 198 2713 1502.
230 2675 269 2713 et
299 2675 387 2724 post
417 2671 579 2712 Aldinas
609 2672 790 2726 reliquae.

158 2811 210 2851 V.
243 2813 309 2850 29.
344 2809 479 2861 (132.)
539 2819 758 2853 VACGULA
783 2819 882 2853 NON
906 2818 1346 2862 UNQUAM'SEOE'RETA
1374 2819 1410 2853 C.
1438 2819 1474 2853 G.
1555 2807 1710 2848 Vacula

74 2880 198 2919 Paris.
231 2880 301 2920 lv.
334 2880 471 2920 Mutin.
504 2879 642 2918 Venet.
676 2880 776 2918 Rub.
809 2884 846 2918 et
878 2881 981 2919 lens.
1013 2879 1122 2918 aliae.
1180 2879 1359 2919 Vaccula
1391 2880 1494 2916 recte
1525 2876 1606 2925 alii,
1640 2878 1711 2915 tam

77 2950 224 3001 scripti,
270 2962 375 3002 quam
416 2950 528 2993 editi,
569 2951 607 2986 nt
646 2948 837 2987 Romanae
878 2950 916 2987 et
946 2947 1046 2987 Ven.
1080 2947 1220 2987 Aeliat.
1259 2959 1338 2986 cnm
1371 2946 1453 2984 cod.
1486 2945 1576 2984 Bas.
1611 2945 1710 2984 Vra-

77 3016 155 3057 tisl.
186 3019 240 3058 11.
272 3021 346 3058 tum
376 3018 577 3057 Vicentina
609 3028 688 3055 cum
718 3015 838 3056 Voss.
871 3018 924 3057 11.
965 3016 1062 3057 Ven.
1099 3019 1218 3056 1482.
1256 3015 1424 3054 Norimb.
1460 3015 1581 3053 1492.
1629 3013 1711 3053 Ar-
