2006 3365
295 133 396 177 316
875 129 1239 170 DISSERTATIO
1274 130 1340 170 111.

296 245 423 296 ‹printo
455 243 561 282 aliam
592 255 725 281 vocem
758 243 945 293 colloces,
978 256 1073 296 quae
1116 244 1304 294 dactylum
1344 245 1496 284 efficiat.
1559 245 1708 284 Usitata
1738 258 1782 283 ea
1813 247 1926 284 forma

296 325 430 350 versus
462 311 609 350 Catullo
650 315 708 350 est
750 314 784 350 in
829 314 989 350 carmine
1029 313 1166 362 epico:
1210 318 1276 362 ut,
1316 325 1410 365 quos
1449 313 1553 352 locos
1596 317 1719 353 statim
1760 314 1924 359 evolvo,

295 394 333 418 v.
366 384 432 419 31.
465 383 531 418 32.
565 383 632 419 33.
666 384 732 419 3⁴.
795 395 833 419 v.
867 386 933 420 38.
968 385 1034 420 39.
1069 384 1134 420 40.
1160 384 1226 419 41.
1290 396 1326 420 v.
1361 387 1426 421 63.
1461 385 1525 421 64.
1560 387 1624 421 65.
1659 388 1724 421 66.
1786 397 1825 422 v.
1858 385 1925 422 86.

296 451 359 486 8ἶ.
392 451 458 487 88.
492 452 559 487 89.
593 452 659 487 90.
695 452 760 488 92.
794 453 860 489 93.
895 454 960 489 9⁴.
1051 463 1088 488 v.
1120 453 1209 489 104.
1236 452 1273 488 5.
1301 453 1337 489 6.
1363 455 1398 490 7.
1488 451 1675 490 Bacchius
1711 452 1806 502 apud
1848 450 1926 491 Ca-

294 520 414 555 tonem
447 517 505 554 bis
537 529 581 555 ea
612 518 647 555 in
680 519 791 567 sede,
826 519 904 556 Dir.
931 520 1080 557 5278.
1113 519 1208 570 quod
1242 531 1318 567 ego
1351 532 1470 571 neque
1499 518 1733 569 reprehendo
1766 522 1925 568 factum,

293 596 413 636 neque
446 597 524 623 cum
556 586 728 625 Arnoldo
771 587 815 625 atl
860 588 941 626 Dir.
975 590 1040 626 57.
1083 586 1264 635 singulari
1299 587 1366 626 hos
1398 588 1469 625 duo
1502 600 1639 625 versus
1669 587 1926 628 alternantium

292 652 434 704 dactyli
468 657 505 693 et
535 656 694 705 spondei
725 656 882 694 artificio
916 656 1106 695 excellere
1139 656 1306 693 dixerim.
1367 655 1513 694 Nullum
1547 656 1654 695 talem
1688 669 1834 695 versum
1866 658 1926 695 in-

291 723 423 760 venies
455 724 550 773 apud
584 722 787 772 Catonem,
820 724 939 776 qualis
971 724 1159 775 Propertii
1193 724 1240 762 ll.
1275 739 1436 772 xxxm,
1471 724 1657 774 (xxiv,)
1691 729 1729 765 9.
1803 725 1928 780 Quum

289 796 330 829 te
359 793 482 831 iussit
512 792 656 832 habere
683 793 859 845 puellam
890 806 1038 832 cornua
1070 793 1194 831 Imm:
1236 806 1342 845 quem
1374 805 1445 831 non
1478 796 1547 831 tam
1580 793 1779 838 bacchius,
1821 807 1926 846 quam

290 860 524 909 praecedens
555 861 748 899 bacchium
779 861 1067 912 amphibrachus
1099 862 1278 901 elumbem
1311 863 1413 900 facit.
1476 861 1524 900 Ut
1547 864 1671 901 statim
1690 863 1735 901 ad
1763 864 1926 902 criticam

292 927 487 967 utilitatem
527 932 758 968 conseramus
798 930 891 969 hanc
929 930 1239 980 disputationem,
1286 932 1363 969 Dir.
1399 935 1464 970 (35.
1497 943 1568 970 nou
1603 929 1720 970 solum
1752 931 1926 970 librorum

289 997 535 1042 auctoritate,
575 998 640 1035 sed
673 998 782 1036 etiam
815 1011 863 1036 ex
895 1011 996 1037 more
1028 997 1207 1050 Catonis,
1247 999 1427 1039 exhibui:

516 1065 625 1104 IVam
656 1066 728 1105 tibi
759 1073 851 1105 sant
879 1067 1040 1118 fontes,
1084 1068 1151 1106 tihi
1183 1081 1332 1119 semper
1362 1069 1523 1120 flumina
1555 1071 1698 1108 amica.

292 1134 355 1172 ubi
375 1133 466 1172 alii:
498 1135 570 1173 cibe·
592 1135 752 1185 flumina
773 1149 926 1187 semper
947 1138 1090 1174 antica.
1117 1136 1162 1174 Et
1184 1136 1318 1185 Eclog.
1335 1141 1400 1175 57.
1423 1137 1605 1176 tardiores
1627 1149 1798 1176 numeros
1815 1137 1924 1176 dedi:

518 1202 657 1242 Prima
685 1205 819 1255 foret:
859 1205 974 1243 letum
1014 1203 1100 1241 mihi
1133 1205 1212 1242 vita
1244 1206 1403 1244 «luceius
1437 1214 1558 1245 essel-

291 1272 365 1310 etsi
397 1271 623 1320 alacriores,
677 1273 794 1311 letum
835 1275 922 1312 vita
962 1274 1055 1312 mihi
1094 1273 1254 1313 dulcius
1294 1280 1425 1321 esset,
1466 1275 1579 1313 maior
1621 1287 1710 1325 pars
1750 1275 1926 1313 librorum

290 1338 420 1377 habet.
482 1340 550 1378 Sic
581 1341 615 1378 in
649 1339 778 1380 Culice
811 1354 959 1380 versum
992 1345 1088 1380 411.
1126 1342 1321 1391 librorum,
1353 1342 1548 1390 Thuarwi,
1581 1343 1806 1392 Petaviani‚
1839 1342 1925 1381 Au·-

289 1410 467 1458 gustani,
501 1410 535 1447 in
568 1410 703 1461 quibus
733 1411 846 1462 firma
879 1411 1005 1465 quod,
1037 1411 1142 1449 iussu
1174 1411 1330 1449 scribo:

517 1478 725 1530 Eloyium,
756 1482 886 1519 tacita
918 1480 1035 1519 firmat
1067 1479 1163 1531 quod
1196 1479 1331 1519 liltera
1362 1492 1473 1519 voce.

291 1545 333 1584 Si
365 1545 509 1598 absque
541 1546 615 1585 illis
657 1553 780 1593 esset,
823 1552 1010 1596 tenerem,
1057 1548 1153 1600 quod
1187 1551 1247 1587 est
1278 1549 1311 1586 in
1343 1547 1449 1585 libris
1480 1547 1662 1597 vulgatae
1692 1549 1924 1599 scripturae,

291 1615 397 1668 quod
425 1615 569 1666 firmat.
602 1617 637 1654 in
670 1617 753 1654 cod.
798 1616 913 1654 Basil.
947 1617 1158 1668 Euloqimn
1204 1619 1285 1663 est,
1329 1619 1366 1655 et
1397 1617 1468 1654 nisi
1501 1617 1586 1669 quid
1619 1616 1679 1655 hic
1709 1616 1926 1666 neglexerit

290 1683 555 1722 Broemmelius
598 1697 718 1727 meus,
760 1686 857 1737 quod
902 1686 1009 1724 etiam
1062 1686 1202 1736 optimo
1248 1684 1362 1723 semel
1409 1686 1568 1734 accidit,
1617 1686 1721 1739 quod
1761 1687 1924 1737 format.

291 1753 433 1792 Contra
464 1754 497 1792 in
531 1754 629 1792 culta
671 1756 778 1805 poesi
819 1755 903 1793 aevi
942 1755 1112 1803 Augusti
1144 1757 1247 1792 recte
1278 1754 1349 1791 viri
1381 1753 1479 1791 docti
1511 1755 1702 1804 praeferre
1733 1753 1923 1804 hephthe-

289 1822 451 1860 mimerin
484 1823 634 1862 solent:
668 1826 706 1862 ut
737 1822 997 1862 Broukhusius
1029 1824 1062 1861 iu
1095 1823 1269 1873 Propert.
1296 1821 1362 1860 ΙΙΙ.
1384 1838 1414 1871 1,
1442 1826 1503 1860 l9.
1536 1834 1642 1874 quum
1673 1829 1808 1861 vestro
1831 1823 1926 1862 date

290 1896 401 1929 serta
431 1898 574 1944 poetae
607 1894 773 1942 praefert
805 1891 986 1940 vulgatae
1017 1892 1247 1941 scripturae,
1282 1891 1376 1930 date
1394 1898 1529 1929 vestro
1554 1904 1589 1929 s.
1605 1898 1771 1941 poetae;
1804 1891 1923 1929 Bent-

290 1958 385 1997 leius
428 1961 462 1997 in
494 1960 627 1998 Mauil.
661 1960 691 1998 l.
726 1962 819 1999 480.
872 1973 978 2012 (suum
1022 1962 1167 2012 parzw's
1209 1974 1278 1999 nec
1316 1962 1440 1998 mia-ta
1478 1960 1664 2011 ferantur
1706 1959 1924 1997 concinnius

290 2028 380 2065 dicit
422 2028 563 2078 altera,
597 2043 668 2068 nee
709 2031 857 2081 parvis
896 2033 1019 2068 mixta
1055 2030 1266 2079 lernntetrg
1328 2029 1534 2067 Santenius
1574 2027 1773 2066 Animadv.
1806 2028 1840 2065 in
1874 2027 1923 2065 H.

291 2096 444 2133 ssalhum
478 2097 549 2135 col.
591 2101 705 2136 180⁴.
741 2098 801 2135 ubi
837 2098 1061 2136 ΒωυΗιιιεῑί
1094 2098 1139 2135 de
1171 2097 1254 2135 loeo
1289 2098 1471 2147 Propertii
1494 2096 1562 2135 ΙΙΙ.
1590 2112 1620 2144 1,
1659 2101 1720 2135 19.
1752 2096 1922 2134 iudicium

290 2166 496 2214 approbat,
530 2171 567 2203 et
599 2166 670 2203 col.
711 2169 825 2204 ¹³22.
861 2167 919 2204 ubi
953 2166 1081 2205 Ovidii
1116 2178 1263 2203 versum
1295 2166 1448 2204 Metam.
1472 2165 1522 2203 X.
1547 2168 1611 2204 85.
1644 2165 1788 2203 mollius
1807 2164 1923 2202 fluere

290 2233 401 2278 «licit,
433 2234 465 2271 si
500 2234 670 2283 legatur,
704 2235 1006 2285 hephthemimeri
1040 2235 1204 2277 reddita,
1240 2235 1403 2273 Aetatis
1438 2234 1555 2273 breve
1578 2247 1672 2281 ver,
1714 2234 1854 2283 primos
1885 2235 1923 2271 et

289 2315 461 2353 carpere
489 2303 632 2353 floresg
665 2307 702 2342 et
733 2304 804 2341 col.
841 2307 957 2342 1845.
992 2303 1051 2341 uhi
1084 2303 1127 2340 ad
1162 2303 1270 2341 lssalbi
1306 2303 1421 2340 verba
1455 2310 1547 2356 quot
1577 2303 1684 2341 coelo
1715 2301 1920 2340 adscribit:

288 2375 619 2423 trrtnsposnere‘m.
680 2372 788 2411 Nunc
831 2373 981 2410 uberius
1026 2375 1289 2422 pertractatam
1335 2371 1382 2408 ab
1430 2371 1560 2409 eodem
1603 2371 1784 2411 Santeuio
1826 2370 1921 2408 hanc

290 2440 546 2491 quaestionem
578 2439 779 2489 hahemus,
812 2441 856 2479 ad
889 2441 1104 2479 Terentiaui
1138 2439 1191 2477 M.
1222 2452 1369 2477 versum
1404 2443 1523 2479 1681.
1543 2443 1582 2478 2.
1602 2453 1694 2491 pag.
1714 2443 1791 2478 261
1812 2451 1918 2491 seqq.

290 2510 347 2547 cui
380 2510 524 2547 omnino
555 2509 789 2559 adstipulnr,
822 2522 900 2548 eum
933 2509 1002 2547 hac
1033 2512 1151 2547 tamen
1185 2509 1376 2556 cautione,
1409 2521 1513 2560 quam
1542 2509 1625 2560 ipse
1644 2509 1748 2560 ponit
1766 2521 1801 2558 p.
1824 2510 1917 2545 263.

290 2576 380 2617 Cum
413 2577 638 2616 Broukhusii
671 2579 715 2615 «lc
748 2579 936 2628 Propertii
968 2578 1050 2617 loco
1083 2576 1153 2616 ΙΙΙ.
1188 2592 1222 2625 1,
1258 2580 1320 2616 19.
1352 2579 1537 2616 sententia
1568 2590 1638 2616 non
1672 2577 1791 2615 habeo
1822 2587 1919 2628 quo-

289 2647 395 2685 modo
428 2646 618 2685 conciliem
651 2647 811 2684 eiusdem
841 2646 1063 2685 Broulzhusii
1088 2648 1122 2684 iu
1145 2646 1319 2696 Propert.
1352 2646 1400 2684 ΙΙ.
1432 2662 1509 2691 XII,
1545 2650 1610 2686 43.
1635 2647 1824 2692 iudicium,
1857 2644 1919 2683 ubi

290 2716 383 2755 Non
419 2717 568 2767 ferrum
608 2715 768 2754 crudele
808 2719 936 2764 esset,
978 2728 1096 2766 neque
1128 2715 1271 2754 bellica
1302 2719 1422 2754 navis
1456 2728 1604 2754 numero
1644 2715 1734 2753 dicit
1764 2715 1920 2753 laxiore

291 2797 402 2832 esse,
429 2798 500 2823 nee
525 2787 631 2823 salis
662 2785 718 2823 (cd
742 2784 1334 2837 yl·ttcoe‘tale1nI'roperliamcmg
1366 2786 1531 2836 praefert
1556 2784 1650 2823 ,Non
1673 2784 1707 2835 f.
1733 2783 1892 2822 crudele
1900 2811 1915 2832 ,

290 2866 407 2905 neque
440 2856 546 2892 esset
578 2853 611 2891 b.
644 2858 777 2893 navis.
838 2854 900 2892 Ad
932 2865 1044 2892 meum
1076 2865 1225 2891 sensum
1261 2853 1348 2892 illud
1381 2854 1568 2903 gravius:
1609 2852 1680 2891 etsi
1712 2864 1784 2889 uon
1815 2864 1915 2901 nego

291 2927 481 2974 utrumque
520 2923 636 2961 scribi
672 2935 695 2960 a
732 2923 930 2973 Propertio
971 2922 1152 2973 potuisse.
1229 2922 1319 2963 Alia
1359 2925 1524 2973 cognata
1560 2920 1729 2974 quaestio
1771 2923 1832 2960 est
1870 2920 1916 2959 de

291 2987 385 3028 locis
417 2991 617 3041 eiusmodi,
650 2991 771 3045 qualis
802 2993 861 3032 est
892 2986 1035 3032 Culicis
1064 3004 1103 3031 v.
1136 2994 1231 3031 202.
