2006 3365
223 144 292 188 38
783 137 1309 180 ANIMADVERSIONES

218 254 302 310 gisl.
334 254 386 295 11.
446 255 496 295 Et
536 267 643 307 quum
680 255 922 293 monstratum
959 266 981 292 a
1019 252 1223 303 Scaligero
1264 265 1391 293 verum
1430 257 1556 301 esset,
1596 266 1728 304 nemo,
1768 254 1865 307 quod

226 325 362 375 sciam,
392 324 508 364 vobis
542 323 657 362 edidit
687 327 774 361 ante
805 321 1045 372 Putsehium,
1078 323 1140 375 qui
1171 326 1291 362 tamen
1321 322 1436 362 vohis
1467 324 1513 361 ad
1544 326 1690 362 montes
1721 323 1867 362 silvas-

224 405 297 445 que
327 394 466 435 refert,
509 395 547 431 et
578 391 624 429 de
653 390 841 429 mellifieio
873 391 1033 440 cogitat.
1094 392 1349 431 sterileseent
1386 391 1544 441 Anglic.
1584 392 1746 432 steriles
1778 405 1866 431 cre-

226 468 297 500 ant
327 461 470 500 Medic.
504 462 542 499 et
572 461 629 498 sic
659 459 783 498 Paris·
816 458 885 498 lV.
918 463 982 499 aut
1012 460 1171 500 steriles
1201 466 1354 499 coeant.

311 530 450 568 Verum
481 530 542 567 est
573 526 753 568 Catonem
785 528 983 580 aliquoties
1014 529 1118 579 prius
1149 529 1249 568 dicta
1289 530 1463 579 repetere
1494 531 1532 568 et
1563 529 1725 567 variare.
1787 527 1866 568 Sed

224 603 348 636 tamen
379 608 452 635 non
484 600 588 645 sunt,
634 598 731 649 quod
766 597 1029 636 Wcrnsdorfio
1060 610 1098 648 p.
1133 613 1168 635 L.
1202 597 1423 642 videbatur,
1464 597 1684 636 manifestae
1715 608 1868 633 ταυτο-

223 661 377 713 floylaz.
438 664 569 706 Veluti
610 664 683 705 hoc
724 665 809 705 loco
850 666 913 719 qui
952 667 1120 718 sequitur
1162 678 1300 705 versus
1340 666 1528 716 decimus,
1570 666 1775 717 explicatio
1808 668 1869 705 est

224 745 363 774 versus
397 746 498 773 noni.

309 871 361 911 V.
398 876 461 912 10.
498 875 533 910 l.
567 881 659 915 NEC
685 881 903 916 FEFUNDA
930 882 1070 916 SENIS
1095 882 1290 923 NOSTRI,
1317 881 1502 915 FELICIA
1528 884 1597 915 etc.

309 941 400 982 Nec
427 942 632 994 foecunda
664 939 794 994 senis]
827 941 960 991 Lego:

653 1011 743 1050 Nec
771 1011 996 1062 foecunda,
1038 1014 1153 1049 sinus
1185 1012 1328 1049 nostri.
1361 1032 1414 1038 —

224 1078 319 1120 Nam
359 1080 499 1128 sinum,
539 1079 612 1117 nisi
643 1079 775 1129 fallor,
814 1079 934 1126 dixit,
975 1078 1095 1130 quod,
1139 1082 1177 1117 ut
1208 1079 1277 1116 iam
1309 1079 1535 1126 monuimus,
1577 1077 1745 1117 maritimi
1784 1078 1871 1116 fue-

223 1150 309 1187 runt
346 1148 428 1186 eius
467 1148 566 1196 agri.
627 1146 668 1185 Id
701 1147 798 1199 quod
838 1159 887 1185 ex
926 1147 1050 1185 multis
1087 1146 1170 1185 aliis
1209 1146 1317 1185 liuius
1356 1148 1530 1197 poematii
1570 1146 1665 1186 locis
1706 1148 1870 1185 constat.

227 1215 260 1255 Ο
292 1217 398 1254 sinus
430 1216 549 1254 nostri
576 1215 702 1254 felicia
732 1227 837 1265 rura,
870 1227 917 1253 ne
947 1218 1107 1264 segetes
1134 1216 1256 1253 serant
1280 1216 1422 1253 semina
1446 1216 1644 1254 foecunda.
1687 1214 1746 1254 Ita
1777 1215 1872 1253 enim

226 1285 551 1334 distinguendum,
587 1289 625 1322 ut
654 1285 858 1336 foecunda
885 1286 1096 1322 referantur
1126 1284 1171 1322 ad
1205 1286 1376 1333 semina,
1408 1295 1481 1321 non
1512 1283 1558 1321 ad
1590 1297 1700 1323 rura.
1752 1283 1872 1336 quue

226 1352 359 1391 melius
389 1356 558 1402 pateret,
590 1352 623 1390 si
657 1353 708 1391 ita
738 1351 955 1402 legeretur:

313 1421 403 1461 Nec
432 1422 663 1474 foecunda,
696 1424 810 1461 sinus
842 1423 972 1460 nostri
1002 1434 1023 1460 o
1052 1421 1197 1474 felicia
1229 1434 1350 1471 rura,
1389 1422 1548 1461 Semina
1580 1424 1654 1459 etc.
1686 1424 1873 1459 SCALIG.

229 1489 333 1529 Sane
361 1491 595 1529 verissimum
628 1493 708 1540 est,
740 1490 836 1542 quod
863 1493 988 1529 monet
1010 1490 1206 1539 Scaliger,
1241 1490 1474 1542 propinquos
1499 1490 1588 1528 mari
1612 1491 1733 1529 fuisse
1755 1502 1874 1540 agros

229 1557 412 1598 Catonis:
453 1559 521 1597 sed
554 1559 712 1598 alienum
743 1559 790 1598 ab
822 1558 895 1597 hoc
935 1558 1042 1607 loco,
1082 1560 1117 1597 in
1160 1572 1231 1610 quo
1264 1559 1347 1597 libri
1388 1561 1571 1611 quotquot
1600 1562 1688 1598 sunt
1719 1571 1872 1608 omneS,

229 1630 341 1667 senis
380 1627 576 1678 praebent.
618 1627 752 1680 Neque
783 1627 856 1665 alia
886 1628 1054 1666 varietas
1086 1629 1272 1678 cernitur,
1304 1628 1374 1665 nisi
1407 1627 1503 1679 quod
1535 1630 1688 1667 nostris
1721 1629 1757 1666 in
1781 1627 1873 1666 Mo-

229 1709 315 1736 nac.
349 1696 380 1736 Ι.
412 1696 460 1735 ΙΙ.
493 1700 530 1735 et
560 1695 719 1735 Vratisl.
754 1697 784 1735 l.
844 1695 992 1734 Placuit
1030 1695 1218 1745 Scaligeri
1258 1696 1475 1735 coniectura
1515 1698 1631 1736 sinus
1669 1696 1873 1745 Dillrerro‚

228 1764 424 1815 Arnoldo,
459 1765 745 1815 Wernsdorfio,
779 1777 900 1817 neque
931 1764 1107 1815 displicet
1139 1764 1373 1803 Boxhornio.
1433 1764 1513 1803 Alii
1543 1764 1617 1804 alio
1646 1764 1755 1804 modo
1787 1767 1875 1803 ten-

229 1834 377 1874 tandum
408 1846 497 1873 esse
527 1833 646 1873 locum
678 1836 876 1885 putavere.
911 1836 1003 1873 sinn
1034 1841 1170 1873 vestro
1195 1833 1389 1872 [lt-insius.
1431 1833 1484 1872 Is.
1504 1833 1669 1872 Vossius
1691 1834 1726 1872 in
1752 1845 1874 1883 magr.

229 1903 320 1942 edit.
354 1902 501 1952 Scalig.
526 1905 647 1942 1595.
680 1903 762 1942 sic:
795 1904 820 1941 f.
854 1903 961 1942 senI.
1021 1902 1380 1954 Antiquissimorum
1411 1903 1676 1953 interpretum,
1709 1903 1874 1953 Pompo-

228 1973 299 2019 nii,
332 1972 575 2023 reliquorum,
607 1971 742 2023 quibus
774 1971 912 2023 ubique
943 1974 1029 2010 ante
1060 1972 1216 2009 animum
1247 1971 1439 2020 Virgilius
1473 1971 1717 2021 versabatur,
1759 1984 1874 2010 cona-

229 2041 326 2079 mina
351 2041 447 2079 infra
474 2040 685 2079 videbimus
703 2040 809 2079 Diss.
828 2040 856 2079 Ι.
891 2039 964 2079 Ubi
993 2052 1097 2091 quam
1126 2039 1326 2078 verborum
1353 2039 1641 2089 explicationem
1666 2040 1873 2091 Pomponio

230 2110 396 2148 fortasse
426 2108 638 2159 placuisse,
671 2111 709 2149 et
741 2109 858 2147 Badio
889 2109 1067 2156 dicimus,
1110 2121 1188 2146 eam
1221 2109 1330 2146 etiam
1361 2108 1605 2147 Boxliornius
1636 2109 1723 2147 l'erri
1755 2121 1873 2159 posse

231 2178 490 2224 existimabat,
524 2178 585 2229 qui
619 2180 728 2217 senis
761 2179 890 2217 nostri
921 2177 1241 2227 interpretabatur
1273 2180 1489 2216 senectutis
1515 2184 1697 2217 nostrae.
1731 2176 1872 2216 Verum

229 2245 378 2285 Tollius
410 2246 527 2296 vidit,
567 2246 614 2284 de
645 2258 717 2297 quo
749 2246 1004 2286 Burmannus:
1057 2246 1184 2284 Tvllio
1223 2259 1297 2284 non
1337 2245 1552 2284 adridebat
1581 2247 1782 2299 Scaliqeri
1812 2247 1870 2286 le-

231 2317 332 2364 ctio,
362 2314 614 2368 putabatque
642 2321 798 2366 poetam
827 2316 934 2368 forte
965 2315 1183 2366 ‹zyrieolam
1215 2328 1285 2353 seu
1316 2314 1492 2353 villicum
1520 2317 1657 2366 polius
1689 2319 1870 2365 innuere,

232 2386 328 2439 quia
359 2384 519 2423 serendi
549 2396 648 2422 eura
680 2383 841 2423 senibus
874 2384 1205 2423 demandabatur.
1262 2383 1385 2432 Igitur
1416 2384 1471 2421 sic
1503 2387 1573 2422 tum
1605 2383 1753 2423 Tollius
1784 2384 1869 2422 iun-

232 2453 353 2503 gebat
383 2453 478 2493 istax
525 2455 675 2491 semina
706 2455 815 2492 senis
848 2455 995 2492 nostri.
1038 2453 1266 2499 rectissime,
1307 2464 1352 2490 ac
1390 2452 1478 2490 vide
1509 2465 1615 2504 quam
1653 2453 1869 2504 perspicue.

230 2523 391 2562 Semina
421 2524 531 2560 senis
564 2524 692 2560 nostri
722 2524 809 2560 sunt
839 2522 998 2569 semina,
1039 2533 1134 2572 quae
1165 2533 1294 2559 serere
1325 2519 1425 2559 solet
1461 2533 1584 2560 senex
1616 2525 1763 2571 noster,
1806 2520 1869 2559 vel

232 2591 309 2630 seri
341 2590 467 2638 iubet3
500 2600 595 2642 quae
626 2589 846 2628 demandata
876 2591 963 2629 sunt
993 2589 1076 2627 seni
1108 2592 1260 2635 nostro,
1294 2589 1434 2628 villice.
1496 2589 1634 2628 Villioo
1674 2590 1870 2628 commissa

231 2660 352 2698 fuisse
381 2659 540 2705 semina,
575 2660 646 2697 tum
677 2669 741 2696 res
772 2658 856 2708 ipsa
886 2657 1042 2704 suadet,
1075 2660 1149 2696 tum
1181 2657 1355 2708 exempla
1386 2658 1541 2708 docent,
1574 2662 1613 2697 ut
1639 2657 1734 2697 Cato
1749 2657 1797 2697 R.
1817 2657 1866 2697 R.

233 2740 316 2779 cap.
348 2740 387 2766 v.
420 2726 468 2766 de
497 2726 633 2765 officiis
667 2725 804 2765 villici:
852 2727 972 2766 Salui
1009 2740 1155 2771 semen,
1196 2727 1374 2775 cibaria,
1413 2728 1508 2779 far,
1548 2729 1700 2775 vinum,
1743 2727 1868 2766 oleum

233 2804 400 2838 mutuum
431 2796 584 2835 dederit
614 2797 768 2834 nemini.
816 2793 924 2848 Quod
956 2809 1085 2836 senem
1108 2794 1272 2834 villicum
1296 2794 1472 2834 habuerit
1491 2794 1586 2835 Cato
1612 2798 1747 2845 poeta,
1771 2807 1866 2833 con-

232 2864 289 2903 tra
320 2862 548 2904 columellae
570 2863 601 2904 1.
628 2879 713 2905 vm.
746 2866 1009 2917 praeceptum,
1041 2875 1144 2902 nemo
1175 2863 1386 2912 mirabitur,
1418 2864 1479 2916 qui
1511 2862 1751 2903 Columellam
1776 2862 1866 2903 illud

233 2934 371 2972 tantum
402 2935 598 2985 spectare,
629 2932 727 2985 quod
758 2932 931 2983 optimum
963 2931 1037 2981 sit,
1070 2934 1108 2970 et
1137 2931 1349 2981 ambiguam
1381 2945 1469 2971 esse
1499 2934 1609 2971 senis
1636 2930 1866 2983 appellatio-

233 3011 315 3040 nem
345 3001 564 3043 meminerit.
623 3001 739 3044 Mitto
770 2999 922 3041 alteram
952 2999 1068 3041 Tollii
1097 3001 1460 3053 interpretationem,
1491 3012 1563 3055 qua
1593 2999 1658 3040 ille
1686 3001 1867 3053 fecunda
