2006 3365
461 158 514 197 IN
549 157 769 198 VALERII
811 157 1050 199 CATONIS
1081 159 1353 201 ECLOGAM.
1633 164 1733 209 1'77

86 285 227 311 omnes.
291 272 512 323 Propertius
544 272 574 311 Ι.
604 289 657 312 1v.
689 277 754 312 2⁴.
782 273 938 314 Nullas
963 274 1038 314 illa
1063 277 1152 316 suis
1178 281 1393 315 contemnet
1418 274 1577 328 fletibus
1603 290 1727 326 aras,

84 343 140 382 Ec
172 343 404 395 quicumque
435 354 578 390 sacer,
615 342 751 396 qualis
785 343 951 397 ubique,
984 344 1109 397 lapis.
1144 343 1206 383 uhi
1238 344 1509 395 supplendum,
1544 347 1581 383 ut
1613 348 1727 384 totam

85 409 348 460 complectaris
388 412 634 449 sententiam:
677 424 757 449 eum
798 423 868 449 non
908 415 1132 451 contemnet.
1194 412 1296 451 Idem
1340 415 1369 452 1.
1415 429 1504 452 x111.
1548 417 1611 453 18.
1672 416 1728 455 Et

83 492 228 531 capere
258 482 411 531 optatis
445 481 613 518 animam
645 480 843 532 deponere
873 480 1028 528 labris,
1061 481 1116 519 Ec
1149 494 1254 534 quae
1285 482 1429 521 deinde
1458 498 1564 524 meus
1596 485 1725 534 celat,

83 551 227 593 amice,
257 547 401 599 pudor.
433 548 703 598 supplendum:
738 561 781 586 ea
807 551 843 587 te
871 549 949 586 vidi
974 550 1115 587 facere.
1178 549 1278 587 Idem
1304 549 1353 588 ll.
1383 566 1499 591 xxvi.
1525 555 1592 592 35.
1620 567 1727 606 seqq.

85 615 229 655 Omnia
266 619 496 669 perpetiar,
541 630 692 656 saevus
725 618 819 656 licet
858 623 1000 668 urqeat
1038 618 1203 667 Eurus,
1244 617 1420 673 Velaque
1458 622 1499 659 in
1539 625 1726 663 incertum

80 685 263 736 sriqz'dus
307 692 447 724 auster
488 694 584 737 aya!
596 699 616 735 ,·
648 686 890 743 Quicumque
921 692 958 724 et
984 688 1095 725 venti
1123 689 1306 726 miseram
1336 691 1523 728 vexastis
1565 690 1727 742 Vtioeen,

80 754 135 793 Ec
159 754 349 793 Danaum
374 755 554 794 Euboico
581 755 714 794 littore
743 754 849 793 mille
879 760 1023 804 rates,·
1052 755 1111 794 Et
1142 758 1210 809 qui
1238 758 1423 796 movistis
1455 758 1532 796 duo
1564 759 1725 810 littora,

80 825 155 861 etc.
216 822 497 874 Supplendum:
540 824 563 861 ii
597 824 700 861 venti
732 835 861 861 omnes
900 822 991 863 licet
1022 826 1208 873 urgeant,
1243 824 1409 865 turbent.
1471 825 1587 866 Ovid.
1623 828 1725 868 Fast.

78 890 109 930 l.
154 894 249 931 492.
282 896 320 931 et
350 893 410 943 qui
443 895 529 931 sunt
559 891 621 929 alii
654 890 741 930 loci.

162 961 354 1014 Pompam
392 973 464 999 non
507 972 575 1011 pro
607 959 863 1010 multitudine,
905 972 1075 1011 numero,
1117 961 1155 1000 in
1186 962 1424 1013 universum,
1464 964 1531 1003 sed
1572 965 1726 1017 proprie

75 1030 235 1080 accipio.
298 1030 540 1069 Obversatur
566 1027 701 1069 Catoni
730 1042 877 1083 pompa
909 1030 1087 1078 deorum,
1121 1030 1243 1083 qualis
1269 1031 1411 1071 Romae
1443 1035 1553 1073 sestis
1587 1034 1723 1073 diebus

78 1098 287 1138 ducebatur
319 1098 649 1149 splendidissima,
694 1110 765 1150 qua
797 1098 1000 1138 occasione
1031 1100 1138 1139 ‘varia
1169 1099 1319 1140 deorum
1352 1102 1519 1152 insignia
1557 1103 1725 1150 discere,

77 1171 116 1206 et
155 1180 338 1215 amorum,
386 1179 480 1219 quos
523 1166 573 1205 illi
621 1167 844 1205 exercuisse
887 1167 1131 1218 serebantur,
1185 1170 1433 1220 monimenta,
1477 1171 1589 1211 facile
1629 1176 1723 1213 erat.

74 1236 164 1275 Noti
197 1241 283 1275 sunt
315 1236 443 1275 Ovidii
475 1236 570 1283 loci,
604 1236 735 1274 Amor.
770 1235 839 1274 ΙΙΙ.
875 1251 915 1274 11.
950 1240 1015 1276 43.
1049 1250 1157 1290 seqq.
1217 1239 1302 1279 Sed
1332 1242 1411 1279 iam
1438 1253 1583 1294 pompa
1615 1244 1723 1282 venit

73 1309 146 1344 ete.
190 1306 250 1345 ubi
288 1319 549 1359 pompamque
588 1306 744 1344 deorum
776 1307 836 1344 est
870 1319 907 1343 v.
942 1310 1008 1344 61.
1053 1308 1091 1345 ut
1126 1320 1274 1361 pompa
1312 1309 1424 1349 deum
1461 1310 1557 1361 apud
1599 1309 1720 1350 Cato-

74 1387 168 1413 nem.
230 1375 290 1413 De
333 1375 462 1413 eadem
495 1375 645 1413 deorum
679 1386 746 1426 per
778 1372 926 1413 Circum
958 1388 1094 1426 pompa
1125 1376 1212 1416 Art.
1253 1390 1322 1416 am.
1354 1377 1386 1416 Ι.
1423 1380 1515 1417 147.
1548 1379 1605 1418 At
1635 1393 1719 1419 cum

70 1457 217 1496 pompa
247 1444 440 1498 frequens
473 1443 714 1483 coelestibus
754 1443 825 1482 ibit
863 1442 1038 1484 eburnis.
1072 1445 1106 1483 si
1139 1457 1185 1485 ea
1214 1446 1266 1484 ibi
1300 1459 1392 1485 vera
1422 1448 1612 1498 scriptura
1643 1452 1716 1488 est.

73 1513 223 1552 Rursus
265 1513 359 1551 idem
404 1513 506 1551 Fast.
547 1512 614 1551 lv.
648 1516 743 1551 391.
809 1513 956 1552 Circus
997 1515 1073 1553 erit
1104 1527 1240 1566 pompa
1270 1515 1442 1563 celeber,
1482 1530 1718 1572 numeroque

73 1581 238 1620 deorum.
309 1582 356 1620 Et
400 1581 459 1619 his
511 1581 655 1633 quidem
695 1582 729 1619 in
778 1581 875 1620 locis
924 1581 1023 1620 nulla
1065 1582 1106 1622 fit
1149 1583 1352 1634 insignium
1399 1588 1438 1624 et
1487 1583 1718 1634 συμβόλων

71 1651 220 1688 mentio.
291 1650 370 1689 Sed
412 1663 457 1689 ea
493 1650 620 1688 addita
653 1653 724 1689 tum
767 1650 885 1689 fuisse
917 1650 1147 1700 imaginibus
1188 1652 1362 1703 deorum,
1402 1655 1534 1705 partim
1576 1668 1645 1706 per
1675 1669 1718 1695 se

71 1718 273 1769 probabile
314 1723 395 1767 est,
438 1719 570 1769 partim
611 1732 659 1757 ex
699 1718 783 1757 aliis
815 1719 967 1758 aliarum
999 1733 1214 1772 pomparum
1246 1721 1571 1773 descriptionibus
1604 1725 1716 1764 colli-

67 1788 195 1836 gitur,
240 1793 278 1826 nt
318 1788 440 1837 illius,
484 1789 529 1827 de
569 1801 639 1841 qua
673 1789 886 1838 Dionysius
920 1788 1044 1828 Halic.
1086 1789 1153 1828 lib.
1186 1790 1274 1830 VII.
1308 1796 1473 1832 exeunte
1512 1796 1628 1834 refert
1667 1808 1717 1834 ex

69 1857 116 1909 Q.
158 1858 292 1896 Fabio:
335 1859 368 1895 in
411 1871 482 1910 qua
531 1858 788 1908 descriptione
828 1857 922 1896 liaeo
963 1858 1143 1908 leguntur
1182 1873 1222 1910 p.
1266 1863 1387 1900 1493.
1430 1862 1521 1903 Vol.
1562 1863 1632 1902 lli.
1665 1864 1713 1904 R.

68 1927 308 1962 Πλευιαῐαι
352 1924 396 1962 ὸιῖ
436 1923 607 1962 πάντων
646 1923 686 1962 αὶ
723 1925 804 1962 τῶν
837 1925 954 1963 θεῶν
988 1924 1151 1971 εἰκόνες
1191 1926 1445 1975 {nogia-‘vom
1481 1923 1617 1978 ὤμοις
1647 1929 1715 1968 ὑπ’

69 1991 236 2042 ἀνδρῶν
261 1993 519 2044 φερόμεναι,
554 1992 730 2044 μορφάς
756 2008 800 2031 τε
819 1993 970 2043 ὁμοίας
998 1994 1273 2046 παρέχουσαι
1305 2001 1399 2043 ταῖς
1430 1997 1516 2049 παρ’
1536 1994 1711 2052 τἘλλησι

67 2064 400 2111 τιλαῖτολιιέναις,
445 2063 518 2100 καί
555 2060 711 2107 σκευὰς
752 2062 826 2100 καί
862 2061 1079 2112 σύμβολα,
1122 2063 1197 2102 καί
1226 2063 1414 2114 δωρεάς,
1449 2059 1508 2105 ὧν
1540 2067 1713 2119 εὑρεταὶ

66 2131 140 2168 καί
162 2132 337 2182 δοτῆρες
363 2130 612 2181 ἀνθρώποις
639 2131 813 2169 ἕκαστοι
838 2132 1164 2183 παραδίδονται.
1216 2135 1361 2186 Addit,
1385 2149 1458 2176 non
1475 2138 1594 2178 solum
1620 2140 1709 2180 illo..

65 2215 141 2241 rum
174 2203 366 2241 duodecim
399 2204 447 2241 ibi
482 2204 668 2253 imagines
698 2203 887 2252 adfuisse,
920 2204 989 2242 sed
1022 2205 1132 2243 etiam
1165 2217 1311 2254 eorum,
1345 2207 1404 2258 qui
1439 2206 1514 2245 illis
1539 2209 1706 2262 antiqui-

64 2284 174 2319 ores,
218 2275 255 2309 et
293 2274 561 2322 posteriorum,
603 2275 642 2311 ut
673 2271 837 2321 Bacchi,
877 2276 916 2312 et
946 2273 1214 2323 semideorum,
1256 2278 1295 2313 ut
1327 2275 1525 2326 Herculis,
1565 2277 1705 2329 Panis,

62 2341 112 2379 al.
174 2342 290 2393 Quam
328 2344 502 2379 accurate
534 2344 654 2380 autem
694 2345 903 2381 exornatae
935 2342 1111 2392 singulae
1142 2342 1291 2382 deorum
1324 2344 1508 2393 imagines
1539 2348 1698 2397 fueruit,

63 2415 102 2449 ut
144 2422 236 2448 unus
268 2410 569 2458 distingueretur
599 2411 645 2449 ab
679 2410 822 2459 altero,
864 2414 901 2450 et
933 2424 1038 2464 quam
1070 2412 1272 2465 diligenter
1310 2425 1376 2451 eas
1413 2414 1577 2465 populus
1625 2416 1699 2456 ob-

62 2480 300 2520 servaverit.
334 2478 468 2516 docent
503 2479 760 2518 mnemorabiles
792 2492 836 2518 ae
868 2479 980 2532 lepidi
1013 2480 1107 2530 loci,
1135 2480 1335 2521 Ciceronis
1365 2481 1411 2520 ad
1441 2482 1551 2522 Xlll.
1588 2499 1698 2525 Xle.

61 2548 105 2586 de
139 2547 334 2594 Victoria,
378 2548 435 2585 cui
468 2560 537 2584 non
570 2548 708 2598 plausit
741 2549 923 2599 populus,
966 2552 1123 2600 propter
1152 2551 1295 2590 malum
1325 2552 1524 2602 vicinum,·
1564 2553 1697 2595 Dionis

61 2617 188 2655 Cassii
215 2615 402 2655 ΧΙΝΙΙΙ.
432 2629 467 2666 p.
496 2619 589 2654 5⁴6.
621 2617 667 2655 de
699 2618 846 2668 prolata
881 2619 915 2657 in
948 2619 1045 2657 ludis
1078 2619 1319 2671 equestribus
1352 2621 1515 2670 imagine
1540 2622 1692 2674 Neptu-

58 2685 117 2733 ni,
160 2697 254 2737 quae
299 2685 408 2722 multo
450 2690 613 2734 excepta
645 2685 774 2735 plausu
816 2691 897 2737 est,
938 2692 1094 2738 propter
1122 2689 1416 2727 recordationem
1444 2689 1554 2729 Sexti
1579 2691 1691 2730 Pom-

58 2754 146 2802 peii.
208 2750 364 2796 σκευὰς
398 2751 469 2788 καί
501 2750 695 2799 σύμβολα
727 2768 834 2806 quum
866 2757 958 2795 dicit
982 2756 1212 2807 Dionysius,
1254 2756 1350 2795 haud
1383 2758 1495 2796 dubie
1527 2757 1690 2799 habitum

57 2825 95 2860 et
134 2823 320 2872 insignia,
362 2826 400 2861 ut
442 2824 476 2860 in
508 2822 685 2872 Neptuno
724 2824 942 2873 tridentem,
985 2825 1022 2863 in
1052 2825 1234 2876 Apolline
1272 2838 1416 2875 areum,
1458 2827 1493 2864 in
1527 2827 1689 2867 Hercule

56 2890 190 2939 pellem
232 2890 415 2929 leoninam
463 2891 706 2943 clavamque,
749 2892 947 2943 intelligit,
981 2895 1047 2933 sed
1090 2893 1272 2932 credibile
1310 2899 1368 2932 est
1410 2908 1479 2933 non
1521 2897 1688 2935 defuisse

56 2965 205 2998 caetera
235 2964 472 3009 ornamenta,
505 2960 725 2999 inonimenta
754 2974 937 3011 amorum,
973 2966 1011 3003 ut
1042 2964 1078 3002 in
1111 2962 1292 3015 Apolline
1324 2963 1482 3011 lam‘um,
1517 2964 1550 3001 in
1584 2965 1687 3006 Pane

54 3030 273 3079 syringem,
306 3029 367 3068 vel
400 3030 534 3080 pinum.

1350 3091 1413 3134 12

125 3107 275 3140 Valerius
300 3106 393 3139 Cato.
