2006 3365
214 121 315 168 174
767 112 1296 154 ANIMADVERSIONES

299 233 429 274 Ovidii
469 233 608 280 locum,
654 241 761 282 quem
798 228 924 280 paullo
964 231 1051 268 ante
1091 227 1347 277 attingebam,
1386 228 1522 267 Nonno
1559 228 1679 267 fuisse
1717 226 1850 267 lectum

213 302 376 352 dixeris,
419 302 481 340 ubi
513 301 561 338 de
600 311 669 337 una
708 311 759 337 ex
789 298 926 342 Hori&
961 297 1032 336 XI.
1072 299 1172 336 extr,
1206 289 1321 332 οὔπω
1356 292 1434 345 γάρ
1467 293 1668 345 χρυσέων
1698 288 1852 332 ἑλίκων

211 372 428 406 πλεκτοΐσι
463 365 700 417 κορύμβοις
738 364 917 414 βότρυες
941 363 1223 413 αἰιιπελόεντες
1249 361 1449 414 ἑπέρῥεον
1478 363 1631 413 αὐχένι
1659 360 1851 413 νύμφης·

214 436 314 475 οιῗδέ
343 451 418 484 μιν
450 435 688 474 οῖνωθεῖσα
708 440 782 475 etc.
813 435 1015 475 Transitus
1047 435 1087 474 fit
1117 435 1214 486 apud
1234 434 1409 475 Ovidium
1440 435 1486 473 ad
1517 436 1704 484 originem
1735 433 1850 478 lauri,

210 508 307 559 apud
337 507 508 546 Nonnum
540 506 586 545 ad
617 506 802 555 originem
834 505 949 551 vitis,
982 505 1309 556 inventionemque
1343 504 1434 542 vini.

288 644 338 683 V.
355 647 421 683 44.
437 648 583 686 45.46.
601 641 767 689 (147.S.
783 643 840 694 9.)
874 652 932 685 ΕΤ
958 651 1083 694 QUAE
1110 651 1269 684 POMPA
1292 649 1447 682 DEUM:
1474 648 1579 682 ΝΛΜ
1603 649 1759 683 SILVIS
1782 649 1853 682 etc.

211 717 254 755 ln
286 726 401 753 versu
435 718 502 752 44.
545 716 657 752 vetus
701 715 762 751 est
802 713 1012 762 scripturae
1044 712 1264 750 diversitas.
1326 708 1430 755 Una,
1464 708 1643 759 vulgata,
1675 709 1854 748 librorum

210 784 390 822 editorum
422 788 510 822 ante
543 783 703 821 Aldiuas
741 782 919 828 omnium,
963 783 1001 819 et
1033 779 1288 818 nonnullorum
1321 780 1409 828 post
1438 776 1622 825 Aldmas,
1661 780 1701 816 ut
1733 778 1855 816 lunti-

210 865 280 891 nae
311 852 410 891 Flor.
443 852 566 901 Lugd.
588 854 710 890 1529.
744 850 834 889 Bas.
860 852 978 888 1543.
1011 849 1191 897 Mogunt.
1219 849 1338 885 1549.
1371 845 1493 895 bugd.
1527 848 1566 884 et
1587 846 1711 885 Antv.
1734 849 1854 884 1556.

214 921 566 971 Scaligeranarum,
600 920 792 969 Antverp.
829 921 949 958 1580.
983 917 1156 956 Pitboei:

440 990 496 1028 Et
527 1001 633 1041 quem
662 1001 808 1040 pompa
842 988 953 1026 deum
985 998 1056 1024 non
1089 985 1210 1024 siluis
1241 985 1355 1036 fama
1386 984 1521 1022 locuta
1551 989 1627 1022 est.

212 1058 330 1098 altera
361 1058 538 1097 librorum
570 1058 808 1108 scriptorum,
841 1055 1088 1103 Aldinarum,
1120 1056 1158 1092 et
1187 1053 1338 1091 aliarum
1371 1056 1459 1104 post
1488 1052 1672 1103 Aldinas,
1704 1054 1744 1092 ut
1774 1051 1855 1090 Ve-

211 1132 322 1168 netae
357 1131 478 1166 1558.
511 1126 629 1166 Basil.
670 1125 718 1163 11.
750 1125 795 1163 P.
830 1127 953 1164 1561.

382 1197 439 1236 Et
469 1207 565 1248 quae
598 1194 682 1244 (vel
716 1192 810 1248 que)
849 1206 995 1246 pompa
1025 1191 1140 1230 (lemn
1169 1190 1243 1229 nisi
1282 1191 1403 1230 siluis
1443 1190 1525 1238 (vel
1558 1191 1712 1243 syluis)
1742 1191 1859 1243 fama

1352 1259 1487 1299 locuta
1517 1266 1593 1299 est.

212 1334 280 1373 Sic
311 1334 453 1372 diserte
485 1334 634 1385 scripti
672 1331 771 1382 apud
802 1330 1024 1378 Heinsium,
1067 1329 1127 1381 qui
1167 1330 1253 1366 sunt
1292 1328 1526 1366 Petaviauus
1564 1331 1602 1368 et
1631 1327 1858 1377 Tlmaneus3

212 1403 434 1449 Mean-eus,
466 1402 591 1441 Paris.
612 1401 662 1440 11.
688 1400 756 1439 ΙΙΙ.
784 1399 854 1439 IV.
888 1402 926 1438 et
955 1398 1223 1447 Augustanus.
1265 1396 1364 1442 Alii,
1399 1398 1431 1435 si
1463 1397 1728 1436 collationibus
1759 1397 1857 1448 apud

211 1484 270 1510 me
301 1472 394 1510 tides
424 1474 504 1520 est,
539 1474 578 1510 ut
608 1482 678 1508 non
713 1474 772 1509 est
804 1482 869 1508 eur
895 1469 1058 1507 diffidam
1087 1467 1183 1516 illis7
1205 1466 1353 1505 mixtam
1379 1479 1427 1505 ex
1447 1470 1604 1518 utraque
1636 1466 1857 1516 scripturam

213 1541 375 1580 babent:
410 1554 514 1594 (sacae
546 1539 628 1587 (vel
661 1541 753 1593 que)
782 1561 834 1566 —
857 1552 934 1577 mm
964 1537 1207 1586 Angue-anus
1240 1539 1278 1574 et
1309 1535 1515 1574 Vratisl.1.
1586 1537 1861 1591 quem—nisi

212 1610 366 1649 Monac.
399 1609 428 1649 l.
462 1608 511 1647 ll.
544 1611 582 1647 et
612 1608 810 1647 Leidensis
844 1607 1056 1645 Burmanni.
1119 1605 1196 1644 Sed
1230 1604 1276 1642 de
1307 1604 1487 1643 Leidensi
1526 1617 1683 1656 prorsus
1715 1605 1858 1643 incerta

213 1692 276 1719 res
308 1681 389 1729 est,
435 1682 507 1717 tum
539 1679 624 1729 quia
655 1677 702 1714 de
733 1679 812 1715 toto
845 1676 976 1714 codice
1006 1674 1185 1714 Leidensi
1217 1671 1306 1710 nibil
1340 1675 1511 1717 constat,
1557 1676 1595 1712 ut
1625 1673 1858 1712 monstrabi-

213 1752 273 1787 tur
303 1761 323 1786 a
353 1760 410 1786 me
441 1749 475 1785 in
508 1747 733 1785 recensione
766 1745 950 1793 codieumg
995 1747 1068 1781 tum
1099 1743 1185 1794 quia
1217 1744 1354 1780 certum
1387 1746 1465 1788 est,
1497 1742 1635 1794 aliquid
1668 1741 1858 1780 turbatum

214 1830 304 1856 esse
336 1817 371 1855 in
406 1816 602 1854 Burmanni
634 1815 679 1852 ad
710 1813 748 1852 h.
781 1813 805 1851 l.
837 1813 1127 1851 observatione:
1173 1823 1254 1849 nam
1294 1811 1390 1862 quod
1431 1811 1564 1850 scribit
1595 1811 1856 1859 Burmannus,

214 1887 248 1924 in
281 1885 459 1924 Leidensi
496 1885 552 1923 Et
585 1897 693 1938 quem
721 1895 868 1935 pompa
907 1881 1018 1920 deum
1054 1882 1137 1919 nisi
1177 1881 1299 1919 silvis
1340 1880 1441 1929 legi,
1489 1880 1676 1934 quomodo
1719 1879 1856 1919 Aldus

213 1955 364 2003 edidit,
405 1954 439 1991 id
477 1953 673 1991 manifesto
713 1951 845 1990 salsum
885 1953 967 1997 est,
1009 1962 1115 2000 quum
1155 1950 1190 1986 in
1230 1949 1378 1988 Aldiuis
1422 1963 1525 2003 quae
1564 1949 1739 1998 legatur,
1782 1960 1855 1987 non

216 2037 338 2077 quem.
399 2022 557 2060 Praeter
588 2021 703 2068 baec,
746 2032 840 2072 quae
872 2019 973 2062 dixi,
1018 2017 1105 2056 nibil
1139 2018 1174 2056 in
1207 2017 1313 2056 libris
1355 2018 1508 2068 scriptis
1551 2018 1749 2056 varietatis
1780 2019 1854 2057 est.

216 2091 485 2132 Circuml'ertur
515 2090 660 2142 quidem
693 2090 802 2127 tertia
834 2089 1020 2138 scriptura
1050 2088 1256 2138 quaedam:

554 2159 609 2198 Et
642 2170 737 2210 quae
768 2158 872 2196 Pana
903 2157 1038 2204 (lemn,
1073 2157 1143 2194 nisi
1174 2170 1207 2195 s.
1239 2157 1274 2208 f.
1307 2156 1334 2194 l.
1365 2170 1399 2195 e.

216 2228 283 2267 sed
316 2240 360 2267 ea
391 2226 527 2265 nullius
560 2227 703 2265 codicis
730 2226 979 2272 auctoritatm
1005 2229 1177 2277 quantum
1205 2225 1313 2263 nobis
1338 2225 1480 2276 quidem
1501 2226 1670 2271 constat,
1700 2225 1852 2263 munita.

217 2297 311 2335 Nam
342 2296 613 2346 Excerptorum
645 2307 738 2346 quae
769 2294 939 2332 dicuntur
969 2294 1105 2342 Pierii,
1138 2294 1272 2345 quibus
1298 2294 1500 2344 Excerptis
1526 2293 1705 2332 Heinsius
1736 2293 1782 2332 ad
1813 2293 1852 2332 h.

217 2366 241 2404 l.
275 2369 413 2404 tantum
445 2364 595 2411 tribuit„
628 2367 666 2402 ut
697 2375 741 2401 ea
770 2363 815 2401 ad
847 2362 1012 2401 codicem
1046 2363 1260 2401 Bembinum
1292 2363 1451 2412 referat,
1493 2361 1626 2405 nullam
1659 2374 1748 2402 esse
1779 2375 1850 2401 au-

218 2434 429 2473 ctoritatem
461 2433 577 2471 doceo
610 2432 645 2471 in
677 2432 900 2470 recensione
931 2431 1110 2470 codicum.
1160 2431 1245 2480 Ego
1278 2432 1355 2480 sic,
1390 2445 1464 2485 que
1491 2444 1602 2484 pana
1634 2431 1745 2470 deum
1768 2432 1852 2469 nisi

217 2518 253 2542 s.
285 2503 421 2541 editum
462 2502 610 2551 reperio
642 2501 678 2539 in
705 2499 853 2539 Veneta
894 2500 1001 2540 Scot.
1038 2502 1157 2538 1555.
1218 2499 1269 2538 Ut
1307 2512 1379 2538 non
1420 2501 1547 2551 inepte
1588 2500 1767 2538 coniicias
1798 2511 1849 2538 ex

216 2572 288 2609 hac
318 2572 458 2609 demum
490 2570 658 2614 Veneta,
697 2568 759 2607 vel
801 2581 851 2607 ex
889 2568 961 2608 alia
1001 2572 1186 2617 cognata,
1233 2568 1320 2606 illud
1362 2567 1538 2607 hausisse
1575 2569 1847 2618 Excerptorem

217 2642 346 2684 istum,
389 2652 494 2691 quem
527 2638 659 2677 volunt
690 2639 847 2676 Pierium
888 2650 991 2676 esse.
1050 2637 1208 2686 Legitur
1249 2639 1357 2676 etiam
1403 2651 1506 2692 qnae
1545 2638 1666 2677 Pana
1694 2637 1844 2685 Deum,

217 2713 299 2748 nisi
329 2711 363 2747 in
404 2708 571 2757 margine
602 2706 898 2756 Antverpiensis
934 2709 1053 2744 1566.
1093 2709 1130 2744 et
1162 2705 1375 2756 Scaligeri,
1416 2709 1454 2745 et
1485 2705 1655 2755 pithoei,
1697 2705 1845 2744 editum.

217 2777 313 2817 haud
346 2777 457 2815 dubie
489 2788 538 2814 ex
568 2776 719 2814 Veneta
749 2774 833 2823 illa,
865 2774 927 2813 vel
958 2786 1008 2813 ex
1037 2773 1110 2813 aHa
1140 2777 1317 2824 cognata.

303 2846 464 2885 Versum
497 2847 562 2883 45.
593 2843 678 2883 libri
709 2855 836 2881 omnes
868 2843 920 2882 ita
951 2845 1168 2893 conceptum
1201 2841 1409 2882 exhibent:

362 2914 505 2955 Omnia
535 2926 609 2953 vos
640 2913 757 2952 estis.
791 2910 867 2957 (sic
897 2910 1006 2950 Rom.
1038 2910 1088 2960 l.)
1122 2924 1251 2950 seeum
1283 2924 1360 2949 sua
1389 2911 1543 2962 yamlia
1570 2915 1719 2961 qestat.

219 2982 388 3022 Romana
419 2982 467 3021 ΙΙ.
499 2984 588 3034 post
617 2983 719 3021 estis
750 2979 1025 3019 distinctionem
1055 2978 1211 3031 nullam,
1242 2980 1392 3019 Veneta
1409 2978 1549 3018 Achat.
1582 2978 1691 3018 colon
1713 2979 1839 3020 habet.
