2006 3365
450 160 520 200 DE
551 161 770 202 VIRGILII
801 162 897 201 LlB.
918 161 1205 202 tUVENALtS
1235 161 1372 202 LUDI.
1641 164 1740 208 251

115 275 339 325 scriptione,
380 277 503 326 spatio
544 280 707 326 tantum,
753 277 815 316 vel
847 277 972 315 maiori
1014 276 1140 315 littera
1179 276 1331 323 initiali,
1373 274 1433 314 vel
1473 273 1546 314 alio
1587 275 1743 327 quodam

114 343 272 391 indicio,
303 356 325 382 a
356 344 459 382 Diris
498 345 725 384 distinctum.
787 346 826 384 Id
868 345 1039 383 indicium
1080 359 1185 397 quum
1227 358 1297 383 non
1336 344 1664 383 animadvertisset
1693 343 1741 381 li-

113 411 259 450 brarius
290 412 407 461 alter,
451 416 642 465 utrumque
680 426 822 452 caranen
866 414 1059 452 coniunxit
1098 415 1133 451 in
1166 427 1294 452 uuum:
1335 426 1379 452 ac
1420 413 1538 465 potuit
1577 412 1668 455 boc,
1704 414 1743 451 ut

112 478 208 518 bene
241 485 363 519 monet
403 483 628 530 lacobsius,
675 495 719 520 eo
758 482 951 526 accidere,
998 482 1172 533 frausque
1210 485 1308 521 sacta
1348 496 1392 521 eo
1424 483 1542 520 latere
1573 480 1739 528 facilius,

112 562 183 600 qno
215 550 329 587 maior
359 550 483 588 obiter
515 551 725 601 inspicienti
760 552 854 589 inter
895 553 1034 600 partem
1068 551 1236 588 Dirarum
1269 554 1470 588 extremam
1502 554 1540 589 et
1570 550 1740 589 carminis

110 629 161 656 ex
193 617 313 667 Lydia
344 618 480 656 initium
514 619 711 657 videbatur
741 619 941 657 similitudo
974 623 1011 657 et
1041 631 1161 657 nexus
1191 621 1398 667 argmnenti
1431 631 1532 658 esse.
1592 619 1634 658 In
1666 632 1740 657 ex-

111 686 238 724 tremis
270 685 395 733 Diris‚
430 687 490 725 ubi
523 691 610 738 post
640 688 944 730 exsecrationes,
980 686 1064 725 vale
1096 688 1184 726 dicit
1211 700 1325 736 agro,
1361 687 1486 725 valere
1517 688 1625 726 etiam
1656 687 1739 738 Ly-

109 754 204 792 diam
237 754 394 805 puellam
422 755 542 802 iubet,
565 768 642 794 eum
669 755 779 793 multa
797 755 932 793 amoris
952 755 1049 793 nulla
1081 769 1120 794 re
1151 756 1420 805 exstinguendi
1439 756 1738 805 *testificatione3

109 834 254 861 carmen
286 822 438 861 alterum
470 836 600 862 rursus
633 824 762 873 incipit
791 823 837 861 ab
864 835 960 871 agro
985 828 1022 862 et
1044 823 1186 875 Lydia:
1220 823 1377 873 languet
1407 828 1520 874 poeta
1551 823 1738 861 desiderio

109 893 371 930 commorantis
404 893 437 930 in
469 905 563 941 agro
595 892 752 942 Lydiae.
814 893 944 944 ltaque
982 891 1075 931 haec
1114 894 1165 931 ita
1197 894 1293 932 inter
1324 905 1367 930 se
1398 892 1531 930 similia
1563 895 1601 931 et
1631 892 1738 944 (suasi

107 964 292 1009 cognata,
337 966 375 999 ut
406 964 443 999 et
475 961 624 999 librario
656 961 718 999 isti
753 964 790 999 et
820 964 909 1011 post
948 974 1028 999 eum
1061 961 1182 999 multis
1215 960 1400 1008 saeculis,
1444 973 1562 1013 usque
1593 961 1638 999 ad
1669 973 1738 999 an-

108 1042 189 1068 num
226 1031 343 1068 1792.
384 1042 455 1081 quo
487 1042 582 1067 anno
623 1030 826 1080 disputatio
867 1029 968 1068 edita
1008 1029 1200 1079 Iaeobsii,
1241 1043 1347 1068 unum
1380 1042 1466 1068 esse
1499 1042 1644 1068 carmen
1677 1030 1740 1068 vi-

106 1098 295 1136 derentur.
357 1098 477 1137 Nobis
521 1099 775 1150 quaestionem
807 1097 868 1136 hic
900 1099 1068 1138 inserere
1100 1101 1263 1138 fortasse
1295 1111 1366 1137 non
1399 1099 1555 1137 otiosam
1586 1097 1737 1149 placet:

107 1179 172 1205 eur
204 1166 266 1205 ille
297 1168 356 1219 qui
388 1168 525 1218 primus
557 1167 658 1206 Diris
690 1168 852 1206 subiecit
885 1179 1028 1206 carmen
1061 1182 1109 1207 ex
1143 1168 1264 1219 Lydia
1296 1167 1495 1216 librarius,
1530 1167 1601 1206 boe
1633 1180 1738 1205 unum

107 1248 254 1274 carmen
285 1237 515 1285 subiecerit3
554 1248 619 1274 eur
650 1249 721 1274 non
752 1236 872 1287 aliud3
905 1249 969 1275 cur
1000 1250 1070 1275 non
1103 1236 1231 1288 plura3
1264 1249 1328 1275 eur
1359 1249 1428 1275 non
1461 1237 1593 1275 onmia.
1653 1237 1738 1275 Re-

106 1305 293 1355 spondeat
323 1305 480 1357 aliquis:
513 1304 689 1356 placebat
719 1306 793 1355 ita,
826 1318 897 1344 non
929 1307 1024 1345 satis
1055 1306 1284 1357 suppetebat
1315 1306 1408 1355 otii,
1441 1318 1513 1344 non
1544 1306 1639 1344 satis
1670 1318 1738 1343 sn-

107 1377 257 1424 pererat
297 1373 461 1412 chartae.
531 1373 605 1414 Vel
646 1373 716 1413 boe
754 1374 883 1413 modo:
930 1387 1102 1413 manasse
1141 1374 1294 1413 codices
1335 1380 1486 1413 nostros
1528 1387 1656 1413 omnes
1688 1386 1737 1413 ex

107 1455 178 1480 uno
210 1442 364 1494 quodam
397 1443 516 1482 veteri
548 1442 743 1493 exemplo,
783 1442 866 1481 olim
899 1443 1080 1494 pleniori,
1113 1444 1180 1482 sed
1213 1456 1261 1482 ex
1294 1457 1365 1495 quo
1396 1448 1534 1482 mature
1566 1443 1738 1481 excidis-

105 1514 193 1550 sent
224 1523 318 1563 quae
349 1511 603 1563 sequebantur
642 1512 815 1550 carmina.
876 1511 972 1550 Mibi
1011 1512 1083 1551 alia
1114 1514 1208 1551 ratio
1240 1512 1385 1563 placet,
1426 1512 1614 1563 velimque
1658 1524 1736 1549 eam

108 1580 143 1618 in
178 1592 250 1618 rem
295 1579 483 1628 adbiberi,
524 1592 619 1632 quae
664 1593 754 1631 pag.
790 1584 883 1619 241.
917 1593 974 1632 sq.
1007 1594 1028 1618 a
1059 1593 1114 1618 me
1155 1582 1297 1631 scripta
1338 1583 1438 1619 sunt.
1499 1580 1648 1619 Factum
1678 1583 1738 1619 est

106 1649 290 1697 sortasse,
324 1653 361 1687 ut
392 1651 532 1687 mature
564 1648 841 1688 dissolveretur
882 1649 1021 1702 Lydia
1059 1649 1175 1698 liber,
1216 1652 1254 1688 et
1286 1650 1444 1687 earmina
1475 1649 1556 1687 eius
1588 1653 1626 1687 ut
1656 1649 1737 1687 sin-

106 1717 197 1767 gula
230 1717 582 1765 circumferrentur,
622 1721 731 1755 extra
761 1718 946 1767 ordinem,
990 1721 1028 1757 et
1067 1731 1170 1756 unum
1204 1720 1241 1756 ut
1272 1718 1492 1767 diligentius
1523 1717 1735 1767 legeretur,

106 1786 401 1837 religiosiusque
433 1790 742 1835 conservaretur,
775 1800 879 1839 qnam
913 1790 1074 1826 caetera.
1135 1787 1215 1827 Aut
1246 1787 1306 1839 qni
1341 1789 1478 1838 primus
1509 1799 1654 1826 carmen
1688 1800 1737 1824 ex

106 1854 226 1904 Lydia
257 1855 418 1893 subiecit
448 1854 553 1893 Diris
594 1854 795 1905 librarius,
835 1856 921 1894 illud
970 1862 1148 1909 tamquam
1182 1857 1540 1908 praestantissimum
1571 1868 1615 1894 ae
1645 1868 1736 1906 pro-

107 1923 337 1961 batissimum
369 1923 541 1973 elegerat
571 1937 620 1962 ex
651 1924 771 1974 Lydia
814 1924 924 1962 libro.
985 1925 1089 1978 Quae
1122 1931 1193 1964 tum
1225 1926 1381 1963 maxime
1413 1927 1499 1975 apta
1532 1923 1736 1974 explicatio

108 1993 201 2039 erit,
231 1993 261 2030 si
287 1996 454 2040 statuas,
487 1992 582 2044 quod
615 1992 709 2031 baud
743 1994 867 2044 inepte
892 1996 1069 2032 facturum
1094 2007 1205 2042 esse,
1238 1995 1296 2045 qui
1324 1993 1416 2031 velit
1440 1995 1586 2040 facere,
1610 1993 1736 2041 signi-

109 2060 241 2108 ticavi,
289 2073 333 2098 eo
372 2062 494 2099 statim
536 2061 691 2099 consilio
731 2064 865 2100 tactum
909 2075 996 2101 esse
1034 2064 1229 2101 carminum
1269 2061 1425 2102 Catonis
1466 2061 1667 2109 delectum,
1701 2063 1739 2098 ut

108 2130 338 2168 insereretur
382 2129 416 2167 in
462 2128 718 2168 collectionem
759 2135 966 2181 poematum
1008 2132 1205 2169 variorum.
1283 2131 1365 2169 [loc
1402 2134 1479 2169 fere
1519 2142 1737 2181 persuasum

107 2197 250 2241 habeo,
300 2199 369 2236 nisi
402 2199 468 2236 iam
500 2200 703 2251 antiquitus
742 2198 837 2238 haec
876 2201 1036 2238 earmina
1068 2199 1275 2240 Catoniana
1306 2201 1339 2238 in
1373 2198 1644 2239 Collectionem
1675 2211 1735 2237 re-

108 2271 219 2317 cepta
251 2268 434 2317 fuissent,
468 2268 533 2305 vix
566 2269 758 2320 quiequam
791 2267 946 2308 Catonis
978 2270 1023 2307 ad
1056 2282 1123 2307 nos
1156 2270 1272 2307 l'uisse
1302 2272 1580 2319 perventurum.

195 2335 391 2375 Caeterum
430 2337 500 2375 etsi
542 2338 622 2388 ipse
654 2338 773 2377 monui
806 2341 893 2376 ante
923 2338 1036 2376 Diras
1067 2339 1244 2389 seriptum
1277 2351 1365 2376 esse
1397 2349 1542 2376 carmen
1575 2349 1623 2375 ex
1654 2335 1736 2387 Ly-

109 2404 188 2450 dia,
223 2408 341 2442 tannen
373 2405 409 2442 in
442 2405 596 2443 edendis
628 2406 851 2444 carminibus
878 2407 1035 2447 Catonis
1062 2407 1255 2456 vulgarem
1282 2407 1445 2445 ordinem
1471 2408 1596 2459 sequi,
1629 2405 1735 2444 loco-

108 2486 179 2525 que
211 2475 420 2524 posteriore
452 2487 589 2524 ponere
621 2488 765 2514 carmen
799 2475 885 2514 illud
918 2476 1070 2527 placuit.
1131 2475 1259 2514 Itidem
1291 2477 1492 2524 sancitam,
1535 2475 1595 2513 vel
1637 2479 1737 2513 certe

108 2542 380 2587 excusandam,
425 2547 478 2582 tot
508 2543 737 2582 saeculorum
770 2557 896 2583 errore
928 2545 1218 2596 appellationem
1252 2546 1404 2593 Dirae,
1436 2557 1549 2582 sensu
1583 2543 1735 2591 latiore,

109 2615 148 2649 ut
181 2623 324 2649 carmen
367 2612 473 2649 etiam
511 2611 663 2650 alterum
710 2613 999 2665 complectatur,
1042 2615 1175 2653 retinui
1213 2613 1273 2652 hic
1304 2613 1401 2664 illic,
1440 2613 1506 2652 sed
1549 2613 1609 2651 ubi
1640 2611 1738 2650 nulla

108 2680 305 2719 metuenda
335 2683 416 2719 erat
450 2680 687 2730 ambiguitas.
