2006 3365
210 111 280 156 88
775 104 1304 147 ANIMADVERSIONES

300 223 447 263 Deinde
479 223 575 276 quod
608 222 704 261 hanc
735 234 842 275 quam
882 219 964 260 vult
1002 220 1196 259 exsistere
1231 220 1402 273 Syrtim,
1441 222 1552 272 poeta
1591 232 1764 259 sororem
1799 218 1857 258 di-

214 292 266 332 cit
297 291 493 345 Libycae,
534 291 713 330 audacter
743 291 882 330 dictum
913 292 996 338 est,
1036 289 1244 328 addendum
1283 288 1468 340 exemplis
1499 288 1663 328 eiusdem
1695 287 1859 338 elegan-

213 361 290 400 tiae
319 373 342 399 a
372 359 625 400 Valckenario
658 360 692 397 in
725 358 839 409 Eleg.
873 357 1011 399 Catulli
1044 356 1191 398 Callim.
1222 370 1260 409 p.
1291 360 1383 396 160.
1407 370 1465 410 sq.
1498 357 1693 397 collectis:
1726 369 1860 396 comae

215 441 401 479 sorores3
434 430 471 466 et
503 439 553 466 ex
585 427 719 467 Plauto
750 429 855 468 hanc
882 441 956 480 per
987 428 1211 471 dexteram,
1252 440 1404 480 perque
1432 427 1535 466 lianc
1566 439 1739 465 sororem
1769 425 1858 464 lae-

213 508 326 546 vam3
358 498 397 535 et
422 508 528 548 quum
556 508 626 534 una
651 509 778 547 pugna
814 510 948 545 soror,
983 493 1173 547 ἀδελφή,
1206 496 1341 534 dicitur
1365 494 1520 533 alterius
1543 507 1708 546 pugnae.
1740 491 1859 532 Unum

215 565 324 604 etiam
356 565 587 604 intermiscet
617 564 895 604 Valckenarius
927 565 974 603 ab
1009 565 1081 604 hac
1111 577 1151 603 re
1181 576 1339 615 prorsus
1371 563 1547 607 alienum,
1581 561 1858 614 Eurip.0rest.

213 636 308 672 222.
325 632 496 672 PlatoniS
519 632 659 683 locuni,
693 627 821 670 ἄλλον
847 631 1014 682 ὁρῶμεν
1038 630 1161 682 λόγον
1181 628 1336 668 rov'rov
1372 626 1561 680 ἀδελφὸν
1592 627 1784 681 γνήσιον,
1812 629 1857 667 ad

211 701 457 743 Valckenarii
489 701 777 753 disputationem
815 702 918 741 addit
949 702 1168 741 Huschkius
1201 701 1314 740 Anal.
1352 701 1435 739 crit.
1466 713 1502 751 p.
1537 703 1602 739 62.
1664 700 1714 739 Et
1741 701 1860 752 posi—

210 776 275 810 tos
307 785 358 811 ea·
387 771 526 811 ordine
553 772 736 823 fratres,
775 771 822 809 de
862 770 992 818 libris,
1035 783 1083 809 ex
1116 769 1242 810 Ovidii
1274 769 1394 809 Trist.
1429 769 1456 808 l.
1492 785 1516 819 ι,
1556 770 1644 808 107.
1685 769 1729 807 ad
1763 766 1861 806 hunc

211 837 373 879 Catonis
403 839 523 879 locum
555 839 764 878 Arnoldus.
826 839 910 879 Non
950 839 1073 877 aliena
1113 842 1220 888 sunt,
1261 851 1355 891 quae
1388 838 1582 877 Victorius
1621 837 1736 877 hahet
1767 835 1859 874 Var.

210 908 254 948 L.
285 907 435 948 XXIII.
460 924 499 947 v.
532 911 570 947 ut
603 921 651 947 ex
683 907 909 959 Aeschylo:
943 904 1087 956 λιγνὺν
1112 905 1343 955 μέλαιναν,
1380 902 1684 957 ald).771¹7zv91);
1711 902 1860 955 κάσιν,

213 976 325 1029 Sept.
360 980 455 1017 494.
496 978 558 1016 ubi
598 977 671 1016 alia
709 979 893 1015 monstrat
923 976 1192 1016 Blomfieldius.
1253 976 1329 1016 Sed
1361 976 1448 1015 illos
1479 990 1607 1015 omnes
1638 974 1860 1026 superavit,

210 1045 434 1085 felicissime
464 1046 688 1094 excogitata
719 1048 831 1097 atque
863 1049 1047 1084 exornata
1080 1046 1265 1096 imagine,
1292 1045 1576 1097 Aristophanes
1608 1046 1644 1082 in
1665 1043 1862 1091 Nubibus,

212 1114 275 1154 uhi
305 1114 440 1154 Nubes
471 1114 699 1154 comoediam
732 1115 806 1162 ire,
839 1116 1020 1166 tamquam
1050 1114 1236 1154 Electram
1268 1113 1449 1166 aliquam,
1482 1118 1520 1152 et
1551 1124 1735 1165 quaerere
1764 1111 1862 1164 fra-

211 1190 307 1224 trem
337 1197 462 1235 suum,
495 1183 771 1230 Daetalenses‚
810 1183 945 1233 fingit:

384 1249 591 1301 γνώσεται
625 1249 725 1300 γάρ,
760 1244 887 1302 ἤνπερ
922 1248 1012 1303 ἴδῃ,
1047 1249 1268 1301 τάδελφοῦ
1299 1248 1371 1287 τόν
1403 1248 1658 1298 βόστρνχον.

213 1334 252 1360 v.
287 1323 382 1361 536.
444 1319 535 1362 Cum
566 1321 688 1360 Plauti
723 1322 806 1360 ioco
839 1324 1057 1372 comparant
1088 1333 1240 1360 versum
1273 1321 1413 1360 Mureti
1438 1324 1503 1359 28.
1539 1319 1739 1358 Interdum
1768 1318 1862 1370 fes-

212 1404 287 1431 sae
328 1391 510 1430 succedit
549 1391 671 1430 laeva
710 1391 855 1442 sorori,
898 1391 1167 1444 Alternatque
1204 1393 1329 1430 vices.
1420 1389 1480 1427 Ad
1521 1387 1685 1426 eamdem
1725 1386 1863 1435 imagi-

211 1472 293 1499 nem
323 1459 481 1498 redeunt
520 1460 594 1501 ista
635 1459 826 1498 admodum
867 1461 1012 1509 faceta,
1053 1460 1260 1511 fralrccre,
1299 1458 1594 1510 fraterculare,
1636 1457 1863 1504 sommare,

212 1529 258 1569 de
287 1529 465 1569 mammis.

299 1598 370 1637 Est
401 1597 539 1650 aliquid
574 1596 800 1636 insolentiae
831 1597 866 1635 in
899 1609 968 1641 eo,
1010 1597 1105 1649 quod
1149 1609 1253 1635 unam
1294 1599 1432 1635 tantum
1473 1595 1616 1645 Syrtim
1658 1595 1694 1632 in
1726 1592 1863 1632 Africa

213 1668 343 1717 novit,
374 1666 438 1706 vel
471 1670 575 1706 certe
606 1679 712 1705 unam
745 1669 883 1705 tantum
914 1666 1064 1705 videtur
1095 1679 1209 1705 nosse
1231 1666 1351 1714 Cato,
1383 1677 1491 1717 quum
1524 1664 1619 1702 duae
1645 1663 1740 1711 sint,
1767 1673 1864 1716 quae

212 1736 333 1786 vulgo
364 1736 480 1775 maior
511 1739 548 1775 et
579 1736 697 1774 minor
730 1738 923 1774 vocantur.
986 1735 1090 1785 Ergo
1122 1736 1276 1786 proprie
1309 1734 1552 1787 Libycarum
1585 1745 1700 1772 soror
1731 1731 1861 1769 dicen-

212 1806 295 1844 dum
329 1808 424 1845 erat.
485 1805 661 1844 Nimirum
694 1805 849 1843 liberum
881 1803 954 1843 hoc
984 1803 1116 1842 lectori
1148 1808 1261 1854 poeta
1303 1803 1500 1855 relinquit,
1543 1806 1658 1840 utram
1690 1798 1785 1838 velit
1815 1798 1863 1837 de

212 1875 358 1915 duabus
400 1875 585 1924 cogitare.
647 1875 783 1914 Mirum
822 1877 882 1913 est
922 1876 1184 1923 oonnmmtum,
1224 1873 1321 1925 quod
1361 1871 1495 1910 nollem
1527 1870 1735 1922 placuisset
1765 1867 1861 1907 Put-

212 1943 344 1993 schio,
383 1943 566 1993 Arnoldi,
605 1944 801 1993 iungentis
841 1956 956 1983 soror
994 1943 1150 1991 altera,
1193 1944 1231 1980 ct
1268 1940 1574 1992 interpretantis:
1618 1950 1726 1989 quum
1767 1936 1863 1975 duae

214 2014 291 2053 sint
322 2012 465 2064 Syrtes
497 2025 650 2052 sorores
682 2013 717 2051 in
743 2012 899 2061 Africa,
929 2013 1065 2064 Syrtis
1097 2014 1180 2050 isla
1210 2024 1260 2050 ea·
1290 2023 1390 2061 ayro
1421 2013 1499 2048 iam
1529 2014 1670 2048 exorta
1695 2008 1769 2046 erit
1795 2005 1861 2044 al-

213 2090 325 2133 tera,
367 2083 408 2122 id
448 2090 531 2131 est,
572 2082 753 2121 secunda
793 2094 932 2130 soror,
982 2084 1072 2120 sice
1113 2081 1254 2128 socia,
1299 2086 1337 2118 et
1375 2079 1496 2132 quasi
1543 2078 1664 2115 tertia
1709 2076 1860 2127 Syrtis.

214 2151 430 2192 Barbarus
471 2152 614 2203 Syrtes
664 2151 761 2189 dixit
809 2151 917 2189 etiam
966 2149 1147 2189 lloratius
1191 2150 1316 2190 Carm.
1354 2147 1405 2188 ΙΙ.
1446 2161 1507 2193 γι,
1550 2150 1588 2185 3.
1679 2143 1860 2198 Libycas

212 2231 287 2259 nou
319 2232 426 2259 unus.

299 2358 351 2398 V.
384 2360 451 2396 54.
512 2365 731 2400 TRISTIIYS
759 2364 868 2404 Hoc,
894 2363 1092 2401 MEMINI,
1119 2362 1383 2396 REVOCAST!
1411 2359 1629 2394 BAT'PARE
1651 2359 1859 2394 CARMEN.

213 2427 364 2468 Versus
395 2425 645 2465 intercalaris.
707 2424 904 2464 observat
936 2420 1031 2461 Cato
1063 2423 1194 2461 tristes
1226 2422 1369 2460 Battari
1401 2421 1543 2459 modos.
1610 2421 1690 2471 En,
1720 2420 1859 2471 iuquit,

214 2497 409 2536 revocasti
440 2495 632 2534 tristiores
663 2493 794 2532 modos
826 2492 933 2539 illos,
974 2504 1068 2543 quos
1100 2490 1183 2529 olim
1217 2493 1252 2529 te
1285 2502 1418 2528 canere
1450 2489 1575 2529 fistula
1605 2492 1669 2528 tua
1697 2487 1858 2527 memini.

213 2564 310 2605 Nam
347 2565 518 2616 sequitur
557 2565 749 2601 canentem
790 2561 970 2601 Catonem
1009 2559 1132 2600 fistula
1164 2559 1321 2598 Battari.
1380 2557 1439 2599 Cf.
1472 2572 1555 2610 sup.
1597 2570 1689 2609 pag.
1721 2559 1789 2596 21.
1822 2559 1861 2596 ct

214 2635 311 2674 infra
340 2632 521 2672 monenda
550 2631 595 2669 ad
630 2645 668 2669 v.
702 2632 767 2669 71.

299 2701 343 2742 In
374 2700 601 2746 Gallicanis,
642 2701 702 2751 qui
734 2703 822 2739 sunt
851 2699 1082 2738 petavianus
1111 2701 1149 2737 et
1179 2697 1407 2742 Tliuaneus‚
1449 2696 1606 2735 Heinsio
1639 2696 1761 2745 teste,
1792 2708 1859 2734 re-

214 2784 415 2811 vocasses
446 2769 668 2818 legebatur:
708 2772 746 2807 at
782 2768 1019 2807 Burmannus
1057 2779 1106 2804 ex
1145 2766 1296 2813 iisdem,
1337 2770 1374 2806 et
1414 2778 1461 2804 ex
1503 2764 1702 2812 mediceo,
1740 2777 1859 2803 revo-

216 2846 357 2880 cesset
388 2840 545 2890 profert.
598 2837 646 2875 Et
677 2837 712 2874 in
743 2835 928 2876 'Phuaneo
960 2842 1195 2875 reuocasset
1225 2833 1303 2885 legi
1336 2837 1475 2874 certum
1507 2837 1566 2872 est
1596 2832 1731 2871 Vossii
1760 2832 1859 2871 Las-

218 2909 374 2960 senique
405 2907 639 2955 testimoni03
672 2908 710 2944 et
741 2906 798 2943 sic
828 2905 865 2943 in
897 2904 1068 2953 August.
1100 2902 1208 2942 Mon.
1232 2902 1262 2942 I.
1288 2903 1339 2943 11.
1372 2904 1482 2943 Vrat.
1504 2901 1534 2940 Ι.
1566 2902 1602 2939 in
1634 2901 1804 2940 Romana
1825 2900 1858 2941 Ι.

219 2977 301 3017 cod.
334 2978 423 3017 Bas.
456 2977 553 3016 Ven.
586 2974 726 3015 Achat.
762 2977 800 3014 et
830 2972 966 3014 Mutin.
999 2970 1141 3012 Contra
1170 2984 1412 3013 revocasses
1444 2972 1480 3010 in
1511 2968 1748 3021 Anglicano,
1779 2969 1859 3009 Pa-
