2006 3365
242 116 309 159 26
803 108 1327 149 ANIMADVERSIONES

243 227 362 267 Band.
394 226 441 266 T.
467 225 518 265 ll.
550 238 582 264 c.
607 229 701 264 309.
735 223 886 272 longior
916 225 975 260 est
1006 222 1224 272 inscriptio,
1257 224 1446 262 referente
1478 223 1683 262 Bandinio:
1726 223 1885 274 Virqilti

243 297 410 336 Carmen
449 298 488 334 in
519 293 756 340 Bae-lairena,
798 305 869 330 seu
903 291 1043 330 Dirae.
1146 288 1382 329 EiUSDEM
1423 291 1671 332 MARONIS
1714 293 1884 332 DIRAE

243 361 516 403 lNClPlUNT
546 383 598 388 —-
622 359 676 398 M.
712 359 878 398 DIRAE
908 358 1139 398 FINIUNT.
1170 360 1205 397 in
1241 361 1482 408 Augustano.
1578 361 1762 413 Explicit
1794 361 1886 401 Me-

245 445 367 471 eenas
411 431 557 482 Inee'pit
597 428 729 467 DlRA
768 427 1019 468 MARONIS
1061 427 1305 467 Monacensis
1346 427 1374 466 l.
1442 429 1550 468 Dira
1591 430 1780 469 Maronis
1823 432 1885 467 in·-

245 503 342 552 eipic
373 497 619 537 Monacensis
640 496 689 535 ll.
750 496 791 535 In
822 496 1119 537 Vratislaviensi
1142 495 1171 534 1.
1205 495 1328 534 nullae
1360 502 1446 535 sunt
1477 498 1757 548 inscriptiones.
1809 497 1886 535 Ea-

245 569 323 607 dem
354 565 553 604 laudabilis
584 565 756 604 brevitas
788 566 1045 616 inscriptionis
1077 566 1111 603 in
1144 565 1256 603 editis
1282 565 1467 603 nonnullis
1494 566 1669 606 cernitur.
1720 566 1889 605 nomana

244 636 274 676 Ι.
307 634 459 674 carmini
492 635 565 686 ipsi
598 633 730 672 nullam
764 634 1016 685 praepositam
1047 634 1354 684 inscriptionem,
1387 637 1425 672 at
1455 634 1490 671 in
1520 633 1669 672 Tabula
1695 634 1889 673 Librorum

244 703 342 742 hanc
371 702 508 742 habet:
544 703 592 742 P.
634 702 793 755 Viryilii
826 703 1029 742 Maronis.
1063 703 1206 742 Dirae.
1269 700 1310 740 In
1343 700 1491 740 Veneta
1520 701 1707 740 Aelratis:
1741 702 1816 742 .Ρ.
1845 701 1888 742 V.

248 773 310 812 M.
343 772 444 811 DIre
476 772 641 825 Ineepz'c.
762 770 803 809 In
835 771 1068 820 Mutinensi,
1098 770 1194 809 haud
1228 770 1340 809 dubie
1380 782 1428 808 ex
1459 769 1739 809 Mediolanensi
1770 770 1889 809 Mait-

247 841 364 880 tairii:
401 841 449 880 P.
482 841 642 893 Vir-qim
675 841 863 880 Maronis
895 840 1027 878 Dirae
1058 842 1265 892 incipiunt.
1384 840 1439 877 At
1471 839 1506 877 in
1528 838 1694 877 Romana
1714 838 1762 877 ll.
1796 838 1891 877 llaec

245 913 327 949 est:
363 910 412 949 P.
453 910 613 961 Viryilia·
645 910 833 949 Maronis
865 910 967 948 Dire
998 909 1039 948 id
1069 916 1131 948 est
1163 921 1318 947 carmen
1347 909 1634 947 e42=ecrat0rimn
1655 907 1710 946 ml
1736 906 1890 946 Bacta-

244 993 341 1019 rzmz.
402 978 517 1031 Quam
550 991 624 1027 ego
657 978 865 1016 industriae
897 978 1026 1016 deberi
1060 977 1212 1016 loannis
1244 978 1446 1025 Andreae,
1490 976 1674 1028 Episcopi
1709 975 1891 1015 Alerien-

244 1049 317 1097 ris,
350 1048 546 1086 existimo:
580 1049 627 1084 el‘.
661 1045 767 1084 Diss.
792 1045 860 1085 IV.
893 1059 988 1098 quae
1021 1058 1130 1084 narro
1162 1046 1208 1084 de
1239 1045 1406 1084 Romana
1427 1045 1473 1083 ll.
1520 1044 1627 1098 Quod
1657 1045 1753 1082 enim
1779 1056 1892 1095 pror-

245 1130 312 1155 sus
344 1116 470 1155 eadem
503 1115 697 1165 inscriptio
731 1116 765 1153 in
798 1114 907 1152 libris
939 1115 1093 1165 scriptis
1125 1114 1335 1163 nonnuliis,
1368 1114 1607 1162 Basileensi,
1632 1113 1823 1152 Vossiano
1841 1112 1892 1151 ll.

246 1190 284 1225 et
315 1184 610 1223 Vratislaviensi
644 1183 691 1221 ll.
725 1182 889 1232 legitur,
922 1196 996 1234 ego
1028 1195 1106 1220 eam
1138 1182 1209 1221 hos
1239 1183 1275 1221 in
1307 1183 1457 1222 codices
1481 1196 1530 1221 ex
1554 1182 1721 1221 Romana
1740 1181 1791 1221 ll.
1820 1194 1892 1220 ve-

248 1255 352 1294 nisse
383 1253 558 1291 arbitror.
610 1251 759 1290 Deinde
791 1264 840 1290 ex
872 1251 1040 1290 Romana
1072 1250 1120 1289 ll.
1153 1251 1186 1288 in
1219 1251 1354 1290 inultos
1385 1251 1504 1290 libros
1537 1251 1661 1290 editos
1695 1252 1799 1289 venit
1829 1262 1894 1287 ea-

247 1323 351 1361 dem:
386 1326 425 1360 ut
455 1322 490 1359 in
524 1320 708 1359 Venetam
740 1332 808 1370 per
839 1319 1163 1358 Bartholomaeum
1197 1318 1438 1359 Cremonens.
1472 1322 1589 1358 1472.
1623 1320 1718 1372 quod
1752 1319 1894 1371 colligo

249 1405 299 1431 ex
329 1392 466 1436 Burio,
499 1388 790 1439 Bibliograpliie
821 1389 1069 1436 instructive,
1103 1388 1232 1427 Belles
1261 1388 1410 1427 hettres
1442 1389 1542 1428 'r.1.
1569 1388 1617 1428 N.
1645 1391 1769 1427 2663.
1802 1401 1892 1439 pag.

250 1463 347 1500 285.
380 1465 418 1498 et
449 1461 615 1497 sortasse
647 1458 681 1495 in
714 1458 915 1497 Romanam
942 1459 1059 1496 1473.
1116 1456 1232 1496 Certe
1265 1462 1323 1496 est
1355 1459 1388 1496 in
1412 1457 1571 1497 Venetis
1595 1458 1719 1497 stubei
1752 1460 1789 1496 et
1808 1457 1893 1495 Ien-

251 1528 357 1576 soni,
389 1532 499 1579 atque
531 1527 615 1565 inde
647 1526 683 1563 in
716 1526 808 1563 meis
839 1526 1009 1564 omnibus
1041 1529 1128 1563 ante
1152 1528 1400 1574 Asernsium,
1434 1527 1542 1565 etiam
1574 1527 1608 1564 in
1641 1525 1785 1564 duabus
1812 1525 1895 1564 Ve-

251 1598 349 1636 netis
381 1596 477 1648 apud
511 1597 769 1634 Burmannum.
833 1594 915 1632 Hoc
947 1597 1083 1632 tantum
1116 1595 1351 1644 discrimine,
1393 1596 1488 1647 quod
1530 1596 1564 1633 in
1597 1595 1761 1634 Venetis
1792 1594 1894 1635 nuh.

251 1671 289 1705 et
320 1666 420 1704 lens.
456 1665 596 1703 vitiose
627 1663 703 1702 AD
736 1662 1037 1701 BATTAREM
1070 1663 1230 1712 legitur:
1267 1664 1363 1715 qnod
1397 1664 1525 1702 vitium
1558 1667 1806 1714 propagatum
1834 1666 1895 1703 cst

251 1736 286 1773 in
319 1735 555 1774 Vicentinam
595 1735 633 1771 et
673 1732 902 1772 Vossianum
934 1731 984 1770 ll.
1024 1733 1058 1770 in
1092 1733 1261 1770 Venetas
1301 1735 1417 1771 1482.
1460 1735 1578 1772 1486.
1618 1734 1735 1770 1499.
1772 1734 1894 1770 1500.

251 1808 288 1843 et
320 1805 354 1841 in
386 1803 746 1850 Norimbergensem
792 1803 910 1839 1492.
952 1803 1158 1838 correctum
1199 1804 1258 1839 est
1301 1800 1429 1838 vitium
1472 1802 1505 1838 in
1544 1801 1736 1839 Brixiensi
1775 1803 1895 1838 1485.

252 1874 402 1912 Veneta
440 1874 557 1911 1488.
591 1872 625 1908 in
658 1869 937 1909 Mediolanensi
973 1872 1092 1907 1501.
1128 1869 1407 1918 Argentiuensi
1445 1873 1564 1908 1502.
1599 1868 1764 1918 Virgilio
1783 1868 1895 1916 Aldi,

251 1941 477 1980 'saurinensi
517 1943 634 1978 1518.
677 1943 715 1977 et
746 1941 953 1976 correctum
994 1950 1015 1975 a
1055 1950 1159 1975 manu
1200 1937 1436 1986 glossatoris
1474 1939 1508 1976 in
1550 1945 1682 1977 nostro
1723 1937 1897 1987 exemplo

253 2010 427 2048 Venetae
460 2008 557 2047 lens.
678 2008 725 2046 In
758 2006 972 2045 Bactarmn
1004 2007 1156 2056 primum
1191 2008 1472 2050 Aseensianae,
1506 2008 1539 2045 in
1572 2007 1707 2058 quibus
1740 2007 1810 2045 ita:
1846 2006 1897 2046 P.

263 2078 420 2129 Viryilii
467 2078 656 2117 Maronis
695 2077 840 2115 Πίναξ.
887 2076 929 2114 id
968 2083 1030 2114 est
1069 2089 1224 2114 carmen
1264 2079 1551 2115 esem-morium
1590 2079 1629 2115 in
1673 2074 1898 2114 Butturum.

253 2147 419 2186 Tandem
452 2149 539 2196 post
570 2145 799 2184 Ascensium
833 2145 989 2183 eiectum
1022 2148 1081 2182 est
1113 2145 1274 2194 ineptum
1306 2145 1590 2183 additamentum}
1627 2144 1668 2182 id
1706 2150 1768 2183 est
1803 2157 1898 2182 car-

253 2230 336 2254 men
366 2216 668 2254 eoeeerrttorium.
732 2213 780 2252 Ut
811 2214 845 2251 in
881 2213 1036 2251 Aldinis
1076 2216 1191 2250 1512.
1224 2220 1261 2251 et
1296 2216 1416 2252 1534.
1450 2217 1529 2252 est:
1569 2214 1609 2252 P.
1642 2213 1689 2251 V.
1716 2212 1899 2252 MARO-

254 2284 343 2325 NlS
378 2283 543 2322 DIRAE
575 2282 650 2320 Al)
683 2281 1005 2321 BATTARUM.
1039 2285 1076 2320 et
1106 2283 1162 2320 sic
1193 2283 1227 2319 in
1250 2282 1365 2320 Basil.
1390 2283 1704 2332 ssryling.1543.
1726 2281 1899 2331 Lugdun.

257 2351 418 2391 Frellon.
451 2354 569 2389 1556.
605 2351 777 2400 Lngdnn.
812 2351 862 2389 A.
897 2350 1050 2402 Grypli.
1087 2354 1206 2389 1592.
1255 2351 1296 2389 P.
1324 2351 1372 2389 V.
1402 2350 1457 2389 M.
1481 2351 1648 2391 DlRAE
1680 2351 1733 2390 IN
1763 2350 1899 2390 RAT-

255 2420 449 2461 TARUM
491 2419 585 2458 male
624 2420 893 2468 Lugdunensis
934 2420 1071 2470 Cresp.
1110 2422 1230 2459 1529.
1280 2421 1455 2459 Venetae
1486 2419 1583 2458 lunt.
1622 2422 1740 2458 1544.
1791 2418 1900 2458 Scot.

260 2493 380 2528 1555.
444 2487 589 2527 Bonell.
634 2492 753 2527 1558.
816 2488 1051 2527 Basileensis
1091 2488 1141 2527 ΙΙ.
1174 2488 1257 2527 Pet.
1296 2492 1415 2527 1561.
1547 2487 1765 2527 VALERH
1804 2485 1900 2526 CA-

257 2558 419 2598 TONIS
451 2557 620 2597 DlRAE
652 2558 791 2607 primus
823 2557 1013 2607 Scaliger.
1075 2556 1168 2595 Tum
1202 2556 1408 2604 PitlioeuS,
1452 2557 1595 2610 reliqui.
1656 2555 1900 2595 Boxhornius

260 2640 337 2666 cum
360 2627 430 2665 hoc
450 2627 720 2665 mlditamento:
752 2627 921 2679 Satyra.
970 2626 1162 2666 Arnoldus
1189 2626 1267 2666 sic:
1300 2627 1429 2666 Dirae
1454 2627 1542 2666 Vnt.
1567 2627 1733 2665 Catonis
1756 2625 1901 2663 Grum-

258 2699 406 2735 male'ei.
454 2694 560 2748 Quod
593 2707 665 2733 non
698 2695 840 2745 probo,
874 2707 947 2733 non
979 2695 1075 2747 quod
1107 2707 1235 2745 parum
1267 2694 1507 2733 honorificum
1533 2695 1585 2733 sit
1614 2705 1742 2731 nomen
1766 2692 1901 2731 Gram-

261 2765 405 2803 matici:
439 2764 507 2803 sed
539 2776 583 2801 eo
617 2769 806 2813 ternpore,
838 2776 908 2815 quo
939 2762 1056 2801 Diras
1088 2764 1265 2814 scripsit,
1298 2776 1368 2801 non
1402 2768 1481 2802 erat
1503 2762 1772 2802 Grammaticus
1790 2761 1901 2801 Cato.

263 2833 515 2881 Burmannus,
548 2833 675 2871 neseio
707 2845 778 2884 qua
809 2831 855 2871 de
888 2844 1044 2882 caussa,
1077 2844 1207 2872 rursus
1238 2833 1389 2873 invexit
1420 2832 1583 2884 ineptum
1608 2842 1652 2871 ac
1676 2829 1808 2870 falsum
1831 2829 1900 2868 ad-

265 2900 499 2942 ditamentum
530 2903 569 2942 in
599 2900 827 2942 Batcccrum.
