2006 3365
281 146 382 190 114
843 141 1369 182 ANIMADVERSIONES

282 271 370 297 esse
403 270 561 303 censeo,
595 257 691 308 quod
724 256 861 295 dicitur
892 259 1085 301 exactum,
1118 268 1186 306 pro
1217 258 1341 294 futuro
1372 257 1488 307 primo
1519 258 1701 308 positum,
1743 257 1810 295 sed
1842 270 1921 296 cum

286 328 322 364 vi
354 326 562 374 singulari,
595 327 632 363 ut
664 324 839 363 videatur
870 325 942 362 sibi
974 327 1088 374 poeta
1120 326 1191 363 iam
1223 325 1360 362 factum
1393 325 1523 364 videre
1554 326 1610 375 id,
1653 325 1749 377 quod
1782 327 1920 376 impre-

283 399 400 433 catur.
472 393 522 432 Ut
560 393 678 432 ardet
714 406 753 431 v.
787 398 852 431 52.
925 391 1160 431 Commodum
1200 394 1359 441 accidit,
1407 396 1444 431 ut
1481 395 1577 445 apud
1620 394 1739 444 ipsum
1777 398 1922 444 poetam

282 467 447 500 nostrum
479 461 577 500 aliud
609 464 739 501 exstet
770 462 939 500 variatae
969 465 1183 500 structurae
1222 461 1452 511 exemplum,
1493 464 1642 502 mixtum
1681 474 1760 501 cum
1799 464 1922 500 futuro

281 530 400 569 altero
432 531 589 569 futurum
621 533 812 579 exactum,
844 530 910 569 sed
944 530 997 569 ita
1028 531 1204 579 mixtum,
1237 535 1275 570 ut
1305 531 1420 576 idem,
1462 531 1558 582 quod
1590 531 1698 570 modo
1730 530 1921 579 dicebam,

282 599 492 637 sententiae
524 599 720 637 discrimen
760 600 1017 648 observetur,
1058 599 1138 637 Ecl.
1176 603 1238 639 10.
1271 613 1355 652 sqq.
1417 599 1463 638 In
1504 599 1647 653 quibus
1687 600 1762 638 illa
1800 599 1921 651 pedis

280 680 318 704 n.
350 680 389 706 v.
422 669 559 717 ponet,
600 668 684 707 Ant
713 670 844 707 roseis
878 668 915 706 (l.
959 669 1125 708 viridem
1164 667 1400 718 decerpserit
1431 680 1570 706 ewam:
1612 689 1663 695 —
1706 669 1789 707 Aut
1820 670 1923 707 incer

281 737 422 774 ‘varios
463 737 506 777 V.
540 743 591 775 st.
632 737 753 788 flores
787 737 972 776 Membra
1012 736 1227 786 reclinarit,
1269 744 1521 790 teneramque
1559 735 1708 775 illiserit
1740 736 1920 783 herbam,

281 804 335 843 Ec
368 812 527 844 secreta
557 818 660 845 meos
694 808 766 844 etc.

366 873 550 912 Heinsius
581 874 781 926 aliquando
814 875 1058 925 opinabatur:
1096 873 1210 913 Unde
1240 874 1397 926 illapsa
1426 886 1530 912 meos
1563 886 1685 925 aqros
1715 880 1922 927 perverte-

279 945 333 982 rit
364 943 487 982 unda.

393 1080 443 1119 V·
477 1083 543 1118 80·
604 1088 838 1122 PISOETUR
863 1088 1066 1122 NOSTRIS
1096 1089 1145 1121 IN
1171 1089 1358 1122 FlNlBUS
1386 1089 1580 1122 ADVENA
1606 1088 1808 1122 ARATOR.

282 1147 532 1198 Respondent
561 1146 657 1186 haec
688 1160 803 1198 supra
833 1148 990 1198 scriptis
1022 1148 1057 1186 in
1089 1149 1343 1198 praecedente
1385 1149 1676 1199 imprecatione:
1722 1149 1774 1187 Ec
1805 1153 1924 1185 metat

280 1219 345 1255 Ιιίο
376 1219 538 1264 iuncos,
573 1219 645 1255 etc.
688 1217 750 1254 Ac
782 1217 890 1264 vide,
924 1229 1029 1268 quam
1060 1217 1196 1255 bellum
1229 1219 1278 1255 sit
1306 1217 1517 1256 antitheton
1547 1221 1727 1270 piscetur
1751 1237 1802 1242 —
1823 1228 1924 1255 ara-

282 1293 357 1323 tor.
417 1283 556 1332 Miles,
589 1285 650 1336 qui
680 1287 851 1323 araturus
883 1289 1061 1334 venerat,
1095 1288 1133 1324 ut
1164 1289 1224 1325 est
1253 1286 1350 1336 apud
1382 1285 1566 1324 Lucanum
1598 1285 1628 1324 Ι.
1663 1289 1756 1324 344.
1791 1289 1828 1323 5.

513 1353 627 1410 Quae
658 1354 776 1393 sedes
808 1357 883 1393 erit
914 1350 1117 1393 emeritis?
1150 1346 1254 1409 qnae
1284 1369 1380 1394 rura
1412 1355 1636 1402 dabuntur,

511 1422 625 1479 Quae
655 1430 791 1462 noster
821 1430 1036 1462 veteranus
1070 1424 1184 1463 aret?

285 1491 419 1529 obruta
449 1491 557 1542 aquis
589 1503 673 1529 rura
705 1493 864 1542 reperit,
909 1496 947 1531 ut
978 1495 1204 1542 piscaturam
1237 1504 1419 1531 exercere
1451 1492 1611 1541 debeat,
1653 1491 1687 1530 si
1719 1490 1806 1542 quid
1839 1491 1926 1529 inde

285 1561 347 1598 liat
388 1558 493 1597 lucri.
555 1559 733 1598 Similiter
765 1559 944 1607 Ovidius,
987 1574 1093 1613 quem
1135 1561 1180 1599 ad
1221 1575 1258 1599 v.
1294 1562 1357 1600 73.
1412 1560 1665 1604 laudavimus,
1709 1560 1863 1598 Metam.
1897 1559 1926 1597 Ι.

284 1630 382 1667 294.
502 1626 584 1666 Vim
618 1627 787 1666 antitheti
820 1633 1086 1679 perverterunt
1125 1630 1197 1668 viri
1231 1630 1353 1668 docti:
1399 1628 1602 1677 Scaliger,
1643 1628 1689 1666 de
1720 1640 1792 1680 quo
1825 1628 1922 1666 vidi-

285 1710 386 1746 mus3
418 1696 682 1744 Boxhomius,
715 1698 820 1735 cuius
853 1700 1121 1745 coniecturam,
1163 1699 1344 1746 Visetur,
1379 1709 1560 1748 recepere
1592 1696 1812 1746 Dilherrus,
1845 1697 1926 1735 Ar-

287 1766 440 1815 uoldusg
480 1765 640 1817 denique
671 1765 901 1814 Salmasius,
943 1768 1047 1805 cuius
1080 1768 1294 1805 coniectura
1334 1768 1403 1805 fuit
1441 1766 1600 1805 advena
1631 1774 1785 1818 raptor.
1857 1765 1928 1805 Vi-

287 1844 399 1874 setar
430 1834 605 1884 placebat
638 1836 746 1872 etiam
781 1835 960 1880 Heinsio,
1005 1837 1064 1888 qui
1096 1849 1164 1887 pro
1197 1848 1242 1874 eo
1280 1836 1466 1875 Viscemr
1497 1836 1615 1872 fuisse
1647 1835 1825 1884 scriptum
1858 1847 1930 1884 pu-

287 1904 411 1951 tabat,
457 1906 495 1941 ut
534 1916 619 1941 mox
658 1906 813 1942 viseum
854 1917 922 1954 pro
960 1908 1093 1944 visam
1132 1906 1167 1943 in
1207 1905 1339 1943 codice
1378 1905 1601 1943 petaviano.
1662 1904 1717 1941 At
1748 1902 1931 1941 Heinsius

288 1977 405 2010 tamen
440 1972 618 2022 resipuit,
651 1972 754 2009 addit
785 1974 900 2011 enim:
933 1974 1017 2013 Sed
1047 1976 1145 2013 nihil
1175 1975 1426 2022 mutandum,
1460 1988 1547 2012 cum
1571 1975 1716 2024 scripti
1739 1985 1814 2026 pro
1841 1972 1931 2011 vul-

286 2048 386 2092 μαῖα
418 2048 534 2079 stent.
597 2040 644 2079 Et
675 2041 722 2079 de
753 2053 865 2081 sensu
898 2042 970 2081 loci
1002 2044 1051 2080 ita
1084 2045 1222 2091 refert,
1256 2056 1326 2081 nou
1359 2043 1473 2081 male:
1507 2042 1688 2080 Devovet
1719 2053 1838 2090 agros
1870 2041 1932 2078 in·-

289 2110 479 2147 uudationi
512 2109 696 2158 imbrium,
729 2110 788 2161 qui
821 2115 960 2159 stagna
991 2111 1200 2163 relinquant
1237 2113 1272 2150 in
1305 2112 1434 2149 mediis
1466 2112 1590 2159 agris,
1637 2114 1674 2148 ut
1705 2113 1831 2149 arator
1861 2110 1927 2147 ad-

291 2190 389 2216 vena
421 2178 495 2216 illic
528 2178 753 2227 piscaturam
785 2184 978 2218 exerceat.
1076 2180 1188 2219 Seire-
1222 2179 1353 2225 velim,
1388 2192 1480 2231 quae
1513 2180 1589 2217 sint
1620 2179 1704 2217 illae
1735 2178 1931 2229 antiquae,

290 2248 325 2284 in
357 2246 493 2297 quihus
523 2246 721 2285 Diseecm·
751 2246 829 2296 legi
864 2249 953 2287 dicit
985 2248 1184 2298 Scaliger:
1216 2249 1408 2289 Piso-etur
1439 2248 1546 2297 libri,
1578 2248 1624 2286 de
1655 2246 1791 2299 quibus
1821 2246 1932 2284 nobis

292 2318 463 2363 constat,
507 2317 577 2353 tam
610 2316 762 2365 scripti,
805 2328 911 2367 quam
943 2318 1055 2367 editi,
1095 2330 1242 2367 omnes,
1286 2318 1357 2356 nisi
1396 2317 1492 2369 quod
1524 2316 1730 2356 Pas-cetur
1766 2316 1801 2353 in
1834 2314 1930 2353 Ven.

296 2386 416 2422 1488.
477 2383 686 2422 advenena
718 2385 869 2424 Monac.
903 2385 952 2424 ll.

379 2451 421 2490 ln
453 2450 525 2490 hoc
554 2464 693 2499 versu,
727 2457 765 2492 et
797 2454 1060 2506 insequente,
1092 2455 1229 2494 desinit
1250 2455 1466 2493 exsecratio
1491 2457 1614 2493 tertia.
1655 2454 1821 2492 Tertiam
1849 2451 1932 2490 dico

295 2533 441 2569 earum,
484 2532 578 2571 quas
618 2525 732 2571 poeta
768 2522 815 2560 ab
847 2525 953 2575 aquis
985 2525 1019 2562 iu
1052 2527 1151 2562 terra
1189 2524 1341 2574 repetit.
1404 2523 1450 2562 Et
1481 2524 1625 2561 omnino
1665 2522 1712 2560 ah
1742 2520 1814 2559 hoc
1846 2521 1932 2559 inde

295 2590 380 2628 loco
413 2601 530 2640 usque
561 2588 607 2627 ad
640 2589 744 2628 finem
776 2592 947 2630 carminis
978 2604 1049 2630 non
1081 2591 1238 2642 amplius
1262 2592 1487 2643 imprecatur
1508 2590 1626 2641 Cato,
1658 2590 1725 2629 sed
1751 2589 1932 2640 indigna-

297 2663 373 2705 tur,
406 2658 647 2708 lamentatur,
679 2658 767 2697 vale
797 2659 888 2699 dicit
917 2673 1035 2710 agro,
1066 2660 1223 2710 Lydiae.

383 2795 431 2834 V.
460 2798 524 2834 81.
587 2797 797 2839 ADVENA,
824 2800 967 2833 CIVILI
995 2799 1073 2841 QUI
1100 2799 1288 2833 SEMPER
1314 2799 1509 2833 CRIMINE
1535 2798 1717 2833 CREVIT.
1777 2797 1933 2835 creauit

299 2865 470 2914 August.
528 2864 703 2903 Aduena
734 2874 812 2901 cum
844 2866 1077 2912 contemptu,
1109 2865 1149 2901 ut
1179 2875 1293 2913 supra
1322 2877 1496 2903 errones.
1542 2863 1732 2913 Perpetuo
1764 2864 1859 2903 inter
1889 2877 1933 2902 se

301 2934 559 2983 comparantur
590 2931 661 2969 hoc
688 2932 848 2969 carmine
871 2931 1048 2979 colonus,
1083 2932 1139 2968 sui
1165 2932 1249 2979 agri
1273 2944 1479 2982 possessor
1504 2932 1713 2981 legitimus,
1746 2937 1784 2971 et
1807 2932 1932 2980 miles,

301 3001 360 3051 qui
394 3001 519 3039 sedem
552 3012 623 3038 non
655 2999 789 3049 habet,
829 3011 980 3049 vaguS,
1022 3001 1082 3052 qui
1114 3001 1211 3040 vivit
1240 3012 1289 3039 ex
1320 3004 1439 3051 rapto.
1501 3000 1679 3052 Loquitur
1709 3004 1829 3040 autem
1859 3013 1932 3040 non
