2006 3365
612 162 882 204 RECENSIO
914 161 1210 202 LlssRoRUM.
1657 164 1752 207 421

189 278 274 317 lloc
316 281 484 328 tempore
525 278 598 317 alia
639 279 804 316 varietas
845 277 1039 321 lectionis,
1088 276 1133 315 ad
1180 274 1376 327 Opuscula
1413 274 1581 327 quidem,
1625 274 1755 323 colligi

101 351 213 399 atquo
246 347 425 385 collocari
459 348 493 385 in
527 347 698 396 margine
731 348 868 396 coepta
899 348 981 387 cst,
1013 345 1060 383 ab
1088 358 1150 393 ea,
1191 358 1286 396 quae
1311 345 1345 382 in
1368 345 1602 393 marginibus
1626 346 1754 394 Lugd.

107 419 226 455 1529.
261 419 299 453 et
337 416 566 454 Venetarum
609 414 706 453 lunt.
744 417 865 452 1514.
907 413 1017 451 Seot.
1052 416 1174 451 1555.
1220 412 1363 450 Boncll.
1400 416 1522 451 1558.
1556 415 1593 452 et
1625 427 1755 452 rursus

101 484 149 523 ab
182 483 265 531 ilia,
309 496 403 535 quae
434 484 469 521 in
501 496 621 532 rnarg.
657 482 773 520 Basil.
807 480 985 531 Rryling.
1024 483 1145 519 1513.
1178 481 1278 519 edita
1319 484 1401 528 est,
1446 481 1617 520 diversa.
1680 483 1752 526 Ea.

101 552 175 590 nisi
210 552 337 600 fallor,
370 552 521 601 primum
554 551 761 601 comparuit
793 551 826 587 in
852 549 1080 587 editionibus
1103 549 1262 587 Venetis
1288 548 1393 586 Pauli
1416 549 1599 598 Manutii,
1634 551 1754 589 colle-

102 625 190 668 cta,
224 625 263 659 ut
296 624 408 670 puto,
441 620 488 657 ab
522 621 605 670 ipso
641 618 756 658 Paulo
790 617 985 656 Mamurio:
1019 619 1123 655 certe
1155 629 1262 667 quum
1294 616 1447 654 Paulum
1483 617 1687 657 manutium
1709 619 1753 657 ad

101 690 240 726 maiora
290 687 444 736 Virgilii
494 700 611 737 opera
658 687 946 729 annotationes,
999 684 1251 722 brevissimas
1293 683 1400 733 illas,
1448 687 1680 734 apposuisse
1722 690 1756 725 in

101 757 271 805 margine
304 758 476 803 constet,
511 754 599 793 nibil
634 754 809 804 impedit,
843 753 1038 804 (prontinus
1064 751 1108 788 ad
1131 750 1328 800 Opuscula
1362 753 1583 791 varietatem
1617 753 1755 793 lectio-

102 825 161 862 nis
195 836 284 863 esse
315 824 362 862 ab
395 824 526 862 eodem
558 823 741 861 adiectam
774 821 1030 859 eoniiciamus.
1092 818 1295 871 Quaeritur
1324 821 1467 869 autem,
1500 822 1646 871 quando
1678 824 1755 872 pri-

101 906 193 931 nmm
227 892 367 931 Paulus
386 891 582 930 Manutius
602 889 802 938 Virgilium
835 887 1143 926 annotationibus
1173 899 1295 935 marg.
1327 888 1547 927 instructum
1581 890 1757 930 ediderit.

102 961 252 999 1⁴‘artum
292 961 326 998 id
367 962 427 998 est
466 972 501 997 a.
538 961 661 997 1553.
709 957 864 1007 Ileynio
915 959 1040 1006 teste,
1083 956 1144 1008 qui
1195 957 1230 994 in
1280 957 1406 1007 priore
1449 957 1555 996 Pauli
1596 958 1757 997 Manutii

101 1029 268 1067 editione
299 1042 333 1066 a.
370 1031 490 1066 1555.
525 1026 682 1065 nondum
714 1038 900 1076 apparere
932 1026 1199 1064 annotationes
1231 1026 1378 1064 scribit.
1442 1025 1591 1064 Deinde
1627 1029 1754 1066 varie-

102 1102 161 1136 tas
192 1097 391 1145 lectionis,
423 1108 529 1147 quam
563 1095 661 1143 dixi,
701 1095 737 1132 in
769 1095 1082 1145 Antverpienses
1113 1093 1281 1133 devenit.

187 1232 358 1272 Basti.
390 1232 445 1271 H.
481 1231 530 1271 P.
569 1233 690 1269 1561.
722 1232 749 1269 s.
811 1229 862 1268 P.
901 1229 1072 1281 Veryilii
1110 1229 1306 1270 Maronis
1340 1230 1498 1283 Opera,
1542 1245 1625 1285 (luce
1665 1236 1756 1287 qui-

102 1302 186 1340 «lem
216 1306 385 1348 extant,
419 1301 576 1338 omnia:
611 1299 707 1338 Cum
744 1298 860 1338 Veris
900 1299 949 1337 In
980 1299 1201 1347 Bucolica,
1245 1299 1468 1351 Georyica,
1511 1303 1543 1339 &
1574 1302 1757 1340 Aeneida

102 1370 403 1408 Conmentariis
441 1368 528 1406 Tib.
562 1368 720 1406 Donati
751 1370 784 1406 a
813 1368 949 1407 Seruii
984 1368 1204 1415 Honorati,
1239 1382 1389 1407 summa
1420 1382 1518 1407 eura
1551 1384 1601 1408 ae
1631 1370 1710 1421 fide
1731 1385 1756 1407 a

102 1438 276 1488 Georyio
308 1436 497 1476 Fabricio
536 1437 820 1475 Clzemnicense
850 1436 1103 1475 emendatis:
1146 1435 1302 1493 Quibus
1344 1445 1608 1476 accesserunt
1639 1441 1757 1477 elima

102 1506 228 1545 Probi
259 1507 542 1553 Grmnnmtici,
575 1504 785 1557 Pomponii
805 1504 974 1552 Sabini,
999 1503 1109 1543 Phil.
1135 1504 1357 1553 Βενοαίιίί,
1391 1505 1507 1544 Ioan.
1531 1506 1754 1557 Ilartmzyi,

101 1575 190 1613 lod.
231 1574 464 1621 isvillieleii,
505 1574 651 1624 Geory.
693 1573 894 1621 Fabricii,
937 1573 1144 1624 Bousinis,
1180 1576 1212 1612 ἀ
1244 1573 1413 1612 aliorum
1444 1576 1754 1614 Annotationes.

102 1643 306 1690 Basileia,
343 1643 424 1681 Per
454 1642 698 1681 Hemiclmm
731 1642 866 1690 Pelri,
907 1642 1022 1680 Anno
1054 1641 1217 1680 Salutis
1249 1641 1463 1681 Humanae
1492 1647 1551 1680 M.
1578 1647 1624 1679 D.
1652 1648 1760 1681 LXI.

101 1712 251 1751 Mense
282 1711 456 1750 Martio.
518 1710 627 1748 Haud
661 1710 775 1748 dubie
818 1711 995 1760 repetitio
1038 1709 1218 1748 editionis
1258 1712 1384 1748 1551.
1429 1723 1476 1748 ex
1511 1710 1639 1748 eadem
1673 1710 1759 1748 osti-

100 1781 204 1829 cina‚
238 1780 304 1817 sed
338 1779 517 1829 repetitio
550 1782 726 1817 accurate
758 1779 870 1817 sacta.
933 1778 1163 1828 Praeposita
1194 1781 1255 1817 est
1287 1778 1461 1829 Epistola
1493 1778 1653 1828 Georgii
1686 1780 1754 1817 Fa-

100 1848 208 1886 bricii
243 1846 531 1886 Chemuicensis
573 1846 618 1884 ad
661 1845 901 1884 Valentinum
942 1845 1123 1885 Gravium
1165 1845 1390 1885 Senatorem
1436 1847 1756 1895 Fribergensem‚

99 1916 185 1954 data
202 1916 377 1954 Misenae
396 1915 757 1962 Hermundurorum‚
781 1926 802 1952 e
820 1912 905 1951 ludo
923 1913 1059 1952 illustri
1077 1925 1086 1950 ε
1107 1913 1202 1952 Idib.
1225 1914 1399 1963 Augusti
1437 1918 1487 1951 M.
1526 1917 1568 1949 1).
1608 1917 1758 1949 XLVll.

101 1985 207 2023 llaec
239 1996 388 2035 quoque
431 1984 656 2033 scripturam
698 1983 848 2022 mixtam
886 1981 1022 2032 babet,
1062 1981 1242 2034 pleraque
1281 1995 1332 2021 ex
1371 1981 1538 2030 Aldina,
1583 1979 1761 2018 nonnulla

100 2064 149 2090 ex
181 2051 280 2090 aliis.

185 2120 300 2159 Addo
333 2120 457 2158 statim
490 2119 752 2169 repetitionem
783 2131 818 2157 a.
856 2120 978 2157 1575.
1011 2120 1175 2157 factam:
1223 2119 1430 2166 Basilece,
1470 2119 1538 2157 Ea:
1577 2117 1759 2169 Offieiaa

101 2189 253 2227 Ilenric
269 2189 435 2228 Petrina
466 2188 583 2226 Anno
604 2187 766 2226 Salutis
800 2187 963 2226 Nostrte
982 2187 1248 2238 Recuperatce
1280 2200 1359 2225 010.
1379 2198 1430 2225 ιο.
1450 2201 1577 2225 Lxxv.
1611 2186 1761 2225 Mense

102 2259 274 2297 sliartio.
346 2256 521 2305 Paginae
565 2255 800 2306 respondent
844 2256 998 2306 paginis
1033 2256 1213 2295 edit10nis
1257 2259 1379 2295 1561.
1441 2254 1484 2294 In
1527 2255 1630 2294 Diris
1663 2254 1763 2293 nulla

101 2327 173 2364 nisi
205 2325 380 2364 vitiorum
419 2324 608 2363 accessio.

191 2463 225 2500 A
241 2463 606 2514 neverpiensis
641 2464 763 2500 1566.
810 2464 850 2501 8.
911 2460 1019 2500 llaec
1051 2475 1122 2514 quo
1150 2463 1258 2502 modo
1292 2465 1500 2514 conceptas
1532 2462 1646 2500 Diras
1680 2462 1764 2511 ipsa

103 2531 306 2576 exhibeat,
340 2543 413 2568 non
446 2530 601 2579 curavi,
646 2542 691 2568 ac
728 2531 880 2569 videtur
910 2543 1039 2581 parum
1070 2531 1222 2570 differre
1253 2544 1274 2570 a
1307 2531 1652 2582 praecedentihus3
1695 2529 1762 2567 sed

105 2600 289 2637 variarum
322 2598 548 2647 lectionum,
592 2610 687 2650 quae
718 2601 805 2638 sunt
837 2599 872 2637 in
907 2601 1078 2649 margine
1113 2601 1195 2639 eius
1228 2601 1273 2638 ad
1307 2599 1524 2650 Opuseula,
1567 2597 1760 2646 Culicem,

103 2668 241 2715 Diras,
275 2665 402 2717 Cirin,
434 2667 642 2716 bloi-etum,
676 2666 844 2718 Copam,
879 2669 1064 2718 Aetnam,
1100 2666 1323 2718 Catalecta‚
1357 2669 1504 2716 editae,
1551 2670 1763 2706 accuratam

102 2736 268 2773 notitiam
302 2734 387 2773 mihi
420 2736 636 2785 comparavi
674 2748 696 2774 a
736 2736 870 2775 Geelio
911 2749 1006 2774 meo.
1077 2736 1117 2775 Is
1157 2738 1268 2775 etiam
1310 2736 1453 2775 titulum
1493 2736 1577 2774 libri
1621 2747 1762 2773 mecum

104 2803 420 2842 communicavit:
455 2803 594 2855 Opera
623 2803 674 2844 P.
714 2804 879 2855 Virqiiii
900 2805 1108 2844 Maronis.
1157 2805 1282 2844 Paul.
1308 2806 1497 2845 Manum·
1527 2805 1760 2844 atinolalio-

103 2886 175 2911 nes
210 2873 477 2912 brevissimae
508 2874 549 2911 iu
579 2875 757 2924 maraine
780 2873 1032 2926 adscriptae.
1095 2874 1260 2912 Homeri
1283 2874 1375 2912 [oea
1405 2876 1536 2924 maffis
1564 2875 1760 2924 itisiyziia,

105 2953 209 2993 quae
250 2941 445 2991 Viryilias
478 2943 658 2980 imilcetus
690 2947 766 2981 est.
828 2943 974 2993 Geory.
1010 2942 1191 2981 Fabricii
1224 2942 1524 2981 Cleemuieeusis
1551 2941 1755 2981 Observa·

104 3010 232 3049 tiones
263 3009 518 3062 Viryiiianae
543 3009 744 3050 lectionis.
784 3010 1038 3062 Ancverpiae
1060 3011 1154 3050 Chr.
1178 3009 1360 3049 Plautia.
1383 3013 1504 3048 1566.
1567 3010 1626 3049 De
1647 3022 1761 3061 prae-
