1970 3350
1730 150 1786 189 lx

128 274 206 314 gne
236 263 486 311 significetur.
548 262 622 301 Iam
656 276 749 302 vero
782 263 929 310 tribus,
963 264 1025 315 qui
1058 264 1283 314 sequuntur,
1318 261 1499 300 versibus
1531 273 1611 299 cum
1645 260 1784 299 eruditi

128 335 192 374 alii
222 336 330 374 aliam
362 336 577 375 medicinam
617 338 746 375 facere
784 338 923 375 frustra
963 339 1199 386 tentassent,
1246 336 1439 384 Naehius,
1481 347 1616 373 novam
1655 346 1787 373 emen-

128 409 240 448 dandi
271 410 472 459 ingressus
504 411 622 458 viam,
655 424 743 449 nam
776 423 843 461 pro
876 422 953 448 mm
984 410 1164 459 scripsit,
1197 411 1235 448 et
1266 422 1363 461 quae,
1394 409 1514 448 media
1546 409 1643 447 inter
1675 408 1788 447 deum

128 486 167 522 et
198 496 329 522 secum
361 483 558 532 leguntur,
593 497 663 535 per
692 483 938 534 parenthesin
966 484 1107 521 inserta
1132 483 1278 521 statuit.
1340 483 1486 534 Nempe
1503 483 1685 522 Catonem
1705 481 1788 520 vult

127 557 172 596 ad
217 556 338 595 silvas
370 570 606 607 provocare,
646 560 780 608 utpote
821 569 918 608 quae
950 555 1181 607 puellarum,
1225 568 1246 594 a
1277 557 1348 594 diis
1381 560 1604 607 amatarum,
1645 557 1681 594 in
1723 567 1788 594 ar-

127 631 263 679 bores,
297 630 433 679 flores,
467 632 595 669 sidera
626 630 893 669 mutationibus
927 630 1204 668 interfuissent.
1265 628 1307 667 ln
1339 642 1411 681 quo
1440 631 1594 680 primum
1625 641 1698 668 non
1732 630 1789 667 in-

127 703 287 752 telligo,
322 716 387 742 cur
419 705 514 742 fama
546 707 659 754 poeta
691 715 735 741 ea
768 703 979 741 innotuisse
1011 702 1125 741 silvis
1157 706 1306 751 narret,
1339 716 1434 755 quae
1452 704 1661 753 accidisse,
1693 704 1790 754 ipsis

128 779 234 829 quasi
268 778 595 828 inspectantibus,
629 778 834 827 fingantur.
896 776 1115 827 Oportebat
1137 777 1231 824 ista,
1265 777 1296 814 si
1325 777 1410 828 quid
1430 777 1564 824 video,
1598 777 1791 815 enuntiata

127 864 196 902 per
226 851 347 890 silvas
379 854 540 890 facere:
580 854 644 889 aut
684 851 962 901 provocatione
993 851 1038 888 ad
1072 863 1160 900 cas,
1202 855 1374 902 tanquam
1407 853 1556 898 testes,
1604 862 1790 900 superse-

128 926 218 965 dere
250 927 398 964 omnino
431 927 594 975 poterat.
658 925 841 971 Accedit,
884 928 924 963 ut
965 925 1078 975 paulo
1121 926 1230 964 etiam
1271 925 1411 963 maiore
1450 925 1606 963 alterum
1647 935 1790 974 paren-

127 999 249 1039 thesis
281 999 477 1037 membrum
511 998 659 1037 laboret
684 998 919 1037 difficultate.
982 999 1099 1045 Nam,
1132 1011 1178 1037 ne
1205 999 1347 1048 dicam,
1380 999 1488 1036 nimis
1520 999 1612 1036 dure
1643 998 1789 1036 oratio-

127 1074 186 1111 nis
219 1073 534 1111 continuationem
567 1073 805 1122 interrumpi,
850 1074 919 1110 vix
952 1074 1062 1112 etiam
1095 1073 1174 1111 fieri
1206 1075 1361 1123 potest,
1405 1075 1444 1111 ut
1475 1071 1712 1123 apostrophe
1743 1070 1790 1109 ad

126 1146 274 1198 puellas
306 1148 509 1192 reseratur,
559 1159 639 1184 cum
678 1159 746 1185 nec
778 1148 813 1185 in
856 1148 924 1195 iis,
959 1158 1053 1198 quae
1084 1147 1339 1197 praecedunt,
1377 1158 1500 1184 earum
1533 1147 1669 1184 mentio
1703 1146 1789 1195 fiat,

127 1233 198 1260 nec
230 1232 459 1271 pronomen,
502 1223 540 1259 ut
572 1221 605 1258 in
639 1221 778 1259 subitis
810 1221 1130 1261 conversionibus
1165 1220 1332 1269 assolet,
1371 1221 1512 1259 certior
1552 1219 1677 1272 aliqua
1716 1220 1788 1258 de-

128 1295 297 1344 signatio
331 1298 523 1346 sequatur.
584 1295 674 1346 lpsa
705 1298 827 1334 autem
861 1296 982 1334 verba
1022 1294 1165 1334 Omnia
1204 1307 1278 1334 vos
1312 1296 1416 1334 estis
1449 1294 1620 1333 Naekius
1660 1294 1711 1332 ita
1742 1294 1790 1333 de

128 1368 267 1420 puellis
300 1369 523 1419 accipienda
555 1374 706 1418 censet,
747 1373 786 1409 ut
824 1369 1071 1418 significent:
1106 1370 1146 1407 in
1178 1381 1310 1407 omnes
1343 1374 1520 1407 mutatae
1549 1368 1706 1419 formas
1739 1380 1791 1406 ac

127 1443 286 1495 fiyuras
318 1445 435 1482 estis.
497 1442 605 1497 Quod
641 1443 913 1493 interpretandi
946 1443 1141 1482 artificium
1173 1444 1264 1481 ferri
1291 1444 1419 1494 utique
1443 1445 1602 1493 posset,
1634 1443 1668 1480 si
1691 1443 1789 1480 scri-

128 1520 229 1568 ptum
271 1518 404 1555 foret:
447 1516 590 1556 Omnia
620 1518 766 1569 factae
797 1519 915 1556 estis.
976 1516 1088 1555 Nunc
1120 1528 1279 1563 vereor,
1317 1519 1356 1555 ut
1392 1516 1523 1554 verbis
1563 1515 1638 1554 ulla
1668 1519 1792 1555 muta-

129 1591 245 1629 tionis
276 1591 361 1629 olim
394 1592 518 1630 tactae
550 1592 654 1629 notio
686 1591 828 1630 subsit.
889 1590 1001 1629 Immo
1023 1590 1167 1628 locutio
1191 1594 1320 1629 omnia
1341 1604 1456 1638 esse,
1491 1592 1596 1629 certe
1616 1591 1672 1628 sic
1695 1589 1791 1628 nude

127 1665 275 1715 posita,
310 1676 357 1702 nc
377 1665 412 1702 in
436 1677 503 1702 usu
529 1665 676 1716 quidem
702 1665 853 1703 videtur
872 1666 992 1703 fuisse
1018 1665 1090 1702 nisi
1115 1664 1410 1714 proverbialiter
1438 1665 1485 1703 de
1514 1677 1579 1712 eo,
1613 1664 1675 1716 qui
1695 1676 1791 1716 quae

123 1742 211 1778 sunt
242 1743 372 1790 partes
408 1739 560 1777 aliorum
596 1741 776 1786 omnium,
809 1739 915 1778 solus
949 1740 1138 1788 sustinet,
1172 1738 1234 1777 vel
1259 1740 1321 1790 qui
1348 1740 1468 1777 onmia
1494 1742 1638 1790 potest.
1698 1739 1788 1778 Vid.

124 1814 312 1853 Varronis
345 1817 383 1852 et
408 1813 546 1852 Lucani
568 1813 676 1852 locos
696 1827 717 1852 a
738 1813 888 1853 Naekio
914 1813 1065 1852 allatos.
1128 1813 1226 1865 Quid
1255 1810 1400 1864 igitur?
1432 1813 1579 1863 Nempe
1600 1814 1790 1862 insignem

125 1886 231 1926 locus
263 1888 435 1938 suscepit
466 1887 670 1935 maculam,
703 1900 774 1926 nec
805 1891 877 1926 tam
909 1888 984 1926 leni
1008 1899 1115 1926 manu
1139 1888 1330 1926 sanandus
1360 1890 1432 1926 est.
1495 1887 1682 1938 Suspicor
1704 1886 1789 1925 olim

124 1960 185 2000 hic
217 1962 397 2011 scriptum
429 1962 580 2000 fuisse:

297 2036 353 2075 Et
386 2049 489 2089 quae
517 2048 665 2088 pompa
696 2035 809 2075 deum
840 2049 916 2075 non
949 2037 1117 2088 siquis
1148 2037 1294 2088 furta
1334 2037 1501 2090 loquuta
1532 2042 1596 2075 est

212 2155 227 2166 ..
297 2106 539 2149 Dulcia?
572 2110 847 2150 Coeles-tes
880 2123 1012 2150 seeum
1044 2124 1123 2149 saa
1154 2111 1311 2162 yaudia
1342 2117 1554 2162 qestant

296 2185 378 2223 Aut
410 2186 611 2236 insparsa
643 2185 815 2224 vident
846 2186 986 2224 mundo
1016 2197 1024 2222 ε
1059 2198 1163 2238 quae
1194 2185 1330 2224 dicere
1360 2184 1516 2236 lonqum
1546 2190 1623 2224 est.

126 2258 308 2309 Loquitur
347 2260 484 2309 poeta,
526 2259 560 2297 id
604 2260 703 2310 quod
746 2260 944 2310 praeclare
982 2264 1020 2298 et
1052 2259 1148 2298 vidit
1191 2261 1229 2298 et
1268 2258 1476 2297 illustravit
1515 2258 1710 2308 Naekius,
1743 2260 1791 2298 de

125 2332 274 2382 pompis
315 2333 411 2382 apud
450 2332 644 2372 Romanos
684 2333 922 2372 solennibus.
990 2333 1033 2372 In
1073 2334 1210 2386 quibus
1249 2345 1329 2372 cum
1369 2333 1521 2372 deorum
1561 2333 1791 2383 imaginihus

126 2409 279 2456 praeter
309 2406 382 2444 alia
413 2408 581 2457 insignia
614 2408 723 2447 etiam
765 2420 948 2457 amorum,
995 2420 1091 2459 quos
1125 2407 1177 2446 illi
1216 2398 1440 2446 exercuisse
1472 2408 1656 2460 quondam
1689 2409 1792 2447 fere-

126 2480 284 2528 bantur,
316 2481 443 2520 addita
475 2482 791 2532 conspicerentur
822 2483 1064 2529 monimenta,
1097 2482 1195 2521 haud
1229 2482 1383 2533 illepide
1416 2480 1513 2522 Cato
1545 2482 1672 2531 addit,
1705 2481 1790 2519 nul-

126 2552 197 2592 lam
230 2567 400 2605 pompam
433 2567 544 2604 esse,
578 2569 672 2608 quae
697 2569 768 2595 non
791 2560 924 2607 aperte
951 2560 1136 2607 testetur,
1169 2559 1361 2596 amavisse
1392 2558 1501 2596 etiam
1533 2558 1640 2596 deos.
1685 2557 1792 2595 Haec

128 2629 334 2666 universim
368 2631 651 2679 praemonuisse
677 2631 831 2669 suffieit.
895 2631 1006 2669 Nunc
1032 2631 1327 2681 emendationis,
1361 2643 1405 2670 ne
1437 2632 1524 2683 quid
1551 2634 1690 2670 temere
1713 2644 1792 2668 mu-

127 2706 234 2740 tasse
267 2702 422 2752 videar,
468 2703 684 2752 singulatim
717 2705 898 2743 rationem
931 2704 1097 2743 reddam.
1159 2705 1319 2744 Primum
1360 2719 1429 2757 pro
1468 2707 1585 2758 fama
1617 2705 1792 2755 reposui,

128 2776 225 2827 quod
259 2777 294 2814 in
327 2775 450 2815 simile
483 2777 611 2815 vitium
642 2779 739 2828 apud
782 2777 966 2818 Catonem
1007 2778 1147 2828 Eclog.
1197 2792 1235 2817 v.
1270 2784 1337 2819 63.
1370 2780 1486 2826 abiit,
1523 2782 1671 2831 fiala:
1720 2791 1792 2830 qno

127 2849 316 2887 vocabulo
350 2850 514 2888 furtivos
546 2862 692 2890 amores
715 2853 942 2903 saepissime
973 2865 995 2892 a
1027 2854 1154 2904 poetis
1180 2854 1364 2905 appellari
1395 2867 1498 2892 nemo
1521 2854 1654 2891 nescit.
1703 2853 1793 2893 vid.

131 2922 344 2962 Markland.
377 2924 421 2962 ad
446 2924 545 2963 Stat.
580 2924 680 2962 Silv.
707 2925 736 2964 Ι.
757 2929 796 2964 2.
816 2929 882 2965 59.
945 2928 1109 2966 Prorsus
1142 2932 1182 2967 ut
1213 2931 1343 2968 noster
1372 2930 1490 2980 furta
1522 2928 1634 2967 deum
1667 2927 1794 2976 (haec

130 2997 228 3035 enim
260 2998 478 3048 iungenda)
515 2998 710 3037 Ausonius
744 2999 879 3050 Epigr.
915 3004 1019 3053 118,
1056 3005 1119 3041 15.
