2006 3365
274 155 375 201 344
856 152 1221 193 DISSERTATIO
1259 153 1328 192 lv.

363 270 500 310 Restat
531 271 570 307 ut
600 268 647 307 de
684 267 911 306 memorabili
950 266 1223 318 opusculorum
1263 268 1506 318 inscriptione
1542 271 1681 319 dicam,
1722 273 1834 322 atque
1876 271 1909 309 id
1954 318 1956 320 v

279 338 392 376 scinci
424 337 621 376 absolvam
653 335 723 374 hac
760 337 1055 387 opportunitate.
1117 334 1239 375 Culici
1278 338 1312 375 iu
1351 337 1533 377 Tnuaneo
1572 340 1765 390 inscriptio
1798 352 1910 389 prae-

278 406 403 456 posita
435 404 529 442 haec
560 407 642 453 cst,
677 405 818 443 diserte
849 404 1077 443 testantibus
1107 404 1160 442 ls.
1180 406 1322 444 Vossio
1356 409 1393 444 ct
1424 406 1622 446 Lasscno:
1655 414 1909 447 POETARVM

274 482 628 516 SAPIENTISSIMI
654 482 810 516 PVBLII
838 482 1037 516 VIRGILII
1064 483 1280 516 MARONIS
1303 483 1630 518 CONfflSslple
1654 486 1909 519 OCTAVIANI

275 550 506 584 CAESARIS
553 540 739 590 (Lassen.
773 543 973 591 Cesarl's)
1009 550 1216 584 AVGVSTI
1250 552 1405 585 MVNDI
1433 553 1753 587 IMPERA'l'oms
1782 555 1910 587 IVVE-

274 618 419 652 NALIS
445 620 557 653 LVDI
585 621 817 654 LIBELLVS
843 620 1018 654 INCIPIT
1091 619 1249 653 CVLEX
1280 621 1436 654 PVBLII
1471 622 1668 655 VIRGILII
1695 623 1910 657 MARONIS

273 683 456 718 INCIPIT.
515 679 679 718 Prorsus
720 680 847 718 cadem
891 681 925 718 In
966 679 1200 727 Pctaviauo,
1246 683 1283 718 ut
1315 681 1457 718 diserte
1488 685 1611 720 monet
1641 681 1693 720 Is.
1727 682 1910 732 vossius,

275 748 477 799 eademque
507 748 543 786 in
575 752 704 787 nostro
745 748 997 797 Augustano3
1038 748 1073 786 in
1117 747 1203 787 aliis
1244 748 1423 787 incertum
1468 753 1584 787 utrum
1616 750 1742 788 cadem
1775 752 1912 789 inscri-

271 817 413 867 ptionis
445 815 667 866 longitudo,
706 829 750 855 an
782 816 834 855 sit
864 817 899 854 in
930 816 1086 855 brevius
1120 820 1331 861 contracta,
1365 820 1404 856 ut
1435 818 1470 855 in
1504 819 1625 856 veteri
1655 818 1751 857 libro
1782 832 1910 857 manu-

272 885 416 936 scrIpto
447 886 544 936 apud
578 884 839 935 Scaligerum,
877 885 912 923 in
952 897 1023 936 quo
1065 886 1116 924 ita
1158 890 1378 937 conceptum
1409 887 1529 925 fuisse
1559 886 1700 925 titulum
1733 887 1913 936 Scaliger

271 953 316 992 ad
351 953 494 994 Culicis
526 955 605 993 inIt.
635 954 796 993 scrIbIt:
828 955 1089 994 IVVENALlS
1114 961 1227 994 LVDI
1255 961 1486 994 LIBELLVS
1513 961 1698 994 INCIPIT.
1745 957 1794 994 cf.
1827 968 1912 994 mox

272 1022 318 1061 de
349 1023 521 1061 Parisino
552 1022 622 1061 IV.
647 1025 702 1062 'at
738 1024 774 1061 in
806 1023 986 1062 Bembino
1019 1036 1176 1075 prorsus
1208 1024 1368 1063 eamdem
1400 1026 1520 1063 fuisse
1551 1037 1646 1077 quae
1677 1028 1736 1063 est
1767 1025 1801 1062 in
1835 1024 1912 1063 Pe-

272 1091 453 1140 tauriano,
495 1090 701 1141 Thuanco‚
742 1094 780 1131 et
817 1091 993 1144 reliquis,
1041 1094 1266 1143 putaverim.
1332 1093 1594 1144 Negligenter
1632 1094 1829 1144 scriptam,
1869 1104 1914 1132 ac

271 1159 365 1197 male
397 1162 623 1199 contractam
655 1159 887 1198 librariorum
919 1172 1068 1211 errore,
1095 1162 1130 1199 in
1151 1161 1326 1200 Mediceo
1347 1162 1446 1201 Plut.
1464 1161 1650 1201 XXXIII.
1674 1162 1770 1202 Cod.
1792 1177 1912 1200 xxm.

272 1227 320 1266 T.
354 1227 401 1266 II.
436 1226 558 1267 Catal.
593 1240 625 1266 c.
661 1231 754 1266 125.
787 1229 819 1266 si
852 1228 903 1266 ibi
936 1230 1056 1267 onmia
1095 1232 1199 1267 recte
1241 1230 1466 1274 ssandinius,
1500 1235 1539 1269 et
1570 1233 1605 1270 in
1637 1231 1810 1269 Parisino
1842 1229 1912 1270 IV.

271 1296 406 1335 hahes.
467 1295 509 1335 Iu
528 1296 735 1336 Mediceoz
771 1297 820 1336 P.
845 1296 1006 1349 Virqilii
1029 1298 1217 1337 Maronis
1249 1298 1522 1351 condiscipuli
1553 1298 1774 1339 Octaviani
1804 1299 1913 1338 Cae-

273 1368 386 1406 saris
417 1367 598 1417 Auyusli
628 1365 780 1404 Mundi
810 1366 1074 1418 Imperatoris
1115 1367 1327 1406 Iuvenalis
1359 1367 1444 1406 ludi
1475 1367 1660 1407 Libellus
1693 1368 1835 1407 Culex.
1877 1368 1913 1405 iu

272 1435 445 1473 Parisino
478 1434 574 1473 IV.:
615 1435 808 1475 Maronis
847 1436 1002 1486 ve'rgyilii
1033 1435 1230 1474 quenilis
1271 1436 1358 1474 ludi
1389 1434 1505 1489 incip*
1537 1437 1667 1476 culex.
1738 1436 1787 1475 Hi
1819 1436 1912 1474 enim

272 1515 342 1541 non
376 1503 645 1543 intellexerunt
676 1506 843 1542 veterem
874 1504 1188 1556 inscriptionem,
1221 1508 1259 1543 ct
1289 1506 1498 1545 iuvenilem
1529 1505 1662 1545 ludum
1691 1504 1809 1544 solum
1839 1505 1912 1543 dici

272 1569 438 1611 Culicem
469 1572 794 1611 existimaverunt.

780 1731 1271 1789 Parisinus
1321 1734 1401 1790 ΙΙ.

357 1863 431 1902 No.
467 1864 588 1901 7927.
623 1863 761 1903 Codex
794 1864 1152 1913 Membranaeeus,
1187 1866 1275 1904 olim
1300 1865 1567 1905 Colherlinus.
1614 1865 1680 1905 Ibi
1709 1868 1913 1904 eontinen-

271 1938 364 1971 tur:
412 1936 504 1970 lmo.
556 1931 664 1983 Virq.
709 1932 902 1972 Maronis
944 1934 1151 1985 Eeloyae,
1187 1934 1367 1985 Georyio.
1397 1940 1435 1972 et
1465 1935 1565 1973 Aen.
1602 1935 1915 1973 Praemittuntur

270 2001 448 2040 eiusdem
461 2007 648 2053 poemata
666 2004 930 2053 supposititia
949 2014 959 2051 ς
992 2003 1182 2042 nonnulla
1202 2003 1309 2054 folia
1333 2016 1449 2041 manu
1470 2006 1686 2042 recentiore
1708 2003 1912 2055 suppleta.

272 2071 364 2109 2110.
398 2070 699 2121 Fraymenlum‚
732 2072 771 2108 in
805 2084 879 2124 quo
911 2071 960 2110 (le
990 2072 1105 2111 rebus
1139 2073 1194 2111 ad
1224 2073 1431 2111 historiam
1449 2072 1691 2111 Francorum
1722 2079 1912 2125 spectan-

272 2139 392 2177 tibus.
454 2139 499 2177 Is
532 2139 659 2177 codex
690 2139 836 2178 decimo
869 2141 1033 2178 saeculo
1065 2142 1224 2180 videtur
1254 2147 1465 2180 emunitus.
1527 2141 1632 2179 Haec
1665 2153 1685 2179 e
1707 2139 1911 2189 Catalogo.

272 2205 376 2245 Ordo
410 2207 628 2255 carminum,
670 2208 845 2245 Lasscno
887 2209 1104 2258 referente,
1148 2210 1210 2248 hic
1248 2212 1321 2248 cst.
1397 2210 1537 2248 Culex.
1589 2210 1735 2248 Dirae.
1782 2209 1911 2261 Copa.

279 2275 477 2315 Ver-siena
506 2276 681 2315 eiusdem
713 2274 787 2323 (P.
814 2277 864 2315 V.
886 2277 971 2324 M.)
1006 2278 1117 2317 deest
1148 2285 1185 2316 et
1216 2276 1273 2316 πό
1301 2280 1509 2329 incipiunt.
1569 2279 1635 2316 De
1666 2279 1914 2318 institutione

274 2344 363 2383 boni
393 2346 487 2383 viri.
549 2345 615 2384 De
644 2348 766 2384 rosis.
829 2346 1041 2384 Mororum.
1104 2347 1269 2385 Carmen
1312 2345 1456 2385 Oetae.
1502 2346 1681 2398 Auqusti
1712 2347 1912 2386 Caesaris

273 2414 323 2452 (Ie
352 2413 564 2452 laudanda
604 2421 693 2453 arte
728 2427 780 2453 ae
817 2414 1071 2453 sublimanda
1108 2428 1182 2467 per
1222 2416 1362 2454 secula
1401 2415 1540 2454 Publii
1584 2416 1750 2467 Cz‘ryz'lii
1780 2415 1911 2469 ineipss

274 2482 426 2535 Incipit
461 2483 739 2522 Tetrastiehon
773 2482 913 2522 Ouidii
943 2483 1132 2522 IVasonis
1172 2497 1341 2523 carmen.
1413 2485 1581 2523 Carmen
1620 2485 1842 2524 Bucolicon
1873 2487 1912 2524 in

275 2565 350 2605 quo
386 2552 632 2592 Theocritum
662 2554 762 2591 vicit
803 2553 958 2604 incipit.
1020 2553 1232 2604 Georgsica.
1292 2555 1457 2592 Aeneis.

762 2746 823 2801 P
846 2766 881 2801 a
906 2765 937 2800 r
961 2749 1030 2801 is
1053 2750 1077 2801 i
1093 2765 1129 2801 n
1156 2765 1191 2801 u
1212 2766 1243 2801 s
1301 2746 1420 2803 III.

360 2876 434 2916 No.
468 2881 591 2917 8093.
653 2878 792 2917 Codex
833 2878 1166 2918 membranaceus
1206 2880 1296 2918 olim
1334 2879 1602 2919 colbertinus.
1670 2877 1833 2916 Additur
1872 2879 1909 2917 in

279 2944 497 2994 catalogo:
542 2946 724 2986 Huiusce
763 2947 929 2986 Codicis
967 2960 1070 3000 pars
1101 2960 1224 2996 nono,
1265 2961 1368 3001 pars
1401 2948 1572 2995 deciam,
1616 2947 1806 2985 nonnulla
1837 2947 1909 2987 de-

280 3015 374 3051 cimo
408 3022 550 3067 quarm
581 3017 746 3056 saeculo
786 3017 971 3057 videntur
1009 3023 1196 3058 exarata.
1259 3017 1337 3057 Vix
1367 3020 1428 3056 est
1458 3017 1555 3069 quod
1588 3028 1751 3055 moneam
1782 3029 1909 3068 parum
