2006 3365
261 131 361 175 178
827 123 1007 163 ANIMA
1015 123 1356 165 DVERSIONES

351 243 456 298 De
499 240 636 308 (liis,
683 243 783 312 qm·
819 256 1049 308 „seeum
1114 256 1224 294 sua
1261 231 1479 312 {jandiu
1517 243 1807 313 ,qestcmt‘g

940 354 1242 427 digressae.

350 515 564 566 Proponant
605 514 678 554 hoc
717 515 801 554 loco
832 513 1038 565 puellarum
1076 527 1098 553 a
1129 515 1199 553 diis
1230 517 1453 564 auratarum,
1493 516 1532 554 et
1572 525 1839 553 conversarum
1871 516 1906 554 in

270 585 448 632 arbores,
489 583 624 631 flores,
664 583 833 634 plantas,
882 583 1118 636 catalogum,
1158 597 1229 623 non
1271 585 1442 623 studiose
1483 597 1503 622 a
1542 596 1597 622 me
1637 585 1794 634 lactum,
1839 584 1907 623 sed

269 658 406 705 sponte
438 658 584 701 natum,
619 653 699 691 dum
728 653 887 693 Catonis
919 665 1055 692 memor
1086 655 1296 705 scriptores
1328 653 1432 704 lego.
1489 653 1635 691 Inserui
1669 654 1778 692 etlam
1811 665 1908 703 pne-

266 736 344 762 ros.
402 723 487 761 Non
513 722 595 761 dico
632 725 750 760 autem
774 721 868 761 haec
897 734 1057 760 amorum
1088 724 1310 762 monimenta
1341 723 1480 769 omnia,
1513 725 1551 761 et
1583 734 1749 773 semper,
1781 722 1910 760 addita

270 793 421 831 deorum
454 791 596 829 illorum
628 791 853 839 imaginibus
884 791 1028 840 fuisse,
1066 796 1130 832 aut
1162 790 1296 831 Catoni
1330 791 1525 842 exempla,
1560 803 1656 843 quae
1687 792 1908 842 propositu-

266 873 333 899 rus
377 873 475 908 sum,
519 863 605 898 ante
644 859 775 897 oeulos
815 860 934 899 fuisse
966 860 1109 899 onmia:
1154 861 1220 900 sed
1263 863 1383 900 tamen
1417 860 1586 899 Graecos
1623 863 1661 899 et
1690 859 1907 909 Romanos,

271 942 378 981 quum
410 929 586 967 viderent
616 928 775 967 arbores
808 928 1031 980 plantasque
1062 928 1166 979 illas,
1197 941 1316 980 saepe
1348 929 1521 978 deorum,
1552 928 1598 967 ad
1630 941 1780 981 quorum
1804 941 1909 967 amo-

271 1011 332 1037 res
375 998 461 1036 illae
497 998 752 1048 pertinerent,
794 1000 832 1036 et
871 1001 999 1036 contra
1038 1010 1145 1049 quum
1185 998 1279 1036 deos
1321 998 1489 1050 deasque
1524 999 1761 1048 cogItarent,
1802 999 1910 1037 etiam

272 1066 473 1118 puellarum
513 1079 806 1118 puerorumque,
845 1078 940 1118 quos
972 1065 1025 1104 illi
1063 1066 1254 1105 amavisse
1293 1066 1529 1117 serebantur,
1570 1079 1754 1106 memores
1792 1067 1911 1106 fuisse

272 1140 410 1175 certum
443 1138 515 1174 est.

358 1205 535 1256 Daphne
566 1206 654 1242 nota
685 1204 869 1242 omnibus.
930 1203 1045 1251 Eius,
1078 1205 1275 1255 tactaeque
1305 1216 1355 1241 ex
1381 1215 1425 1242 ea
1450 1203 1543 1242 lauri
1571 1204 1799 1256 saepissime
1830 1216 1908 1243 me-

272 1274 376 1311 minit
406 1273 583 1317 Munus,
619 1273 680 1325 qui
713 1275 752 1310 ut
783 1283 931 1322 semper
963 1272 1095 1309 morari
1130 1272 1164 1309 in
1196 1272 1387 1310 amoribus
1420 1272 1569 1311 deorum
1602 1276 1720 1324 amat,
1757 1275 1807 1312 ita
1839 1273 1911 1313 ha-

271 1355 345 1381 rum
380 1343 617 1381 mutationum
650 1341 807 1392 cupidus
840 1344 919 1390 est,
952 1353 985 1378 e.
1013 1353 1055 1389 g.
1081 1340 1132 1379 ll.
1159 1344 1225 1380 Se.
1259 1354 1341 1393 sqq.
1374 1341 1435 1380 uhi
1468 1342 1503 1379 in
1534 1342 1818 1392 perturbatione
1849 1354 1912 1381 re-

274 1424 349 1449 rnm
378 1423 444 1461 per
467 1409 694 1460 Typhoeum
721 1412 842 1458 sacta,
868 1410 984 1457 deos,
1013 1409 1252 1461 Zephyrum,
1280 1410 1498 1459 Phoebum,
1528 1411 1688 1460 Panem,
1707 1411 1912 1461 Venerem,

275 1480 401 1519 {lorum
434 1492 581 1518 suornm
613 1478 895 1530 plantarumque
926 1480 1099 1526 miseret,
1133 1491 1423 1530 cypressorum,
1456 1479 1763 1530 hyacinthorum,
1797 1480 1910 1528 lauri,

275 1550 376 1600 pini,
418 1561 631 1587 anemones.
701 1547 774 1586 Vel
809 1548 882 1585 alio
913 1548 1045 1596 modo,
1084 1548 1154 1587 XI.
1190 1553 1284 1586 258.
1319 1561 1376 1600 sq.
1421 1549 1479 1587 cui
1522 1548 1604 1588 loco
1644 1548 1738 1588 haec
1778 1548 1914 1588 subest

275 1618 482 1664 sententia,
526 1617 696 1655 solatium
735 1629 823 1655 esse
864 1617 954 1662 deo,
995 1616 1091 1668 qnod
1132 1618 1391 1655 monimentum
1431 1616 1580 1667 puellae
1620 1617 1703 1656 olim
1744 1622 1912 1667 amatae,

276 1686 339 1725 vel
379 1687 504 1737 pueri,
548 1685 696 1738 aliquod
735 1684 873 1724 haheat
912 1697 1061 1724 secum:
1104 1688 1151 1724 cs.
1182 1686 1368 1725 XLVIII.
1404 1689 1496 1724 492.
1531 1699 1588 1738 sq.
1621 1685 1773 1726 Coluth.
1816 1689 1911 1725 245.

277 1757 408 1805 (241.)
441 1755 515 1795 Vel
549 1756 671 1802 etiam,
705 1758 742 1793 ut
769 1757 827 1793 est
854 1755 888 1792 in
906 1754 1041 1792 Nonno
1067 1755 1179 1805 copia
1207 1754 1434 1793 inexhausta
1466 1755 1653 1804 variandi,
1686 1754 1781 1793 hane
1813 1758 1913 1794 tam-

277 1838 382 1877 qnam
413 1837 568 1875 poenam
600 1823 760 1871 fastidii,
800 1828 1051 1875 servataeque
1093 1825 1198 1862 nimis
1238 1836 1377 1862 severe
1409 1824 1664 1870 virginitatis,
1707 1825 1914 1875 impositam

277 1906 366 1933 esse
399 1893 581 1943 Syringi,
615 1891 821 1942 Daphnae,
854 1893 966 1940 dicit,
999 1894 1037 1931 ut
1068 1895 1229 1932 mutatae
1260 1893 1409 1931 servire
1441 1892 1606 1932 debeant
1637 1894 1708 1931 diis
1739 1894 1913 1932 amatori-

274 1965 370 2012 hus,
403 1962 522 2001 XLII.
557 1964 651 2000 383.
684 1974 768 2012 sqq.

363 2032 635 2084 Hyacinthus.
696 2029 841 2068 Multus
873 2029 982 2068 etiam
1014 2030 1059 2068 de
1090 2029 1163 2069 hoc
1187 2029 1345 2069 Nonnus
1378 2033 1458 2069 est.
1493 2043 1542 2069 ex
1574 2044 1646 2083 quo
1679 2044 1745 2069 eos
1777 2035 1916 2071 tantum

278 2113 460 2152 apponam
493 2099 619 2148 locos,
653 2099 715 2137 uhi
745 2103 903 2147 gestare
929 2098 1170 2149 hyacinthum
1189 2098 1352 2149 Apelle,
1386 2100 1419 2137 in
1452 2100 1660 2138 memoriam
1685 2100 1915 2150 Hyacinthi,

280 2171 433 2208 dieitur:
475 2169 547 2207 XI.
589 2172 681 2206 259.
722 2180 804 2219 sqq.
837 2167 927 2206 XII.
964 2171 1056 2206 156.
1101 2172 1193 2206 208.
1237 2170 1332 2206 245.
1364 2168 1473 2207 XIX.
1508 2171 1600 2207 185.
1663 2169 1711 2208 Et
1742 2169 1916 2220 Hyacin-

281 2239 392 2288 thus,
425 2239 722 2276 coronamentum
754 2236 967 2286 Apollinis,
999 2236 1095 2287 apud
1128 2235 1326 2274 Lucianum
1357 2236 1475 2275 Deor.
1509 2236 1595 2275 dial.
1627 2238 1718 2288 XV,
1753 2242 1789 2275 2.

366 2308 637 2359 Cyparissus.
693 2304 752 2342 De
776 2302 987 2354 Cyparisso
1020 2307 1167 2344 variant
1196 2304 1361 2344 fabulae.
1393 2305 1563 2356 Apollini
1595 2306 1767 2346 dilectum
1798 2307 1916 2345 fuisse

283 2375 444 2415 Ovidius
476 2373 609 2421 tradit,
647 2373 698 2412 X.
736 2376 826 2411 106.
859 2387 942 2426 sqq.
1004 2374 1207 2426 Zephyro,
1248 2374 1407 2413 Nonnns
1438 2374 1488 2413 ΙΙ.
1521 2378 1595 2414 80.
1626 2375 1698 2414 XI.
1738 2378 1833 2415 363.
1866 2377 1914 2414 cf.

282 2445 351 2485 III.
388 2446 479 2482 148.
514 2447 550 2481 9.

365 2513 530 2565 Syrinoe.
573 2510 680 2550 Unde
712 2507 887 2554 Πανιάς
918 2508 1065 2559 σύριγξ
1095 2523 1157 2562 ap.
1188 2511 1358 2550 Nonnum
1400 2512 1488 2551 VII.
1531 2516 1597 2552 49.
1636 2511 1780 2553 XXIII.
1821 2516 1915 2551 212.

283 2583 429 2623 XXIV.
465 2584 530 2618 40.
570 2578 717 2617 XXIX.
763 2581 857 2618 281.
927 2576 1077 2624 Πανὸς
1115 2573 1260 2630 ἑταίρη
1295 2576 1443 2630 σύριγξ
1475 2579 1702 2631 ἡδυέπεια,
1734 2581 1784 2619 X.
1818 2584 1913 2621 389.

285 2651 344 2692 Cr.
376 2650 496 2690 XLII.
525 2652 618 2687 383.
645 2650 683 2686 et
713 2661 784 2700 quo
816 2648 899 2687 loco
918 2648 1180 2700 philosophum
1211 2650 1418 2689 fabularum
1446 2652 1685 2702 interpretem
1705 2651 1788 2699 agit
1806 2650 1916 2689 Non-

286 2735 373 2766 nnS,
408 2718 508 2758 XLI.
541 2717 636 2756 373.
669 2719 717 2755 cl'.
743 2716 916 2756 Achilles
947 2718 1034 2757 Tat.
1062 2718 1170 2758 VIII.
1206 2731 1289 2769 cap.
1323 2724 1360 2757 6.
1422 2719 1577 2772 Longus
1607 2719 1655 2758 II.
1681 2732 1718 2769 p.
1747 2721 1813 2757 65.
1849 2724 1914 2759 69.

373 2791 508 2841 Pitys.
570 2782 719 2829 Πανὸς
741 2807 792 2813 —
814 2785 1115 2822 πιτυστέπτοιο
1143 2786 1375 2836 Crinagoras
1407 2790 1532 2839 epigr.
1557 2787 1645 2826 VII.
1670 2788 1762 2827 Pan
1784 2788 1917 2828 Pinea

286 2860 463 2911 semiferi
494 2857 644 2907 capitis
675 2855 876 2894 velamina
920 2868 1154 2909 quassans:
1217 2856 1368 2896 anret.
1401 2857 1471 2896 IV.
1506 2861 1599 2895 590.
1635 2859 1671 2893 1.
1730 2858 1914 2898 Arc-adio

283 2932 404 2981 pinus
437 2931 572 2965 ancum
605 2924 676 2962 deo
708 2923 882 2973 I’ropert.
915 2924 946 2962 I.
980 2940 1097 2963 xxm.
1130 2929 1195 2963 20.
1229 2926 1291 2963 11111
1325 2927 1373 2967 ef.
1406 2924 1688 2971 Broukfflsius,
1722 2928 1759 2964 et
1783 2926 1916 2965 Niclas

288 2998 331 3035 ad
367 2998 537 3046 (10011011.
570 2992 638 3032 XI.
672 3007 712 3031 X.
775 2992 962 3031 Lucianus
985 2993 1102 3033 Deor.
1128 2994 1214 3033 dial.
1238 2994 1366 3034 XXII.
1397 2998 1433 3033 4.
1493 2993 1650 3033 Nonnus
1680 2993 1733 3034 11.
1762 3000 1828 3034 85.
1848 2999 1913 3035 96.
