<?xml version="1.0" encoding="UTF-8"?>
<!DOCTYPE html PUBLIC "-//W3C//DTD XHTML 1.0 Transitional//EN"
    "http://www.w3.org/TR/xhtml1/DTD/xhtml1-transitional.dtd">
<html xmlns="http://www.w3.org/1999/xhtml" xml:lang="en" lang="en">
 <head>
  <title>
</title>
<meta http-equiv="Content-Type" content="text/html;charset=utf-8" />
  <meta name='ocr-system' content='tesseract 3.04.00' />
  <meta name='ocr-capabilities' content='ocr_page ocr_carea ocr_par ocr_line ocrx_word'/>
</head>
<body>
  <div class='ocr_page' id='page_1' title='image "./carmina00catouoft_0211.png"; bbox 0 0 2006 3365; ppageno 0'>
   <div class='ocr_carea' id='block_1_1' title="bbox 436 188 1692 234">
    <p class='ocr_par' dir='ltr' id='par_1_1' title="bbox 436 188 1692 234">
     <span class='ocr_line' id='line_1_1' title="bbox 436 188 1692 234; baseline 0.006 -6"><span class='ocrx_word' id='word_1_1' title='bbox 436 189 490 228; x_wconf 84' lang='lat' dir='ltr'><strong>IN</strong></span> <span class='ocrx_word' id='word_1_2' title='bbox 522 189 740 230; x_wconf 71' lang='lat' dir='ltr'>VALERH</span> <span class='ocrx_word' id='word_1_3' title='bbox 771 188 1006 230; x_wconf 86' lang='lat' dir='ltr'>CATONIS</span> <span class='ocrx_word' id='word_1_4' title='bbox 1039 190 1311 232; x_wconf 77' lang='lat' dir='ltr'><strong>ECLOGAM.</strong></span> <span class='ocrx_word' id='word_1_5' title='bbox 1594 191 1692 234; x_wconf 84' lang='lat'><strong>189</strong></span> 
     </span>
    </p>
   </div>
   <div class='ocr_carea' id='block_1_2' title="bbox 46 300 1692 2000">
    <p class='ocr_par' dir='ltr' id='par_1_2' title="bbox 61 300 1690 494">
     <span class='ocr_line' id='line_1_2' title="bbox 63 300 1690 355; baseline -0.001 -14"><span class='ocrx_word' id='word_1_6' title='bbox 63 307 101 342; x_wconf 82' lang='lat' dir='ltr'><strong>et</strong></span> <span class='ocrx_word' id='word_1_7' title='bbox 131 315 237 355; x_wconf 85' lang='lat' dir='ltr'><strong>quem</strong></span> <span class='ocrx_word' id='word_1_8' title='bbox 268 307 418 353; x_wconf 80' lang='lat' dir='ltr'><strong>praeter</strong></span> <span class='ocrx_word' id='word_1_9' title='bbox 450 303 546 342; x_wconf 85' lang='lat' dir='ltr'><strong>hunc</strong></span> <span class='ocrx_word' id='word_1_10' title='bbox 574 304 775 343; x_wconf 79' lang='lat' dir='ltr'><strong>Turnebus</strong></span> <span class='ocrx_word' id='word_1_11' title='bbox 807 305 979 345; x_wconf 79' lang='lat' dir='ltr'><strong>Advers.</strong></span> <span class='ocrx_word' id='word_1_12' title='bbox 1023 305 1172 345; x_wconf 80' lang='lat' dir='ltr'><strong>XXIII.</strong></span> <span class='ocrx_word' id='word_1_13' title='bbox 1204 321 1242 344; x_wconf 88' lang='lat' dir='ltr'><strong>v.</strong></span> <span class='ocrx_word' id='word_1_14' title='bbox 1273 303 1421 344; x_wconf 78' lang='lat' dir='ltr'><strong>xxlx.</strong></span> <span class='ocrx_word' id='word_1_15' title='bbox 1454 317 1509 341; x_wconf 89' lang='lat' dir='ltr'><strong>1v.</strong></span> <span class='ocrx_word' id='word_1_16' title='bbox 1540 300 1690 349; x_wconf 85' lang='lat' dir='ltr'><strong>iaudat,</strong></span> 
     </span>
     <span class='ocr_line' id='line_1_3' title="bbox 61 371 1031 425; baseline 0.002 -15"><span class='ocrx_word' id='word_1_17' title='bbox 61 372 283 422; x_wconf 75' lang='lat' dir='ltr'><strong>Propertius</strong></span> <span class='ocrx_word' id='word_1_18' title='bbox 314 371 380 410; x_wconf 91' lang='lat' dir='ltr'><strong>IV.</strong></span> <span class='ocrx_word' id='word_1_19' title='bbox 417 387 472 409; x_wconf 80' lang='lat' dir='ltr'><strong>x1.</strong></span> <span class='ocrx_word' id='word_1_20' title='bbox 507 376 572 411; x_wconf 72' lang='lat'><strong>34.</strong></span> <span class='ocrx_word' id='word_1_21' title='bbox 605 373 650 410; x_wconf 76' lang='lat' dir='ltr'><strong>de</strong></span> <span class='ocrx_word' id='word_1_22' title='bbox 682 386 745 420; x_wconf 85' lang='lat' dir='ltr'><strong>ea,</strong></span> <span class='ocrx_word' id='word_1_23' title='bbox 777 386 871 425; x_wconf 63' lang='lat' dir='ltr'><strong>(fuae</strong></span> <span class='ocrx_word' id='word_1_24' title='bbox 902 374 1031 413; x_wconf 89' lang='lat' dir='ltr'><strong>nubit:</strong></span> 
     </span>
     <span class='ocr_line' id='line_1_4' title="bbox 295 440 1179 494; baseline -0.001 -15"><span class='ocrx_word' id='word_1_25' title='bbox 295 440 429 479; x_wconf 79' lang='lat' dir='ltr'><strong>Vin.rit</strong></span> <span class='ocrx_word' id='word_1_26' title='bbox 459 448 497 479; x_wconf 83' lang='lat' dir='ltr'><strong>et</strong></span> <span class='ocrx_word' id='word_1_27' title='bbox 529 448 721 494; x_wconf 73' lang='lat' dir='ltr'><strong>acceptas</strong></span> <span class='ocrx_word' id='word_1_28' title='bbox 754 442 872 480; x_wconf 84' lang='lat' dir='ltr'><strong>altera</strong></span> <span class='ocrx_word' id='word_1_29' title='bbox 904 442 1001 480; x_wconf 84' lang='lat' dir='ltr'><strong>vitta</strong></span> <span class='ocrx_word' id='word_1_30' title='bbox 1031 455 1179 481; x_wconf 79' lang='lat' dir='ltr'><strong>eomas.</strong></span> 
     </span>
    </p>

    <p class='ocr_par' dir='ltr' id='par_1_3' title="bbox 46 506 1692 2000">
     <span class='ocr_line' id='line_1_5' title="bbox 61 506 1690 561; baseline -0.001 -15"><span class='ocrx_word' id='word_1_31' title='bbox 61 509 123 547; x_wconf 79' lang='lat' dir='ltr'><strong>nbi</strong></span> <span class='ocrx_word' id='word_1_32' title='bbox 155 509 203 546; x_wconf 80' lang='lat' dir='ltr'><strong>ef.</strong></span> <span class='ocrx_word' id='word_1_33' title='bbox 236 507 402 546; x_wconf 78' lang='lat' dir='ltr'><strong>Broukii.</strong></span> <span class='ocrx_word' id='word_1_34' title='bbox 442 509 609 561; x_wconf 80' lang='lat' dir='ltr'><strong>idemque</strong></span> <span class='ocrx_word' id='word_1_35' title='bbox 642 511 677 548; x_wconf 93' lang='lat' dir='ltr'><strong>in</strong></span> <span class='ocrx_word' id='word_1_36' title='bbox 709 510 850 549; x_wconf 85' lang='lat' dir='ltr'><strong>Tibull.</strong></span> <span class='ocrx_word' id='word_1_37' title='bbox 883 509 912 548; x_wconf 93' lang='lat' dir='ltr'><strong>I.</strong></span> <span class='ocrx_word' id='word_1_38' title='bbox 946 525 1016 547; x_wconf 81' lang='lat' dir='ltr'><strong>vu.</strong></span> <span class='ocrx_word' id='word_1_39' title='bbox 1051 511 1115 548; x_wconf 70' lang='lat'><strong>73.</strong></span> <span class='ocrx_word' id='word_1_40' title='bbox 1175 509 1308 560; x_wconf 86' lang='lat' dir='ltr'><strong>Neque</strong></span> <span class='ocrx_word' id='word_1_41' title='bbox 1340 508 1390 546; x_wconf 85' lang='lat' dir='ltr'><strong>illi</strong></span> <span class='ocrx_word' id='word_1_42' title='bbox 1415 506 1585 547; x_wconf 86' lang='lat' dir='ltr'><strong>Putschii</strong></span> <span class='ocrx_word' id='word_1_43' title='bbox 1618 507 1690 546; x_wconf 90' lang='lat' dir='ltr'><strong>loci</strong></span> 
     </span>
     <span class='ocr_line' id='line_1_6' title="bbox 59 576 1692 629; baseline -0.001 -13"><span class='ocrx_word' id='word_1_44' title='bbox 59 578 106 616; x_wconf 85' lang='lat' dir='ltr'><strong>ab</strong></span> <span class='ocrx_word' id='word_1_45' title='bbox 144 590 184 616; x_wconf 87' lang='lat' dir='ltr'><strong>re</strong></span> <span class='ocrx_word' id='word_1_46' title='bbox 215 576 325 615; x_wconf 84' lang='lat' dir='ltr'><strong>alieni</strong></span> <span class='ocrx_word' id='word_1_47' title='bbox 358 581 466 619; x_wconf 81' lang='lat' dir='ltr'><strong>sunt,</strong></span> <span class='ocrx_word' id='word_1_48' title='bbox 511 579 571 629; x_wconf 90' lang='lat' dir='ltr'><strong>qni</strong></span> <span class='ocrx_word' id='word_1_49' title='bbox 612 579 658 617; x_wconf 88' lang='lat' dir='ltr'><strong>de</strong></span> <span class='ocrx_word' id='word_1_50' title='bbox 702 580 795 617; x_wconf 78' lang='lat' dir='ltr'><strong>vitta</strong></span> <span class='ocrx_word' id='word_1_51' title='bbox 827 578 1035 628; x_wconf 83' lang='lat' dir='ltr'><strong>accipiendi</strong></span> <span class='ocrx_word' id='word_1_52' title='bbox 1066 577 1283 615; x_wconf 77' lang='lat' dir='ltr'>matronali:</span> <span class='ocrx_word' id='word_1_53' title='bbox 1321 588 1400 613; x_wconf 88' lang='lat' dir='ltr'><strong>nam</strong></span> <span class='ocrx_word' id='word_1_54' title='bbox 1439 577 1474 614; x_wconf 92' lang='lat' dir='ltr'><strong>in</strong></span> <span class='ocrx_word' id='word_1_55' title='bbox 1513 577 1692 615; x_wconf 87' lang='lat' dir='ltr'><strong>matronis</strong></span> 
     </span>
     <span class='ocr_line' id='line_1_7' title="bbox 60 644 1688 698; baseline 0 -14"><span class='ocrx_word' id='word_1_56' title='bbox 60 658 207 698; x_wconf 84' lang='lat' dir='ltr'><strong>quoqne</strong></span> <span class='ocrx_word' id='word_1_57' title='bbox 241 647 356 688; x_wconf 77' lang='lat' dir='ltr'><strong>vitta,</strong></span> <span class='ocrx_word' id='word_1_58' title='bbox 391 650 426 683; x_wconf 87' lang='lat' dir='ltr'><strong>nt</strong></span> <span class='ocrx_word' id='word_1_59' title='bbox 459 647 492 684; x_wconf 91' lang='lat' dir='ltr'><strong>in</strong></span> <span class='ocrx_word' id='word_1_60' title='bbox 527 647 765 695; x_wconf 73' lang='lat' dir='ltr'><strong>virginibus,</strong></span> <span class='ocrx_word' id='word_1_61' title='bbox 798 648 976 696; x_wconf 71' lang='lat' dir='ltr'><strong>insiyne,</strong></span> <span class='ocrx_word' id='word_1_62' title='bbox 1010 651 1048 684; x_wconf 90' lang='lat' dir='ltr'><strong>ut</strong></span> <span class='ocrx_word' id='word_1_63' title='bbox 1079 645 1208 684; x_wconf 89' lang='lat' dir='ltr'><strong>Ovidii</strong></span> <span class='ocrx_word' id='word_1_64' title='bbox 1242 645 1291 683; x_wconf 84' lang='lat' dir='ltr'><strong>A.</strong></span> <span class='ocrx_word' id='word_1_65' title='bbox 1324 644 1374 682; x_wconf 79' lang='lat' dir='ltr'><strong>A.</strong></span> <span class='ocrx_word' id='word_1_66' title='bbox 1408 644 1436 682; x_wconf 91' lang='grc' dir='ltr'><strong>Ι.</strong></span> <span class='ocrx_word' id='word_1_67' title='bbox 1471 649 1537 682; x_wconf 88' lang='grc'><strong>31.</strong></span> <span class='ocrx_word' id='word_1_68' title='bbox 1569 645 1688 684; x_wconf 87' lang='lat' dir='ltr'><strong>Trist.</strong></span> 
     </span>
     <span class='ocr_line' id='line_1_8' title="bbox 60 711 1691 766; baseline 0 -14"><span class='ocrx_word' id='word_1_69' title='bbox 60 715 107 752; x_wconf 88' lang='grc' dir='ltr'><strong>ΙΙ.</strong></span> <span class='ocrx_word' id='word_1_70' title='bbox 140 715 234 753; x_wconf 74' lang='grc'><strong>247.</strong></span> <span class='ocrx_word' id='word_1_71' title='bbox 269 715 398 751; x_wconf 70' lang='lat' dir='ltr'><strong>verbis</strong></span> <span class='ocrx_word' id='word_1_72' title='bbox 432 719 534 760; x_wconf 80' lang='lat' dir='ltr'><strong>utar,</strong></span> <span class='ocrx_word' id='word_1_73' title='bbox 564 716 734 766; x_wconf 74' lang='lat' dir='ltr'><strong>pudoris</strong></span> <span class='ocrx_word' id='word_1_74' title='bbox 768 716 848 752; x_wconf 81' lang='lat' dir='ltr'><strong>snit.</strong></span> <span class='ocrx_word' id='word_1_75' title='bbox 909 714 1039 766; x_wconf 81' lang='lat' dir='ltr'><strong>ltaque</strong></span> <span class='ocrx_word' id='word_1_76' title='bbox 1080 713 1178 751; x_wconf 83' lang='lat' dir='ltr'><strong>nulia</strong></span> <span class='ocrx_word' id='word_1_77' title='bbox 1219 714 1315 751; x_wconf 80' lang='lat' dir='ltr'><strong>inest</strong></span> <span class='ocrx_word' id='word_1_78' title='bbox 1348 713 1383 751; x_wconf 89' lang='lat' dir='ltr'><strong>in</strong></span> <span class='ocrx_word' id='word_1_79' title='bbox 1416 711 1576 752; x_wconf 88' lang='lat' dir='ltr'><strong>Catonis</strong></span> <span class='ocrx_word' id='word_1_80' title='bbox 1607 713 1691 752; x_wconf 86' lang='lat' dir='ltr'><strong>ioco</strong></span> 
     </span>
     <span class='ocr_line' id='line_1_9' title="bbox 57 781 1691 833; baseline -0.001 -13"><span class='ocrx_word' id='word_1_81' title='bbox 57 784 110 821; x_wconf 74' lang='lat' dir='ltr'><strong>rei</strong></span> <span class='ocrx_word' id='word_1_82' title='bbox 138 783 336 820; x_wconf 67' lang='lat' dir='ltr'><strong>Veni-reae</strong></span> <span class='ocrx_word' id='word_1_83' title='bbox 361 782 513 821; x_wconf 81' lang='lat' dir='ltr'><strong>liberior</strong></span> <span class='ocrx_word' id='word_1_84' title='bbox 537 784 787 831; x_wconf 76' lang='lat' dir='ltr'><strong>significatio,</strong></span> <span class='ocrx_word' id='word_1_85' title='bbox 817 783 1061 821; x_wconf 74' lang='lat' dir='ltr'><strong>obscoenitas</strong></span> <span class='ocrx_word' id='word_1_86' title='bbox 1095 781 1207 820; x_wconf 80' lang='lat' dir='ltr'><strong>nulia.</strong></span> <span class='ocrx_word' id='word_1_87' title='bbox 1267 781 1401 833; x_wconf 82' lang='lat' dir='ltr'><strong>Neque</strong></span> <span class='ocrx_word' id='word_1_88' title='bbox 1432 781 1627 829; x_wconf 88' lang='lat' dir='ltr'><strong>morabor,</strong></span> <span class='ocrx_word' id='word_1_89' title='bbox 1659 782 1691 820; x_wconf 89' lang='lat' dir='ltr'><strong>si</strong></span> 
     </span>
     <span class='ocr_line' id='line_1_10' title="bbox 57 849 1692 903; baseline -0.001 -13"><span class='ocrx_word' id='word_1_90' title='bbox 57 853 140 903; x_wconf 75' lang='lat' dir='ltr'><strong>quis</strong></span> <span class='ocrx_word' id='word_1_91' title='bbox 173 854 293 896; x_wconf 81' lang='lat' dir='ltr'><strong>sorte,</strong></span> <span class='ocrx_word' id='word_1_92' title='bbox 327 865 434 903; x_wconf 90' lang='lat' dir='ltr'><strong>quum</strong></span> <span class='ocrx_word' id='word_1_93' title='bbox 466 856 604 891; x_wconf 79' lang='lat' dir='ltr'><strong>vittam</strong></span> <span class='ocrx_word' id='word_1_94' title='bbox 637 851 772 902; x_wconf 76' lang='lat' dir='ltr'><strong>puellis</strong></span> <span class='ocrx_word' id='word_1_95' title='bbox 803 852 990 901; x_wconf 77' lang='lat' dir='ltr'><strong>propriam</strong></span> <span class='ocrx_word' id='word_1_96' title='bbox 1022 852 1197 899; x_wconf 80' lang='lat' dir='ltr'><strong>ingenuis</strong></span> <span class='ocrx_word' id='word_1_97' title='bbox 1229 851 1346 888; x_wconf 77' lang='lat' dir='ltr'><strong>fuisse</strong></span> <span class='ocrx_word' id='word_1_98' title='bbox 1377 850 1526 898; x_wconf 82' lang='lat' dir='ltr'><strong>dicunt,</strong></span> <span class='ocrx_word' id='word_1_99' title='bbox 1569 849 1692 900; x_wconf 74' lang='lat' dir='ltr'><strong>Lydi-</strong></span> 
     </span>
     <span class='ocr_line' id='line_1_11' title="bbox 55 918 1692 968; baseline -0.001 -10"><span class='ocrx_word' id='word_1_100' title='bbox 55 933 110 958; x_wconf 83' lang='lat' dir='ltr'><strong>am</strong></span> <span class='ocrx_word' id='word_1_101' title='bbox 153 932 223 958; x_wconf 88' lang='lat' dir='ltr'><strong>nnn</strong></span> <span class='ocrx_word' id='word_1_102' title='bbox 266 921 382 958; x_wconf 77' lang='lat' dir='ltr'><strong>fuisse</strong></span> <span class='ocrx_word' id='word_1_103' title='bbox 423 921 621 968; x_wconf 81' lang='lat' dir='ltr'><strong>ingenuam</strong></span> <span class='ocrx_word' id='word_1_104' title='bbox 663 920 858 958; x_wconf 82' lang='lat' dir='ltr'><strong>obiecerit.</strong></span> <span class='ocrx_word' id='word_1_105' title='bbox 919 919 1051 959; x_wconf 82' lang='lat' dir='ltr'><strong>Oratio</strong></span> <span class='ocrx_word' id='word_1_106' title='bbox 1092 918 1250 958; x_wconf 84' lang='lat' dir='ltr'><strong>Catonis</strong></span> <span class='ocrx_word' id='word_1_107' title='bbox 1294 922 1373 957; x_wconf 90' lang='lat' dir='ltr'><strong>tota</strong></span> <span class='ocrx_word' id='word_1_108' title='bbox 1415 918 1578 966; x_wconf 81' lang='lat' dir='ltr'><strong>figurata</strong></span> <span class='ocrx_word' id='word_1_109' title='bbox 1609 921 1692 966; x_wconf 84' lang='lat' dir='ltr'><strong>est,</strong></span> 
     </span>
     <span class='ocr_line' id='line_1_12' title="bbox 57 986 1692 1039; baseline -0.001 -12"><span class='ocrx_word' id='word_1_110' title='bbox 57 994 95 1027; x_wconf 90' lang='lat' dir='ltr'><strong>nt</strong></span> <span class='ocrx_word' id='word_1_111' title='bbox 126 990 288 1027; x_wconf 80' lang='lat' dir='ltr'><strong>eamdem</strong></span> <span class='ocrx_word' id='word_1_112' title='bbox 328 1002 424 1036; x_wconf 83' lang='lat' dir='ltr'><strong>rem,</strong></span> <span class='ocrx_word' id='word_1_113' title='bbox 469 989 534 1026; x_wconf 80' lang='lat' dir='ltr'><strong>sed</strong></span> <span class='ocrx_word' id='word_1_114' title='bbox 574 990 694 1035; x_wconf 64' lang='lat' dir='ltr'><strong>magis</strong></span> <span class='ocrx_word' id='word_1_115' title='bbox 736 992 888 1033; x_wconf 77' lang='lat' dir='ltr'><strong>ornate,</strong></span> <span class='ocrx_word' id='word_1_116' title='bbox 933 989 990 1026; x_wconf 84' lang='lat' dir='ltr'><strong>hic</strong></span> <span class='ocrx_word' id='word_1_117' title='bbox 1030 1000 1165 1026; x_wconf 80' lang='lat' dir='ltr'><strong>versus</strong></span> <span class='ocrx_word' id='word_1_118' title='bbox 1197 989 1318 1033; x_wconf 82' lang='lat' dir='ltr'><strong>dicat,</strong></span> <span class='ocrx_word' id='word_1_119' title='bbox 1361 999 1456 1039; x_wconf 91' lang='lat' dir='ltr'><strong>quae</strong></span> <span class='ocrx_word' id='word_1_120' title='bbox 1500 986 1600 1025; x_wconf 87' lang='lat' dir='ltr'><strong>dicta</strong></span> <span class='ocrx_word' id='word_1_121' title='bbox 1632 991 1692 1026; x_wconf 80' lang='lat' dir='ltr'><strong>est</strong></span> 
     </span>
     <span class='ocr_line' id='line_1_13' title="bbox 55 1055 1691 1108; baseline -0.006 -13"><span class='ocrx_word' id='word_1_122' title='bbox 55 1057 318 1108; x_wconf 77' lang='lat' dir='ltr'><strong>praecedente.</strong></span> <span class='ocrx_word' id='word_1_123' title='bbox 378 1057 455 1095; x_wconf 72' lang='lat' dir='ltr'><strong>&#39;rot</strong></span> <span class='ocrx_word' id='word_1_124' title='bbox 483 1058 611 1095; x_wconf 72' lang='lat' dir='ltr'><strong>verbis</strong></span> <span class='ocrx_word' id='word_1_125' title='bbox 638 1071 734 1107; x_wconf 83' lang='lat' dir='ltr'><strong>opus</strong></span> <span class='ocrx_word' id='word_1_126' title='bbox 759 1058 848 1106; x_wconf 84' lang='lat' dir='ltr'><strong>fnit,</strong></span> <span class='ocrx_word' id='word_1_127' title='bbox 877 1061 914 1095; x_wconf 89' lang='lat' dir='ltr'><strong>ut</strong></span> <span class='ocrx_word' id='word_1_128' title='bbox 946 1057 1222 1103; x_wconf 80' lang='lat' dir='ltr'><strong>declararetur,</strong></span> <span class='ocrx_word' id='word_1_129' title='bbox 1246 1055 1341 1107; x_wconf 91' lang='lat' dir='ltr'><strong>quod</strong></span> <span class='ocrx_word' id='word_1_130' title='bbox 1369 1056 1566 1093; x_wconf 84' lang='lat' dir='ltr'><strong>verissime</strong></span> <span class='ocrx_word' id='word_1_131' title='bbox 1591 1055 1691 1094; x_wconf 66' lang='lat' dir='ltr'><strong>Sca,</strong></span> 
     </span>
     <span class='ocr_line' id='line_1_14' title="bbox 55 1123 1688 1178; baseline -0.002 -15"><span class='ocrx_word' id='word_1_132' title='bbox 55 1125 154 1172; x_wconf 65' lang='lat' dir='ltr'><strong>liger</strong></span> <span class='ocrx_word' id='word_1_133' title='bbox 185 1131 308 1164; x_wconf 85' lang='lat' dir='ltr'><strong>monet</strong></span> <span class='ocrx_word' id='word_1_134' title='bbox 340 1138 431 1163; x_wconf 87' lang='lat' dir='ltr'><strong>uno:</strong></span> <span class='ocrx_word' id='word_1_135' title='bbox 468 1127 657 1178; x_wconf 79' lang='lat' dir='ltr'><strong>pudorem</strong></span> <span class='ocrx_word' id='word_1_136' title='bbox 688 1126 889 1177; x_wconf 70' lang='lat' dir='ltr'><strong>intelliyit.</strong></span> <span class='ocrx_word' id='word_1_137' title='bbox 924 1127 1051 1174; x_wconf 79' lang='lat' dir='ltr'><strong>Libri,</strong></span> <span class='ocrx_word' id='word_1_138' title='bbox 1092 1126 1227 1164; x_wconf 81' lang='lat' dir='ltr'><strong>Petav.</strong></span> <span class='ocrx_word' id='word_1_139' title='bbox 1264 1125 1412 1163; x_wconf 82' lang='lat' dir='ltr'><strong>Timan.</strong></span> <span class='ocrx_word' id='word_1_140' title='bbox 1444 1124 1550 1163; x_wconf 78' lang='lat' dir='ltr'><strong>Med.</strong></span> <span class='ocrx_word' id='word_1_141' title='bbox 1582 1123 1688 1162; x_wconf 82' lang='lat' dir='ltr'><strong>Leid.</strong></span> 
     </span>
     <span class='ocr_line' id='line_1_15' title="bbox 55 1191 1688 1246; baseline 0 -14"><span class='ocrx_word' id='word_1_142' title='bbox 55 1195 208 1246; x_wconf 76' lang='lat' dir='ltr'><strong>reliqui,</strong></span> <span class='ocrx_word' id='word_1_143' title='bbox 248 1196 356 1232; x_wconf 76' lang='lat' dir='ltr'><strong>etiam</strong></span> <span class='ocrx_word' id='word_1_144' title='bbox 389 1195 500 1237; x_wconf 73' lang='lat' dir='ltr'><strong>editi.</strong></span> <span class='ocrx_word' id='word_1_145' title='bbox 542 1198 693 1245; x_wconf 83' lang='lat' dir='ltr'><strong>praeter</strong></span> <span class='ocrx_word' id='word_1_146' title='bbox 723 1208 789 1232; x_wconf 77' lang='lat' dir='ltr'><strong>eos</strong></span> <span class='ocrx_word' id='word_1_147' title='bbox 821 1208 915 1246; x_wconf 87' lang='lat' dir='ltr'><strong>qnos</strong></span> <span class='ocrx_word' id='word_1_148' title='bbox 948 1195 1045 1243; x_wconf 84' lang='lat' dir='ltr'><strong>dixi,</strong></span> <span class='ocrx_word' id='word_1_149' title='bbox 1086 1207 1215 1232; x_wconf 88' lang='lat' dir='ltr'><strong>omnes</strong></span> <span class='ocrx_word' id='word_1_150' title='bbox 1245 1196 1369 1233; x_wconf 70' lang='lat' dir='ltr'><strong>vitam</strong></span> <span class='ocrx_word' id='word_1_151' title='bbox 1399 1191 1551 1232; x_wconf 78' lang='lat' dir='ltr'><strong>habent.</strong></span> <span class='ocrx_word' id='word_1_152' title='bbox 1589 1199 1688 1232; x_wconf 86' lang='lat' dir='ltr'><strong>tem-</strong></span> 
     </span>
     <span class='ocr_line' id='line_1_16' title="bbox 51 1261 1688 1316; baseline -0.001 -15"><span class='ocrx_word' id='word_1_153' title='bbox 51 1269 170 1316; x_wconf 81' lang='lat' dir='ltr'><strong>ptare</strong></span> <span class='ocrx_word' id='word_1_154' title='bbox 208 1263 354 1302; x_wconf 81' lang='lat' dir='ltr'><strong>Thoan.</strong></span> <span class='ocrx_word' id='word_1_155' title='bbox 390 1263 509 1302; x_wconf 86' lang='lat' dir='ltr'><strong>Paris.</strong></span> <span class='ocrx_word' id='word_1_156' title='bbox 542 1262 590 1301; x_wconf 88' lang='lat' dir='ltr'><strong>ll.</strong></span> <span class='ocrx_word' id='word_1_157' title='bbox 627 1266 794 1312; x_wconf 73' lang='lat' dir='ltr'><strong>August.</strong></span> <span class='ocrx_word' id='word_1_158' title='bbox 836 1264 987 1302; x_wconf 80' lang='lat' dir='ltr'><strong>Monac.</strong></span> <span class='ocrx_word' id='word_1_159' title='bbox 1021 1263 1049 1302; x_wconf 91' lang='grc'><strong>1.</strong></span> <span class='ocrx_word' id='word_1_160' title='bbox 1082 1262 1131 1301; x_wconf 86' lang='lat' dir='ltr'><strong>ll.</strong></span> <span class='ocrx_word' id='word_1_161' title='bbox 1165 1261 1324 1301; x_wconf 84' lang='lat' dir='ltr'><strong>Vratisl.</strong></span> <span class='ocrx_word' id='word_1_162' title='bbox 1356 1261 1386 1300; x_wconf 92' lang='grc' dir='ltr'><strong>Ι.</strong></span> <span class='ocrx_word' id='word_1_163' title='bbox 1419 1265 1456 1301; x_wconf 85' lang='lat' dir='ltr'><strong>et</strong></span> <span class='ocrx_word' id='word_1_164' title='bbox 1496 1262 1688 1301; x_wconf 79' lang='lat' dir='ltr'><strong>Romanae</strong></span> 
     </span>
     <span class='ocr_line' id='line_1_17' title="bbox 53 1329 1686 1371; baseline -0.001 -2"><span class='ocrx_word' id='word_1_165' title='bbox 53 1332 147 1369; x_wconf 83' lang='lat' dir='ltr'><strong>dnae</strong></span> <span class='ocrx_word' id='word_1_166' title='bbox 175 1343 253 1369; x_wconf 85' lang='lat' dir='ltr'><strong>eum</strong></span> <span class='ocrx_word' id='word_1_167' title='bbox 283 1332 364 1370; x_wconf 87' lang='lat' dir='ltr'><strong>cod.</strong></span> <span class='ocrx_word' id='word_1_168' title='bbox 396 1332 483 1369; x_wconf 79' lang='lat' dir='ltr'><strong>Bas.</strong></span> <span class='ocrx_word' id='word_1_169' title='bbox 512 1338 550 1370; x_wconf 86' lang='lat' dir='ltr'><strong>et</strong></span> <span class='ocrx_word' id='word_1_170' title='bbox 577 1332 733 1370; x_wconf 82' lang='lat' dir='ltr'><strong>Vratisi.</strong></span> <span class='ocrx_word' id='word_1_171' title='bbox 766 1332 815 1370; x_wconf 85' lang='lat'><strong>11.</strong></span> <span class='ocrx_word' id='word_1_172' title='bbox 842 1333 989 1371; x_wconf 82' lang='lat' dir='ltr'><strong>Veneta</strong></span> <span class='ocrx_word' id='word_1_173' title='bbox 1018 1331 1157 1370; x_wconf 81' lang='lat' dir='ltr'><strong>Achat.</strong></span> <span class='ocrx_word' id='word_1_174' title='bbox 1183 1332 1320 1370; x_wconf 87' lang='lat' dir='ltr'><strong>Mutin.</strong></span> <span class='ocrx_word' id='word_1_175' title='bbox 1382 1332 1435 1370; x_wconf 90' lang='lat' dir='ltr'><strong>At</strong></span> <span class='ocrx_word' id='word_1_176' title='bbox 1465 1331 1501 1368; x_wconf 92' lang='lat' dir='ltr'><strong>in</strong></span> <span class='ocrx_word' id='word_1_177' title='bbox 1526 1329 1686 1369; x_wconf 86' lang='lat' dir='ltr'><strong>Vratisl.</strong></span> 
     </span>
     <span class='ocr_line' id='line_1_18' title="bbox 54 1398 1685 1453; baseline -0.001 -15"><span class='ocrx_word' id='word_1_178' title='bbox 54 1400 82 1438; x_wconf 91' lang='lat' dir='ltr'><strong>l.</strong></span> <span class='ocrx_word' id='word_1_179' title='bbox 115 1404 153 1439; x_wconf 86' lang='lat' dir='ltr'><strong>et</strong></span> <span class='ocrx_word' id='word_1_180' title='bbox 190 1401 340 1439; x_wconf 84' lang='lat' dir='ltr'><strong>Monac.</strong></span> <span class='ocrx_word' id='word_1_181' title='bbox 374 1400 403 1438; x_wconf 87' lang='lat' dir='ltr'><strong>l.</strong></span> <span class='ocrx_word' id='word_1_182' title='bbox 438 1402 487 1439; x_wconf 80' lang='lat' dir='ltr'><strong>ita</strong></span> <span class='ocrx_word' id='word_1_183' title='bbox 518 1402 718 1451; x_wconf 81' lang='lat' dir='ltr'><strong>scriptum:</strong></span> <span class='ocrx_word' id='word_1_184' title='bbox 754 1404 875 1440; x_wconf 76' lang='lat' dir='ltr'><strong>uitam</strong></span> <span class='ocrx_word' id='word_1_185' title='bbox 912 1407 1105 1453; x_wconf 78' lang='lat' dir='ltr'><strong>temptare</strong></span> <span class='ocrx_word' id='word_1_186' title='bbox 1131 1401 1321 1453; x_wconf 79' lang='lat' dir='ltr'><strong>puellam.</strong></span> <span class='ocrx_word' id='word_1_187' title='bbox 1382 1401 1418 1438; x_wconf 89' lang='lat' dir='ltr'><strong>in</strong></span> <span class='ocrx_word' id='word_1_188' title='bbox 1449 1399 1602 1438; x_wconf 85' lang='lat' dir='ltr'><strong>Monac.</strong></span> <span class='ocrx_word' id='word_1_189' title='bbox 1634 1398 1685 1437; x_wconf 86' lang='lat' dir='ltr'><strong>ll.</strong></span> 
     </span>
     <span class='ocr_line' id='line_1_19' title="bbox 53 1467 1684 1522; baseline -0.001 -15"><span class='ocrx_word' id='word_1_190' title='bbox 53 1471 134 1507; x_wconf 81' lang='lat' dir='ltr'><strong>m&#39;le</strong></span> <span class='ocrx_word' id='word_1_191' title='bbox 162 1476 353 1522; x_wconf 77' lang='lat' dir='ltr'><strong>temptare</strong></span> <span class='ocrx_word' id='word_1_192' title='bbox 380 1470 578 1522; x_wconf 76' lang='lat' dir='ltr'><strong>puellam,</strong></span> <span class='ocrx_word' id='word_1_193' title='bbox 612 1474 649 1508; x_wconf 80' lang='lat' dir='ltr'><strong>et</strong></span> <span class='ocrx_word' id='word_1_194' title='bbox 676 1471 850 1522; x_wconf 76' lang='lat' dir='ltr'><strong>puellam</strong></span> <span class='ocrx_word' id='word_1_195' title='bbox 882 1471 1049 1520; x_wconf 87' lang='lat' dir='ltr'><strong>primitus</strong></span> <span class='ocrx_word' id='word_1_196' title='bbox 1081 1470 1167 1519; x_wconf 81' lang='lat' dir='ltr'><strong>fuit,</strong></span> <span class='ocrx_word' id='word_1_197' title='bbox 1207 1470 1239 1506; x_wconf 85' lang='lat' dir='ltr'><strong>si</strong></span> <span class='ocrx_word' id='word_1_198' title='bbox 1272 1472 1374 1507; x_wconf 80' lang='lat' dir='ltr'><strong>recte</strong></span> <span class='ocrx_word' id='word_1_199' title='bbox 1403 1468 1602 1507; x_wconf 75' lang='lat' dir='ltr'><strong>annotavit</strong></span> <span class='ocrx_word' id='word_1_200' title='bbox 1632 1467 1684 1506; x_wconf 85' lang='lat' dir='ltr'><strong>ls.</strong></span> 
     </span>
     <span class='ocr_line' id='line_1_20' title="bbox 52 1535 1685 1587; baseline -0.002 -10"><span class='ocrx_word' id='word_1_201' title='bbox 52 1538 238 1586; x_wconf 77' lang='lat' dir='ltr'><strong>vossius,</strong></span> <span class='ocrx_word' id='word_1_202' title='bbox 279 1539 312 1576; x_wconf 91' lang='lat' dir='ltr'><strong>in</strong></span> <span class='ocrx_word' id='word_1_203' title='bbox 346 1538 550 1586; x_wconf 76' lang='lat' dir='ltr'><strong>&#39;fiiuaneo,</strong></span> <span class='ocrx_word' id='word_1_204' title='bbox 591 1538 657 1576; x_wconf 82' lang='lat' dir='ltr'><strong>sed</strong></span> <span class='ocrx_word' id='word_1_205' title='bbox 696 1540 820 1577; x_wconf 85' lang='lat' dir='ltr'><strong>statim</strong></span> <span class='ocrx_word' id='word_1_206' title='bbox 860 1542 1079 1577; x_wconf 74' lang='lat' dir='ltr'><strong>correctum.</strong></span> <span class='ocrx_word' id='word_1_207' title='bbox 1112 1537 1152 1576; x_wconf 91' lang='lat' dir='ltr'><strong>ln</strong></span> <span class='ocrx_word' id='word_1_208' title='bbox 1185 1537 1358 1575; x_wconf 84' lang='lat' dir='ltr'><strong>Parisino</strong></span> <span class='ocrx_word' id='word_1_209' title='bbox 1391 1536 1460 1575; x_wconf 94' lang='lat' dir='ltr'><strong>lV.</strong></span> <span class='ocrx_word' id='word_1_210' title='bbox 1492 1549 1581 1587; x_wconf 86' lang='lat' dir='ltr'><strong>pars</strong></span> <span class='ocrx_word' id='word_1_211' title='bbox 1612 1535 1685 1574; x_wconf 87' lang='lat' dir='ltr'><strong>hu-</strong></span> 
     </span>
     <span class='ocr_line' id='line_1_21' title="bbox 50 1604 1683 1661; baseline -0.001 -17"><span class='ocrx_word' id='word_1_212' title='bbox 50 1607 108 1645; x_wconf 87' lang='lat' dir='ltr'><strong>ius</strong></span> <span class='ocrx_word' id='word_1_213' title='bbox 147 1619 284 1644; x_wconf 76' lang='lat' dir='ltr'><strong>versus</strong></span> <span class='ocrx_word' id='word_1_214' title='bbox 322 1608 537 1657; x_wconf 77' lang='lat' dir='ltr'><strong>posterior,</strong></span> <span class='ocrx_word' id='word_1_215' title='bbox 577 1610 701 1645; x_wconf 78' lang='lat' dir='ltr'><strong>vitam</strong></span> <span class='ocrx_word' id='word_1_216' title='bbox 741 1614 769 1645; x_wconf 83' lang='lat' dir='ltr'><strong>t.</strong></span> <span class='ocrx_word' id='word_1_217' title='bbox 807 1621 849 1661; x_wconf 81' lang='lat' dir='ltr'><strong>p.</strong></span> <span class='ocrx_word' id='word_1_218' title='bbox 882 1619 961 1645; x_wconf 80' lang='lat' dir='ltr'><strong>cum</strong></span> <span class='ocrx_word' id='word_1_219' title='bbox 994 1604 1230 1645; x_wconf 79' lang='lat' dir='ltr'><strong>hemistiehio</strong></span> <span class='ocrx_word' id='word_1_220' title='bbox 1263 1618 1400 1644; x_wconf 83' lang='lat' dir='ltr'><strong>versus</strong></span> <span class='ocrx_word' id='word_1_221' title='bbox 1431 1617 1513 1657; x_wconf 84' lang='lat' dir='ltr'><strong>seq.</strong></span> <span class='ocrx_word' id='word_1_222' title='bbox 1547 1605 1683 1656; x_wconf 86' lang='lat' dir='ltr'><strong>priori,</strong></span> 
     </span>
     <span class='ocr_line' id='line_1_22' title="bbox 50 1673 1684 1725; baseline -0.001 -11"><span class='ocrx_word' id='word_1_223' title='bbox 50 1676 264 1714; x_wconf 72' lang='lat' dir='ltr'><strong>Immotum</strong></span> <span class='ocrx_word' id='word_1_224' title='bbox 295 1689 421 1723; x_wconf 79' lang='lat' dir='ltr'><strong>meae,</strong></span> <span class='ocrx_word' id='word_1_225' title='bbox 454 1676 608 1714; x_wconf 67' lang='lat' dir='ltr'><strong>exemit.</strong></span> <span class='ocrx_word' id='word_1_226' title='bbox 658 1675 803 1715; x_wconf 76' lang='lat' dir='ltr'><strong>Fei&#39;ellit</strong></span> <span class='ocrx_word' id='word_1_227' title='bbox 836 1675 1025 1714; x_wconf 86' lang='lat' dir='ltr'><strong>librarium</strong></span> <span class='ocrx_word' id='word_1_228' title='bbox 1050 1675 1177 1713; x_wconf 84' lang='lat' dir='ltr'><strong>eodem</strong></span> <span class='ocrx_word' id='word_1_229' title='bbox 1210 1675 1245 1712; x_wconf 91' lang='lat' dir='ltr'><strong>in</strong></span> <span class='ocrx_word' id='word_1_230' title='bbox 1271 1678 1428 1725; x_wconf 85' lang='lat' dir='ltr'><strong>utroque</strong></span> <span class='ocrx_word' id='word_1_231' title='bbox 1453 1686 1568 1712; x_wconf 90' lang='lat' dir='ltr'><strong>versu</strong></span> <span class='ocrx_word' id='word_1_232' title='bbox 1600 1673 1684 1712; x_wconf 85' lang='lat' dir='ltr'><strong>loco</strong></span> 
     </span>
     <span class='ocr_line' id='line_1_23' title="bbox 50 1742 1686 1794; baseline 0.001 -13"><span class='ocrx_word' id='word_1_233' title='bbox 50 1745 209 1794; x_wconf 85' lang='lat' dir='ltr'><strong>positum</strong></span> <span class='ocrx_word' id='word_1_234' title='bbox 248 1758 370 1784; x_wconf 79' lang='lat' dir='ltr'><strong>meae.</strong></span> <span class='ocrx_word' id='word_1_235' title='bbox 429 1747 569 1784; x_wconf 70' lang='lat' dir='ltr'><strong>vittam</strong></span> <span class='ocrx_word' id='word_1_236' title='bbox 610 1752 800 1784; x_wconf 81' lang='lat' dir='ltr'><strong>temerare</strong></span> <span class='ocrx_word' id='word_1_237' title='bbox 838 1743 1066 1783; x_wconf 88' lang='lat' dir='ltr'><strong>Rroukhusii</strong></span> <span class='ocrx_word' id='word_1_238' title='bbox 1106 1744 1150 1781; x_wconf 85' lang='lat' dir='ltr'><strong>ad</strong></span> <span class='ocrx_word' id='word_1_239' title='bbox 1188 1742 1330 1782; x_wconf 75' lang='lat' dir='ltr'><strong>Tihun.</strong></span> <span class='ocrx_word' id='word_1_240' title='bbox 1364 1742 1394 1781; x_wconf 92' lang='grc' dir='ltr'><strong>Ι.</strong></span> <span class='ocrx_word' id='word_1_241' title='bbox 1427 1758 1495 1781; x_wconf 91' lang='lat' dir='ltr'><strong>v11.</strong></span> <span class='ocrx_word' id='word_1_242' title='bbox 1538 1747 1605 1782; x_wconf 75' lang='lat'><strong>73.</strong></span> <span class='ocrx_word' id='word_1_243' title='bbox 1647 1746 1686 1782; x_wconf 80' lang='lat' dir='ltr'><strong>et</strong></span> 
     </span>
     <span class='ocr_line' id='line_1_24' title="bbox 46 1812 1684 1864; baseline -0.001 -13"><span class='ocrx_word' id='word_1_244' title='bbox 46 1813 221 1864; x_wconf 82' lang='lat' dir='ltr'><strong>Propert.</strong></span> <span class='ocrx_word' id='word_1_245' title='bbox 263 1812 332 1852; x_wconf 90' lang='lat' dir='ltr'><strong>IV.</strong></span> <span class='ocrx_word' id='word_1_246' title='bbox 378 1829 432 1852; x_wconf 82' lang='lat' dir='ltr'><strong>x1.</strong></span> <span class='ocrx_word' id='word_1_247' title='bbox 477 1816 543 1852; x_wconf 78' lang='lat'><strong>34.</strong></span> <span class='ocrx_word' id='word_1_248' title='bbox 585 1815 835 1852; x_wconf 79' lang='lat' dir='ltr'><strong>coniecturam</strong></span> <span class='ocrx_word' id='word_1_249' title='bbox 877 1812 1148 1864; x_wconf 83' lang='lat' dir='ltr'><strong>comprobabat</strong></span> <span class='ocrx_word' id='word_1_250' title='bbox 1179 1813 1427 1851; x_wconf 85' lang='lat' dir='ltr'><strong>Burmannus.</strong></span> <span class='ocrx_word' id='word_1_251' title='bbox 1487 1812 1543 1851; x_wconf 83' lang='lat' dir='ltr'><strong>At</strong></span> <span class='ocrx_word' id='word_1_252' title='bbox 1575 1812 1684 1856; x_wconf 83' lang='lat' dir='ltr'><strong>vide,</strong></span> 
     </span>
     <span class='ocr_line' id='line_1_25' title="bbox 47 1882 1685 1934; baseline 0 -15"><span class='ocrx_word' id='word_1_253' title='bbox 47 1886 218 1933; x_wconf 70' lang='lat' dir='ltr'><strong>quiantnm</strong></span> <span class='ocrx_word' id='word_1_254' title='bbox 250 1884 346 1921; x_wconf 90' lang='lat' dir='ltr'><strong>inter</strong></span> <span class='ocrx_word' id='word_1_255' title='bbox 378 1882 508 1922; x_wconf 84' lang='lat' dir='ltr'><strong>Ovidii</strong></span> <span class='ocrx_word' id='word_1_256' title='bbox 542 1883 642 1922; x_wconf 85' lang='lat' dir='ltr'><strong>Fast.</strong></span> <span class='ocrx_word' id='word_1_257' title='bbox 675 1882 744 1922; x_wconf 86' lang='lat' dir='ltr'><strong>Vi.</strong></span> <span class='ocrx_word' id='word_1_258' title='bbox 779 1884 873 1921; x_wconf 74' lang='lat'><strong>457.</strong></span> <span class='ocrx_word' id='word_1_259' title='bbox 904 1882 1044 1929; x_wconf 82' lang='lat' dir='ltr'><strong>locum,</strong></span> <span class='ocrx_word' id='word_1_260' title='bbox 1086 1894 1158 1934; x_wconf 93' lang='lat' dir='ltr'><strong>quo</strong></span> <span class='ocrx_word' id='word_1_261' title='bbox 1189 1882 1347 1920; x_wconf 84' lang='lat' dir='ltr'><strong>maxime</strong></span> <span class='ocrx_word' id='word_1_262' title='bbox 1388 1893 1433 1920; x_wconf 83' lang='lat' dir='ltr'><strong>ea</strong></span> <span class='ocrx_word' id='word_1_263' title='bbox 1468 1882 1685 1920; x_wconf 82' lang='lat' dir='ltr'><strong>coniectura</strong></span> 
     </span>
     <span class='ocr_line' id='line_1_26' title="bbox 48 1950 676 2000; baseline 0.005 -13"><span class='ocrx_word' id='word_1_264' title='bbox 48 1951 194 1997; x_wconf 77' lang='lat' dir='ltr'><strong>nititur,</strong></span> <span class='ocrx_word' id='word_1_265' title='bbox 228 1955 265 1989; x_wconf 81' lang='lat' dir='ltr'><strong>et</strong></span> <span class='ocrx_word' id='word_1_266' title='bbox 296 1950 476 2000; x_wconf 85' lang='lat' dir='ltr'><strong>Catonis,</strong></span> <span class='ocrx_word' id='word_1_267' title='bbox 510 1952 676 1990; x_wconf 86' lang='lat' dir='ltr'><strong>intersit.</strong></span> 
     </span>
    </p>
   </div>
   <div class='ocr_carea' id='block_1_3' title="bbox 48 2087 1684 3108">
    <p class='ocr_par' dir='ltr' id='par_1_4' title="bbox 133 2087 1683 2140">
     <span class='ocr_line' id='line_1_27' title="bbox 133 2087 1683 2140; baseline -0.003 -7"><span class='ocrx_word' id='word_1_268' title='bbox 133 2087 182 2126; x_wconf 84' lang='lat' dir='ltr'><strong>V-</strong></span> <span class='ocrx_word' id='word_1_269' title='bbox 206 2091 271 2125; x_wconf 86' lang='lat'><strong>55·</strong></span> <span class='ocrx_word' id='word_1_270' title='bbox 298 2092 433 2133; x_wconf 72' lang='lat'><strong>(¹58.)</strong></span> <span class='ocrx_word' id='word_1_271' title='bbox 459 2098 712 2131; x_wconf 62' lang='lat' dir='ltr'><strong>minarum</strong></span> <span class='ocrx_word' id='word_1_272' title='bbox 741 2097 871 2131; x_wconf 79' lang='lat' dir='ltr'><strong>MEAE</strong></span> <span class='ocrx_word' id='word_1_273' title='bbox 898 2097 1086 2140; x_wconf 74' lang='lat' dir='ltr'><strong>Quoous</strong></span> <span class='ocrx_word' id='word_1_274' title='bbox 1113 2097 1277 2130; x_wconf 80' lang='grc' dir='ltr'>ΝοΧΑΕ</span> <span class='ocrx_word' id='word_1_275' title='bbox 1304 2097 1522 2131; x_wconf 64' lang='lat' dir='ltr'><strong>sommia</strong></span> <span class='ocrx_word' id='word_1_276' title='bbox 1546 2095 1683 2129; x_wconf 68' lang='lat' dir='ltr'><strong>ram.</strong></span> 
     </span>
    </p>

    <p class='ocr_par' dir='ltr' id='par_1_5' title="bbox 48 2153 1684 3108">
     <span class='ocr_line' id='line_1_28' title="bbox 133 2153 1684 2209; baseline 0 -15"><span class='ocrx_word' id='word_1_277' title='bbox 133 2153 277 2209; x_wconf 72' lang='lat' dir='ltr'><strong>nexae]</strong></span> <span class='ocrx_word' id='word_1_278' title='bbox 339 2158 495 2196; x_wconf 64' lang='lat' dir='ltr'><strong>Nexum</strong></span> <span class='ocrx_word' id='word_1_279' title='bbox 534 2158 704 2196; x_wconf 80' lang='lat' dir='ltr'><strong>ciientam</strong></span> <span class='ocrx_word' id='word_1_280' title='bbox 739 2161 862 2197; x_wconf 80' lang='lat' dir='ltr'><strong>vocat.</strong></span> <span class='ocrx_word' id='word_1_281' title='bbox 924 2158 1053 2196; x_wconf 85' lang='lat' dir='ltr'><strong>Ausus</strong></span> <span class='ocrx_word' id='word_1_282' title='bbox 1090 2169 1166 2206; x_wconf 83' lang='lat' dir='ltr'><strong>ego</strong></span> <span class='ocrx_word' id='word_1_283' title='bbox 1199 2169 1304 2195; x_wconf 85' lang='lat' dir='ltr'><strong>meae</strong></span> <span class='ocrx_word' id='word_1_284' title='bbox 1343 2156 1502 2195; x_wconf 85' lang='lat' dir='ltr'><strong>clientae</strong></span> <span class='ocrx_word' id='word_1_285' title='bbox 1533 2155 1684 2195; x_wconf 81' lang='lat' dir='ltr'><strong>soluere</strong></span> 
     </span>
     <span class='ocr_line' id='line_1_29' title="bbox 48 2225 1684 2280; baseline 0 -17"><span class='ocrx_word' id='word_1_286' title='bbox 48 2228 146 2273; x_wconf 79' lang='lat' dir='ltr'><strong>sata,</strong></span> <span class='ocrx_word' id='word_1_287' title='bbox 189 2225 259 2264; x_wconf 77' lang='lat' dir='ltr'><strong>hoc</strong></span> <span class='ocrx_word' id='word_1_288' title='bbox 298 2230 357 2264; x_wconf 79' lang='lat' dir='ltr'><strong>est</strong></span> <span class='ocrx_word' id='word_1_289' title='bbox 395 2230 581 2265; x_wconf 77' lang='lat' dir='ltr'><strong>attentare</strong></span> <span class='ocrx_word' id='word_1_290' title='bbox 622 2227 820 2277; x_wconf 88' lang='lat' dir='ltr'><strong>pudorem,</strong></span> <span class='ocrx_word' id='word_1_291' title='bbox 860 2230 947 2265; x_wconf 87' lang='lat' dir='ltr'><strong>ante</strong></span> <span class='ocrx_word' id='word_1_292' title='bbox 979 2238 1083 2278; x_wconf 86' lang='lat' dir='ltr'><strong>qoam</strong></span> <span class='ocrx_word' id='word_1_293' title='bbox 1124 2228 1200 2265; x_wconf 81' lang='lat' dir='ltr'><strong>sata</strong></span> <span class='ocrx_word' id='word_1_294' title='bbox 1231 2227 1381 2265; x_wconf 85' lang='lat' dir='ltr'><strong>sinant:</strong></span> <span class='ocrx_word' id='word_1_295' title='bbox 1421 2226 1524 2276; x_wconf 90' lang='lat' dir='ltr'><strong>prius</strong></span> <span class='ocrx_word' id='word_1_296' title='bbox 1568 2238 1684 2280; x_wconf 77' lang='lat' dir='ltr'><strong>quam</strong></span> 
     </span>
     <span class='ocr_line' id='line_1_30' title="bbox 48 2296 486 2338; baseline 0.009 -5"><span class='ocrx_word' id='word_1_297' title='bbox 48 2296 183 2334; x_wconf 78' lang='lat' dir='ltr'><strong>licea!-</strong></span> <span class='ocrx_word' id='word_1_298' title='bbox 301 2304 486 2338; x_wconf 77' lang='lat' dir='ltr'><strong>SCALIG.</strong></span> 
     </span>
     <span class='ocr_line' id='line_1_31' title="bbox 48 2363 1682 2414; baseline 0 -12"><span class='ocrx_word' id='word_1_299' title='bbox 48 2377 175 2403; x_wconf 64' lang='lat' dir='ltr'><strong>nea-ae</strong></span> <span class='ocrx_word' id='word_1_300' title='bbox 206 2368 394 2414; x_wconf 82' lang='lat' dir='ltr'><strong>receptum</strong></span> <span class='ocrx_word' id='word_1_301' title='bbox 425 2365 472 2402; x_wconf 87' lang='lat' dir='ltr'><strong>ab</strong></span> <span class='ocrx_word' id='word_1_302' title='bbox 509 2363 695 2403; x_wconf 75' lang='lat' dir='ltr'><strong>Arnoldo.</strong></span> <span class='ocrx_word' id='word_1_303' title='bbox 740 2366 777 2402; x_wconf 89' lang='lat' dir='ltr'><strong>et</strong></span> <span class='ocrx_word' id='word_1_304' title='bbox 807 2363 1011 2410; x_wconf 80' lang='lat' dir='ltr'><strong>Putschio,</strong></span> <span class='ocrx_word' id='word_1_305' title='bbox 1053 2364 1119 2402; x_wconf 81' lang='lat' dir='ltr'><strong>sed</strong></span> <span class='ocrx_word' id='word_1_306' title='bbox 1153 2376 1174 2402; x_wconf 87' lang='lat' dir='ltr'><strong>a</strong></span> <span class='ocrx_word' id='word_1_307' title='bbox 1205 2363 1387 2403; x_wconf 85' lang='lat' dir='ltr'><strong>Putschio</strong></span> <span class='ocrx_word' id='word_1_308' title='bbox 1420 2375 1498 2402; x_wconf 85' lang='lat' dir='ltr'><strong>cum</strong></span> <span class='ocrx_word' id='word_1_309' title='bbox 1531 2363 1682 2402; x_wconf 81' lang='lat' dir='ltr'><strong>dubita-</strong></span> 
     </span>
     <span class='ocr_line' id='line_1_32' title="bbox 50 2432 1682 2486; baseline 0 -15"><span class='ocrx_word' id='word_1_310' title='bbox 50 2434 170 2477; x_wconf 81' lang='lat' dir='ltr'><strong>tione,</strong></span> <span class='ocrx_word' id='word_1_311' title='bbox 212 2436 248 2470; x_wconf 90' lang='lat' dir='ltr'><strong>et</strong></span> <span class='ocrx_word' id='word_1_312' title='bbox 292 2432 488 2484; x_wconf 88' lang='lat' dir='ltr'><strong>aliquando</strong></span> <span class='ocrx_word' id='word_1_313' title='bbox 529 2434 775 2471; x_wconf 68' lang='lat' dir='ltr'><strong>inveniendae</strong></span> <span class='ocrx_word' id='word_1_314' title='bbox 815 2433 862 2471; x_wconf 87' lang='lat' dir='ltr'><strong>ab</strong></span> <span class='ocrx_word' id='word_1_315' title='bbox 900 2433 974 2471; x_wconf 85' lang='lat' dir='ltr'><strong>alio</strong></span> <span class='ocrx_word' id='word_1_316' title='bbox 1006 2433 1171 2471; x_wconf 73' lang='lat' dir='ltr'><strong>medelae</strong></span> <span class='ocrx_word' id='word_1_317' title='bbox 1205 2434 1508 2484; x_wconf 77' lang='lat' dir='ltr'><strong>exspectatione.</strong></span> <span class='ocrx_word' id='word_1_318' title='bbox 1570 2432 1682 2486; x_wconf 82' lang='lat' dir='ltr'><strong>Quod</strong></span> 
     </span>
     <span class='ocr_line' id='line_1_33' title="bbox 49 2502 1681 2553; baseline 0 -13"><span class='ocrx_word' id='word_1_319' title='bbox 49 2515 118 2540; x_wconf 88' lang='lat' dir='ltr'><strong>nos</strong></span> <span class='ocrx_word' id='word_1_320' title='bbox 158 2503 389 2552; x_wconf 76' lang='lat' dir='ltr'><strong>recepimus,</strong></span> <span class='ocrx_word' id='word_1_321' title='bbox 430 2515 509 2540; x_wconf 81' lang='lat' dir='ltr'><strong>eum</strong></span> <span class='ocrx_word' id='word_1_322' title='bbox 542 2503 713 2547; x_wconf 78' lang='lat' dir='ltr'><strong>Aldinis,</strong></span> <span class='ocrx_word' id='word_1_323' title='bbox 755 2503 844 2541; x_wconf 89' lang='lat' dir='ltr'><strong>Bas.</strong></span> <span class='ocrx_word' id='word_1_324' title='bbox 887 2502 993 2553; x_wconf 73' lang='lat' dir='ltr'><strong>Bryl.</strong></span> <span class='ocrx_word' id='word_1_325' title='bbox 1040 2503 1157 2541; x_wconf 77' lang='lat'><strong>1543.</strong></span> <span class='ocrx_word' id='word_1_326' title='bbox 1202 2502 1360 2541; x_wconf 83' lang='lat' dir='ltr'><strong>Venetis</strong></span> <span class='ocrx_word' id='word_1_327' title='bbox 1403 2505 1524 2540; x_wconf 69' lang='lat'><strong>154⁴.</strong></span> <span class='ocrx_word' id='word_1_328' title='bbox 1560 2506 1681 2541; x_wconf 87' lang='grc'><strong>1555.</strong></span> 
     </span>
     <span class='ocr_line' id='line_1_34' title="bbox 57 2571 1683 2621; baseline 0.002 -13"><span class='ocrx_word' id='word_1_329' title='bbox 57 2574 172 2609; x_wconf 67' lang='grc'><strong>1558.</strong></span> <span class='ocrx_word' id='word_1_330' title='bbox 204 2571 324 2618; x_wconf 63' lang='lat' dir='ltr'><strong>bugd.</strong></span> <span class='ocrx_word' id='word_1_331' title='bbox 362 2573 481 2608; x_wconf 80' lang='grc'><strong>1556.</strong></span> <span class='ocrx_word' id='word_1_332' title='bbox 516 2572 603 2610; x_wconf 86' lang='lat' dir='ltr'><strong>Bas.</strong></span> <span class='ocrx_word' id='word_1_333' title='bbox 636 2572 684 2610; x_wconf 88' lang='lat' dir='ltr'><strong>H.</strong></span> <span class='ocrx_word' id='word_1_334' title='bbox 704 2572 747 2610; x_wconf 92' lang='lat' dir='ltr'><strong>P.</strong></span> <span class='ocrx_word' id='word_1_335' title='bbox 782 2574 901 2610; x_wconf 90' lang='grc'><strong>1561.</strong></span> <span class='ocrx_word' id='word_1_336' title='bbox 935 2571 1226 2621; x_wconf 78' lang='lat' dir='ltr'><strong>Scaligeranis,</strong></span> <span class='ocrx_word' id='word_1_337' title='bbox 1260 2571 1444 2619; x_wconf 80' lang='lat' dir='ltr'><strong>Pithoeo,</strong></span> <span class='ocrx_word' id='word_1_338' title='bbox 1478 2576 1516 2610; x_wconf 86' lang='lat' dir='ltr'><strong>et</strong></span> <span class='ocrx_word' id='word_1_339' title='bbox 1546 2584 1683 2611; x_wconf 87' lang='lat' dir='ltr'><strong>recen-</strong></span> 
     </span>
     <span class='ocr_line' id='line_1_35' title="bbox 49 2640 1682 2692; baseline -0.001 -14"><span class='ocrx_word' id='word_1_340' title='bbox 49 2640 208 2678; x_wconf 86' lang='lat' dir='ltr'><strong>tioribus</strong></span> <span class='ocrx_word' id='word_1_341' title='bbox 250 2640 461 2691; x_wconf 78' lang='lat' dir='ltr'><strong>plerisque,</strong></span> <span class='ocrx_word' id='word_1_342' title='bbox 501 2653 630 2679; x_wconf 71' lang='lat' dir='ltr'><strong>noxae</strong></span> <span class='ocrx_word' id='word_1_343' title='bbox 669 2641 826 2680; x_wconf 82' lang='lat' dir='ltr'><strong>solvere</strong></span> <span class='ocrx_word' id='word_1_344' title='bbox 855 2642 972 2692; x_wconf 77' lang='lat' dir='ltr'><strong>fata,</strong></span> <span class='ocrx_word' id='word_1_345' title='bbox 1014 2641 1166 2679; x_wconf 87' lang='lat' dir='ltr'><strong>mixtum</strong></span> <span class='ocrx_word' id='word_1_346' title='bbox 1205 2643 1265 2678; x_wconf 87' lang='lat' dir='ltr'><strong>est</strong></span> <span class='ocrx_word' id='word_1_347' title='bbox 1296 2653 1345 2678; x_wconf 87' lang='lat' dir='ltr'><strong>ex</strong></span> <span class='ocrx_word' id='word_1_348' title='bbox 1376 2641 1563 2691; x_wconf 84' lang='lat' dir='ltr'><strong>scriptura</strong></span> <span class='ocrx_word' id='word_1_349' title='bbox 1595 2640 1682 2677; x_wconf 86' lang='lat' dir='ltr'><strong>vul-</strong></span> 
     </span>
     <span class='ocr_line' id='line_1_36' title="bbox 49 2709 1683 2761; baseline 0 -14"><span class='ocrx_word' id='word_1_350' title='bbox 49 2713 161 2757; x_wconf 69' lang='lat' dir='ltr'><strong>gata,</strong></span> <span class='ocrx_word' id='word_1_351' title='bbox 203 2723 332 2748; x_wconf 70' lang='lat' dir='ltr'><strong>noxae</strong></span> <span class='ocrx_word' id='word_1_352' title='bbox 371 2709 452 2753; x_wconf 74' lang='lat' dir='ltr'><strong>(vei</strong></span> <span class='ocrx_word' id='word_1_353' title='bbox 484 2722 603 2758; x_wconf 70' lang='lat' dir='ltr'><strong>noxe,</strong></span> <span class='ocrx_word' id='word_1_354' title='bbox 637 2714 675 2748; x_wconf 88' lang='lat' dir='ltr'><strong>nt</strong></span> <span class='ocrx_word' id='word_1_355' title='bbox 706 2711 740 2747; x_wconf 91' lang='lat' dir='ltr'><strong>in</strong></span> <span class='ocrx_word' id='word_1_356' title='bbox 775 2710 1003 2758; x_wconf 80' lang='lat' dir='ltr'><strong>Mutinensi,</strong></span> <span class='ocrx_word' id='word_1_357' title='bbox 1035 2709 1159 2758; x_wconf 82' lang='lat' dir='ltr'><strong>aliis,)</strong></span> <span class='ocrx_word' id='word_1_358' title='bbox 1193 2709 1351 2748; x_wconf 73' lang='lat' dir='ltr'><strong>solvere</strong></span> <span class='ocrx_word' id='word_1_359' title='bbox 1379 2710 1521 2761; x_wconf 81' lang='lat' dir='ltr'><strong>facta,</strong></span> <span class='ocrx_word' id='word_1_360' title='bbox 1555 2712 1592 2747; x_wconf 89' lang='lat' dir='ltr'><strong>ut</strong></span> <span class='ocrx_word' id='word_1_361' title='bbox 1623 2711 1683 2747; x_wconf 85' lang='lat' dir='ltr'><strong>est</strong></span> 
     </span>
     <span class='ocr_line' id='line_1_37' title="bbox 50 2777 1681 2830; baseline -0.002 -14"><span class='ocrx_word' id='word_1_362' title='bbox 50 2780 84 2817; x_wconf 90' lang='lat' dir='ltr'><strong>in</strong></span> <span class='ocrx_word' id='word_1_363' title='bbox 117 2779 272 2830; x_wconf 86' lang='lat' dir='ltr'><strong>scriptis</strong></span> <span class='ocrx_word' id='word_1_364' title='bbox 304 2779 423 2817; x_wconf 87' lang='lat' dir='ltr'><strong>tribus</strong></span> <span class='ocrx_word' id='word_1_365' title='bbox 455 2778 748 2828; x_wconf 86' lang='lat' dir='ltr'><strong>recentioribus,</strong></span> <span class='ocrx_word' id='word_1_366' title='bbox 771 2779 890 2817; x_wconf 86' lang='lat' dir='ltr'><strong>Voss.</strong></span> <span class='ocrx_word' id='word_1_367' title='bbox 920 2778 968 2817; x_wconf 88' lang='grc' dir='ltr'><strong>ΙΙ.</strong></span> <span class='ocrx_word' id='word_1_368' title='bbox 999 2777 1158 2817; x_wconf 84' lang='lat' dir='ltr'><strong>Vratisl.</strong></span> <span class='ocrx_word' id='word_1_369' title='bbox 1177 2778 1226 2816; x_wconf 83' lang='grc' dir='ltr'><strong>ΙΙ.</strong></span> <span class='ocrx_word' id='word_1_370' title='bbox 1253 2777 1489 2827; x_wconf 82' lang='lat' dir='ltr'><strong>Basiieensi,</strong></span> <span class='ocrx_word' id='word_1_371' title='bbox 1522 2779 1556 2815; x_wconf 87' lang='lat' dir='ltr'><strong>in</strong></span> <span class='ocrx_word' id='word_1_372' title='bbox 1589 2777 1681 2813; x_wconf 84' lang='lat' dir='ltr'><strong>dua-</strong></span> 
     </span>
     <span class='ocr_line' id='line_1_38' title="bbox 49 2845 1682 2898; baseline -0.002 -12"><span class='ocrx_word' id='word_1_373' title='bbox 49 2849 121 2886; x_wconf 67' lang='lat' dir='ltr'><strong>bus</strong></span> <span class='ocrx_word' id='word_1_374' title='bbox 153 2848 353 2894; x_wconf 70' lang='lat' dir='ltr'><strong>Romanis.</strong></span> <span class='ocrx_word' id='word_1_375' title='bbox 387 2847 550 2885; x_wconf 78' lang='lat' dir='ltr'><strong>Venetis</strong></span> <span class='ocrx_word' id='word_1_376' title='bbox 583 2845 702 2885; x_wconf 84' lang='lat' dir='ltr'><strong>tribus</strong></span> <span class='ocrx_word' id='word_1_377' title='bbox 733 2847 1026 2898; x_wconf 84' lang='lat' dir='ltr'><strong>antiquissimis,</strong></span> <span class='ocrx_word' id='word_1_378' title='bbox 1060 2847 1291 2895; x_wconf 80' lang='lat' dir='ltr'><strong>Mutinensi,</strong></span> <span class='ocrx_word' id='word_1_379' title='bbox 1335 2851 1372 2885; x_wconf 88' lang='lat' dir='ltr'><strong>et</strong></span> <span class='ocrx_word' id='word_1_380' title='bbox 1403 2847 1564 2884; x_wconf 83' lang='lat' dir='ltr'><strong>caeteris</strong></span> <span class='ocrx_word' id='word_1_381' title='bbox 1595 2848 1682 2883; x_wconf 89' lang='lat' dir='ltr'><strong>ante</strong></span> 
     </span>
     <span class='ocr_line' id='line_1_39' title="bbox 52 2915 1679 2965; baseline -0.002 -10"><span class='ocrx_word' id='word_1_382' title='bbox 52 2917 235 2965; x_wconf 74' lang='lat' dir='ltr'><strong>Aldinas,</strong></span> <span class='ocrx_word' id='word_1_383' title='bbox 276 2918 383 2955; x_wconf 84' lang='lat' dir='ltr'><strong>etiam</strong></span> <span class='ocrx_word' id='word_1_384' title='bbox 423 2917 457 2954; x_wconf 92' lang='lat' dir='ltr'><strong>in</strong></span> <span class='ocrx_word' id='word_1_385' title='bbox 490 2915 605 2954; x_wconf 85' lang='lat' dir='ltr'><strong>Taur.</strong></span> <span class='ocrx_word' id='word_1_386' title='bbox 647 2919 684 2954; x_wconf 84' lang='lat' dir='ltr'><strong>et</strong></span> <span class='ocrx_word' id='word_1_387' title='bbox 714 2915 836 2963; x_wconf 83' lang='lat' dir='ltr'><strong>Lugd.</strong></span> <span class='ocrx_word' id='word_1_388' title='bbox 883 2919 1002 2956; x_wconf 85' lang='lat'><strong>1529.</strong></span> <span class='ocrx_word' id='word_1_389' title='bbox 1047 2918 1085 2955; x_wconf 87' lang='lat' dir='ltr'><strong>et</strong></span> <span class='ocrx_word' id='word_1_390' title='bbox 1117 2928 1170 2954; x_wconf 81' lang='lat' dir='ltr'><strong>ex</strong></span> <span class='ocrx_word' id='word_1_391' title='bbox 1207 2916 1382 2954; x_wconf 84' lang='lat' dir='ltr'><strong>librorum</strong></span> <span class='ocrx_word' id='word_1_392' title='bbox 1414 2915 1679 2965; x_wconf 84' lang='lat' dir='ltr'><strong>antiquiorum,</strong></span> 
     </span>
     <span class='ocr_line' id='line_1_40' title="bbox 50 2982 1676 3034; baseline -0.003 -10"><span class='ocrx_word' id='word_1_393' title='bbox 50 2985 245 3033; x_wconf 84' lang='lat' dir='ltr'><strong>Thuanei,</strong></span> <span class='ocrx_word' id='word_1_394' title='bbox 284 2985 390 3024; x_wconf 83' lang='lat' dir='ltr'><strong>Leid.</strong></span> <span class='ocrx_word' id='word_1_395' title='bbox 423 2985 583 3023; x_wconf 83' lang='lat' dir='ltr'><strong>llelmst.</strong></span> <span class='ocrx_word' id='word_1_396' title='bbox 616 2984 738 3022; x_wconf 88' lang='lat' dir='ltr'><strong>Paris.</strong></span> <span class='ocrx_word' id='word_1_397' title='bbox 771 2984 819 3025; x_wconf 89' lang='lat' dir='ltr'><strong>ll.</strong></span> <span class='ocrx_word' id='word_1_398' title='bbox 852 2984 920 3023; x_wconf 86' lang='grc' dir='ltr'><strong>ΙΙΙ.</strong></span> <span class='ocrx_word' id='word_1_399' title='bbox 955 2985 1075 3034; x_wconf 79' lang='lat' dir='ltr'><strong>Angi.</strong></span> <span class='ocrx_word' id='word_1_400' title='bbox 1117 2988 1154 3024; x_wconf 89' lang='lat' dir='ltr'><strong>et</strong></span> <span class='ocrx_word' id='word_1_401' title='bbox 1187 2984 1429 3033; x_wconf 80' lang='lat' dir='ltr'><strong>Augustani,</strong></span> <span class='ocrx_word' id='word_1_402' title='bbox 1471 2982 1676 3032; x_wconf 76' lang='lat' dir='ltr'><strong>scriptura:</strong></span> 
     </span>
     <span class='ocr_line' id='line_1_41' title="bbox 51 3050 1680 3108; baseline -0.002 -15"><span class='ocrx_word' id='word_1_403' title='bbox 51 3069 144 3095; x_wconf 82' lang='lat' dir='ltr'><strong>nece</strong></span> <span class='ocrx_word' id='word_1_404' title='bbox 182 3056 339 3096; x_wconf 81' lang='lat' dir='ltr'><strong>soluere</strong></span> <span class='ocrx_word' id='word_1_405' title='bbox 373 3056 483 3108; x_wconf 80' lang='lat' dir='ltr'><strong>fata.</strong></span> <span class='ocrx_word' id='word_1_406' title='bbox 543 3053 603 3093; x_wconf 87' lang='lat' dir='ltr'><strong>Dc</strong></span> <span class='ocrx_word' id='word_1_407' title='bbox 642 3053 813 3092; x_wconf 83' lang='lat' dir='ltr'><strong>Parisino</strong></span> <span class='ocrx_word' id='word_1_408' title='bbox 853 3053 920 3092; x_wconf 87' lang='grc' dir='ltr'><strong>ΙΙΙ.</strong></span> <span class='ocrx_word' id='word_1_409' title='bbox 963 3054 1112 3105; x_wconf 86' lang='lat' dir='ltr'><strong>dubito,</strong></span> <span class='ocrx_word' id='word_1_410' title='bbox 1152 3057 1269 3094; x_wconf 89' lang='lat' dir='ltr'><strong>utrum</strong></span> <span class='ocrx_word' id='word_1_411' title='bbox 1298 3054 1393 3105; x_wconf 82' lang='lat' dir='ltr'><strong>saca</strong></span> <span class='ocrx_word' id='word_1_412' title='bbox 1433 3050 1593 3097; x_wconf 85' lang='lat' dir='ltr'><strong>habeat,</strong></span> <span class='ocrx_word' id='word_1_413' title='bbox 1633 3062 1680 3089; x_wconf 85' lang='lat' dir='ltr'><strong>an</strong></span> 
     </span>
    </p>
   </div>
  </div>
 </body>
</html>
