2006 3365
542 136 596 175 IN
636 136 853 176 VALERII
885 135 1120 177 CATONIS
1150 136 1419 178 ECLOGAM.
1697 137 1798 182 217

163 253 220 290 ter
248 262 368 301 prope
406 250 553 289 accedit
591 251 635 289 ad
669 252 887 290 sententiam
919 251 1103 291 Catonis:
1144 251 1264 291 Plaut.
1298 251 1435 292 Pseud.
1468 249 1498 289 Ι.
1532 265 1573 289 11.
1616 253 1683 289 47.
1713 248 1796 287 Te-

161 322 257 358 rent.
291 318 456 369 Adelph.
493 319 558 358 lll.
594 336 650 359 111.
683 325 748 358 61.
783 320 895 369 Virg.
928 321 1072 369 Geurg.
1107 321 1176 359 lv.
1209 321 1304 359 22⁴.
1338 323 1439 360 Aen.
1476 319 1547 360 VI.
1580 321 1674 358 433.
1705 317 1796 357 Ma—

160 387 221 426 nil.
263 386 314 425 11.
356 390 422 427 85.
462 387 530 426 Ill.
565 391 632 427 58.
668 388 849 428 Boethius
881 389 925 429 C.
965 388 1035 428 Ph.
1071 388 1138 427 ΙΙΙ.
1170 402 1207 439 p.
1241 392 1306 428 69.
1346 392 1501 428 animas
1534 409 1586 416 —-
1618 388 1797 438 vitasque

158 458 338 496 minores.
400 455 547 506 Operae
580 459 735 507 pretium
769 460 935 504 faceret,
971 459 1004 496 si
1036 459 1139 509 quis,
1174 458 1270 509 quod
1305 471 1375 496 non
1406 457 1586 496 meminia
1612 468 1794 508 quoquam

159 527 293 563 sactum
326 536 413 561 esse
445 524 569 563 dedita
601 538 740 575 opero,
774 526 1039 564 insolentiores
1071 525 1237 575 plurales
1270 527 1447 564 eiusmodi
1479 525 1664 574 colligere
1681 524 1793 563 insti-

159 596 293 632 tueret.
352 593 562 632 Nonnullos
602 594 817 632 Gronovius
858 594 901 631 ad
944 594 1066 632 Plaut.
1105 593 1211 632 Trin.
1253 593 1302 631 ll.
1337 609 1389 631 xv.
1424 598 1489 631 81).
1550 593 1667 632 Unam
1699 592 1792 631 reli-

157 675 261 714 quam
287 662 555 700 dubitationem
582 661 722 709 habeo,
756 675 850 713 quae
875 666 993 700 tamen
1019 674 1090 701 nen
1123 667 1194 700 tam
1221 662 1441 699 sententiam
1469 660 1626 700 Catonis
1652 663 1792 712 ipsam,

156 744 262 783 quam
303 731 598 769 aestimationem
641 730 800 769 Catonis
842 731 1008 768 codicum
1051 732 1197 769 attinet.
1268 730 1398 768 Possit
1438 728 1572 781 aliquis
1612 729 1792 778 vulgatae

155 811 301 848 amore,
326 802 430 837 euius
462 811 575 847 sane,
607 800 764 837 maxime
798 799 858 837 uhi
893 812 914 837 a
946 799 1150 838 Mutinensi
1182 801 1435 846 sustentatur,
1469 800 1506 836 et
1535 797 1583 835 ab
1615 797 1791 847 Aldinis,

155 871 195 907 ut
234 867 306 907 hoc
345 868 452 916 loco,
494 868 586 906 haud
628 867 896 905 contemnenda
936 871 995 906 est
1026 867 1255 915 auctoritas,
1298 866 1440 906 relictis
1474 866 1582 905 libris
1613 866 1790 916 scriptis,

154 935 226 975 hoc
265 936 396 985 legere
436 936 536 974 velle
575 936 735 974 ordine:
801 936 970 975 Tantam
1011 938 1049 974 in
1087 950 1145 975 me
1174 939 1285 975 vitae
1324 936 1460 975 cordis
1501 936 1534 987 f.
1575 949 1608 974 r.
1676 933 1790 973 Nullo

153 1005 367 1044 sententiae
398 1005 623 1043 discrimine.
686 1005 850 1057 Eumque
874 1005 1038 1043 ordinem
1069 1004 1155 1043 mihi
1182 1004 1266 1044 olim
1299 1003 1510 1055 placuisse,
1542 1015 1639 1042 nunc
1668 1005 1790 1042 autem

153 1085 224 1112 non
257 1073 481 1123 displicere,
514 1075 648 1112 fatcor.

239 1142 385 1181 Rursus
416 1141 623 1181 insolenter
654 1142 788 1180 dictum
830 1143 966 1182 cordis
1007 1145 1167 1194 rapina.
1230 1141 1307 1181 Sed
1348 1155 1392 1180 ea
1430 1141 1654 1190 insolentia,
1695 1153 1790 1194 quae

153 1211 304 1249 serenda
334 1212 369 1249 in
403 1209 561 1251 Catone.
649 1212 812 1250 cordis:
846 1212 930 1263 quia
961 1212 1148 1250 moestitia
1186 1223 1252 1250 cor
1283 1211 1511 1250 consumitur
1542 1215 1654 1263 atque
1685 1223 1788 1249 com-

152 1280 352 1328 minuitur,
394 1283 433 1318 ut
462 1280 558 1330 apud
591 1280 759 1318 Graecos
792 1279 886 1328 κῆρ.
935 1277 1211 1329 φθινύθεσκε
1253 1279 1378 1329 φίλων
1411 1279 1510 1329 κῆρ,
1548 1283 1585 1319 et
1624 1279 1786 1318 similia:

154 1348 249 1387 unde
277 1348 412 1389 Cicero
446 1349 544 1387 notis
577 1348 800 1396 versiculis,
833 1348 879 1402 Q.
913 1349 1032 1388 Tuse.
1065 1348 1136 1388 ΙΙΙ.
1166 1364 1281 1387 xxv1.
1309 1349 1407 1401 Ipse
1427 1363 1539 1390 suam
1562 1363 1630 1388 eor
1650 1350 1787 1388 edens.

151 1416 348 1456 Lueretius
380 1417 448 1457 Vl.
486 1421 603 1456 1231.
636 1418 844 1469 Deficiens
884 1421 1036 1466 animo,
1078 1422 1223 1457 moesto
1255 1430 1333 1456 cum
1366 1418 1479 1457 corde
1510 1418 1700 1457 iacebat:
1743 1418 1790 1456 dc

152 1485 221 1534 iis,
254 1486 314 1538 qui
346 1499 389 1524 se
421 1490 618 1536 correptos
648 1499 669 1524 a
699 1487 829 1525 morbo
862 1487 935 1525 isto
967 1487 1152 1525 sentirent
1183 1487 1219 1525 in
1253 1487 1343 1526 urbe
1369 1486 1615 1526 Athenarum.
1699 1500 1789 1525 cor-

153 1554 298 1593 dolium
329 1555 375 1593 de
407 1554 619 1593 vehementi
651 1555 786 1593 amoris
812 1556 1019 1602 desiderio,
1040 1555 1196 1594 Plautus
1230 1555 1381 1596 Cistell.
1405 1557 1435 1594 l.
1470 1571 1495 1594 1.
1529 1557 1595 1594 δῖ.
1627 1554 1788 1594 Anthol.

151 1622 235 1662 Lat.
254 1623 323 1663 IV.
343 1639 451 1661 CLIII.
476 1627 537 1662 10.
601 1623 725 1675 Supra
757 1627 915 1663 noster:
949 1625 1033 1663 Car
1062 1637 1133 1676 eye
1164 1625 1360 1664 crudelem
1388 1627 1525 1677 patior
1554 1632 1633 1664 tam
1665 1638 1790 1677 saepe

151 1688 357 1732 dolorem?

242 1761 294 1801 Ut
334 1775 532 1809 maneam,
576 1761 680 1815 qnod
720 1763 792 1800 ria·
831 1764 904 1800 etc.
948 1763 987 1800 ut
1018 1761 1089 1799 vix
1121 1762 1314 1814 quicquam
1351 1763 1397 1801 de
1428 1775 1485 1802 me
1515 1763 1568 1802 sit
1598 1762 1789 1815 reliquum.

154 1830 291 1869 Cordis
334 1831 651 1881 consumptionem
693 1831 888 1869 comitatur
930 1843 974 1869 ac
1005 1832 1173 1883 sequitur
1203 1834 1343 1870 formae
1374 1833 1541 1871 mutatio.
1610 1831 1678 1872 Sic
1719 1844 1789 1869 no-

153 1900 234 1937 ster
271 1900 338 1937 iam
379 1911 520 1949 supra:
562 1900 617 1938 At
666 1900 768 1939 male
807 1900 1018 1939 tabescunt
1065 1904 1273 1940 morientia
1311 1901 1480 1940 membra
1519 1902 1675 1950 dolore,
1715 1902 1789 1940 ctc.

154 1965 354 2006 Commode
386 1967 578 2006 Arnoldus
609 1968 845 2018 Propertium
877 1968 1055 2015 contulit,
1090 1970 1121 2007 l.
1153 1985 1191 2007 v.
1225 1972 1292 2008 21.

436 2037 526 2075 IVee
557 2040 634 2075 iam
662 2037 855 2089 pallorem
886 2039 1003 2075 {elles
1035 2038 1226 2077 mirabere
1256 2044 1449 2088 nostrum,

494 2107 576 2144 Aut
608 2119 678 2143 ear
709 2108 781 2144 sim
811 2111 892 2143 toto
925 2118 1087 2158 corpore
1116 2107 1250 2146 nullus
1283 2121 1367 2158 eye.

155 2174 202 2211 Et
234 2171 329 2211 Cato
370 2186 517 2225 quoque
557 2173 651 2212 haud
686 2174 800 2212 dubie
834 2177 1025 2226 utrumque
1056 2175 1266 2224 significat,
1304 2176 1507 2226 pallorem,
1548 2178 1587 2216 et
1624 2176 1789 2214 maciem.

155 2241 212 2279 De
246 2242 359 2280 macie
392 2255 538 2291 eorum,
574 2243 634 2294 qui
663 2243 798 2281 amoris
832 2246 1097 2282 consumuntur
1129 2244 1342 2293 desiderio,
1378 2258 1470 2283 unus
1502 2258 1551 2284 ex
1582 2245 1705 2284 multis
1731 2245 1789 2283 lo-

154 2323 221 2349 cus
243 2309 438 2350 Theocriti
464 2314 523 2350 est
554 2311 602 2350 ll.
631 2315 698 2351 St).
726 2324 783 2364 sq.
845 2311 1096 2362 Thyonichus
1125 2312 1321 2353 Theocriti
1348 2314 1457 2353 XIV.
1484 2318 1521 2352 3.
1553 2314 1598 2352 de
1622 2313 1790 2353 Aeschi-

154 2391 222 2427 ne,
262 2392 366 2431 quem
406 2378 573 2429 Cynisca
615 2381 807 2419 vexabat:
857 2377 973 2416 ταῦτ’
1015 2374 1097 2428 ἄρα
1139 2379 1307 2427 manig,
1349 2380 1415 2430 χώ
1454 2379 1620 2431 μῦσῒαξ
1661 2379 1791 2427 Πολύς

156 2438 298 2492 οὗτος,
343 2445 571 2484 α’ἰῖσῑαλέοι
614 2446 658 2485 δὲ
693 2447 885 2488 κίκιιίιοι.
953 2449 1013 2490 Cf.
1045 2451 1211 2490 Theocr.
1252 2452 1323 2491 XI.
1357 2457 1423 2491 (39.
1465 2448 1615 2488 λεπτὸν
1653 2448 1790 2490 ἐόντα.

155 2516 298 2557 Callim.
331 2517 466 2566 Epigr.
495 2518 660 2556 XXXII.
694 2522 730 2558 3,
758 2515 883 2554 ὀστέα
917 2532 985 2555 σοι
1025 2517 1098 2555 καί
1124 2519 1285 2567 μοῦνον
1315 2517 1377 2557 ἔτι
1410 2520 1567 2571 τρίχες.
1599 2522 1660 2560 ubi
1694 2521 1789 2573 quod

154 2586 248 2625 male
271 2585 435 2624 habehat
453 2586 757 2637 Valckenarium,
785 2592 822 2626 et
845 2588 929 2626 olim
945 2589 1184 2639 Jacobsium,
1207 2589 1372 2638 τρίχες,
1402 2590 1436 2629 id
1461 2591 1644 2639 defendo,
1677 2594 1790 2641 atque

154 2655 322 2704 illustro,
349 2654 412 2692 illo
437 2653 630 2693 Theocriti
664 2655 746 2694 loco
771 2658 804 2694 in
829 2656 1076 2707 Thyonicho.
1139 2660 1301 2698 Ovidius
1328 2660 1450 2711 Epist.
1476 2672 1525 2698 ex
1550 2659 1593 2698 P.
1621 2659 1650 2697 l.
1679 2675 1730 2698 ιν.
1750 2661 1787 2697 5.

437 2723 527 2763 Nec
558 2726 596 2763 si
625 2738 681 2763 me
711 2725 843 2765 subito
875 2727 1044 2776 videas,
1077 2741 1297 2779 (renoscere
1325 2732 1496 2782 possis:

496 2795 658 2832 slelalis
688 2795 806 2845 faeta
838 2802 900 2834 est
930 2802 1048 2835 tanta
1079 2799 1197 2836 ruina
1227 2812 1347 2837 meae.

155 2863 251 2914 quod
284 2865 364 2902 tota
396 2862 687 2901 conformatione
718 2865 928 2904 sententiae
959 2866 1079 2904 simile
1110 2863 1260 2906 Catoni.
1320 2865 1380 2907 Cf.
1414 2866 1528 2905 Ovid.
1560 2865 1651 2905 ibid.
1683 2864 1713 2903 Ι.
1748 2880 1787 2905 x,

156 2934 223 2970 25.
255 2945 338 2984 sqq.
399 2931 483 2970 Etsi
517 2929 639 2980 Cato,
680 2931 776 2982 quod
809 2933 920 2972 multo
952 2935 1108 2978 fortius,
1148 2947 1191 2973 se
1222 2935 1266 2973 ad
1299 2934 1449 2973 nihilum
1481 2934 1668 2990 redactum
1700 2946 1789 2974 esse

156 3000 265 3053 dicit,
308 3002 376 3041 vix
414 3003 454 3041 ut
491 3002 682 3053 coynosei
712 3004 852 3053 queat;
892 3002 1054 3042 Ovidius
1094 3002 1167 3043 hoc
1209 3006 1366 3053 tantum,
1410 3015 1454 3041 se
1485 3003 1542 3041 sui
1574 3002 1788 3046 dissimilem
