<?xml version="1.0" encoding="UTF-8"?>
<!DOCTYPE html PUBLIC "-//W3C//DTD XHTML 1.0 Transitional//EN"
    "http://www.w3.org/TR/xhtml1/DTD/xhtml1-transitional.dtd">
<html xmlns="http://www.w3.org/1999/xhtml" xml:lang="en" lang="en">
 <head>
  <title>
</title>
<meta http-equiv="Content-Type" content="text/html;charset=utf-8" />
  <meta name='ocr-system' content='tesseract 3.04.00' />
  <meta name='ocr-capabilities' content='ocr_page ocr_carea ocr_par ocr_line ocrx_word'/>
</head>
<body>
  <div class='ocr_page' id='page_1' title='image "./carmina00catouoft_0307.png"; bbox 0 0 2006 3365; ppageno 0'>
   <div class='ocr_carea' id='block_1_1' title="bbox 599 150 1728 197">
    <p class='ocr_par' dir='ltr' id='par_1_1' title="bbox 599 150 1728 197">
     <span class='ocr_line' id='line_1_1' title="bbox 599 150 1728 197; baseline 0.006 -7"><span class='ocrx_word' id='word_1_1' title='bbox 599 151 668 190; x_wconf 79' lang='lat' dir='ltr'>DE</span> <span class='ocrx_word' id='word_1_2' title='bbox 701 150 855 191; x_wconf 80' lang='lat' dir='ltr'>POESI</span> <span class='ocrx_word' id='word_1_3' title='bbox 886 150 1225 192; x_wconf 72' lang='lat' dir='ltr'>CA&#39;l‘ONlANA.</span> <span class='ocrx_word' id='word_1_4' title='bbox 1628 153 1728 197; x_wconf 82' lang='lat'>283</span> 
     </span>
    </p>
   </div>
   <div class='ocr_carea' id='block_1_2' title="bbox 80 263 1727 3074">
    <p class='ocr_par' dir='ltr' id='par_1_2' title="bbox 80 263 1727 3074">
     <span class='ocr_line' id='line_1_2' title="bbox 97 263 1727 318; baseline -0.002 -13"><span class='ocrx_word' id='word_1_5' title='bbox 97 265 223 305; x_wconf 84' lang='lat' dir='ltr'>eadem</span> <span class='ocrx_word' id='word_1_6' title='bbox 255 265 336 304; x_wconf 87' lang='lat' dir='ltr'>sere</span> <span class='ocrx_word' id='word_1_7' title='bbox 365 263 475 303; x_wconf 86' lang='lat' dir='ltr'>huius</span> <span class='ocrx_word' id='word_1_8' title='bbox 506 266 740 318; x_wconf 75' lang='lat' dir='ltr'>quaestionis</span> <span class='ocrx_word' id='word_1_9' title='bbox 771 265 921 304; x_wconf 83' lang='lat' dir='ltr'>videtur</span> <span class='ocrx_word' id='word_1_10' title='bbox 950 266 1047 304; x_wconf 87' lang='lat' dir='ltr'>ratio</span> <span class='ocrx_word' id='word_1_11' title='bbox 1079 278 1193 312; x_wconf 87' lang='lat' dir='ltr'>esse,</span> <span class='ocrx_word' id='word_1_12' title='bbox 1236 277 1332 318; x_wconf 83' lang='lat' dir='ltr'>quae</span> <span class='ocrx_word' id='word_1_13' title='bbox 1366 265 1506 317; x_wconf 87' lang='lat' dir='ltr'>prioris</span> <span class='ocrx_word' id='word_1_14' title='bbox 1536 264 1583 302; x_wconf 86' lang='lat' dir='ltr'>de</span> <span class='ocrx_word' id='word_1_15' title='bbox 1612 276 1727 315; x_wconf 86' lang='lat' dir='ltr'>repe-</span> 
     </span>
     <span class='ocr_line' id='line_1_3' title="bbox 96 334 1727 386; baseline 0 -14"><span class='ocrx_word' id='word_1_16' title='bbox 96 334 240 373; x_wconf 76' lang='lat' dir='ltr'><strong>titione.</strong></span> <span class='ocrx_word' id='word_1_17' title='bbox 317 334 585 386; x_wconf 83' lang='lat' dir='ltr'>Antiquiores,</span> <span class='ocrx_word' id='word_1_18' title='bbox 627 339 666 373; x_wconf 91' lang='lat' dir='ltr'>ut</span> <span class='ocrx_word' id='word_1_19' title='bbox 709 335 928 384; x_wconf 83' lang='lat' dir='ltr'>Lucretius,</span> <span class='ocrx_word' id='word_1_20' title='bbox 969 335 1053 372; x_wconf 88' lang='lat' dir='ltr'>sine</span> <span class='ocrx_word' id='word_1_21' title='bbox 1092 335 1326 374; x_wconf 79' lang='lat' dir='ltr'>dubitatione</span> <span class='ocrx_word' id='word_1_22' title='bbox 1376 334 1586 384; x_wconf 83' lang='lat' dir='ltr'>geminant,</span> <span class='ocrx_word' id='word_1_23' title='bbox 1626 344 1727 372; x_wconf 84' lang='lat' dir='ltr'>more</span> 
     </span>
     <span class='ocr_line' id='line_1_4' title="bbox 94 401 1727 455; baseline -0.001 -14"><span class='ocrx_word' id='word_1_24' title='bbox 94 401 348 441; x_wconf 87' lang='lat' dir='ltr'>Graecorum:</span> <span class='ocrx_word' id='word_1_25' title='bbox 381 402 516 454; x_wconf 89' lang='lat' dir='ltr'>quibus</span> <span class='ocrx_word' id='word_1_26' title='bbox 547 404 643 442; x_wconf 87' lang='lat' dir='ltr'>addo</span> <span class='ocrx_word' id='word_1_27' title='bbox 677 402 868 443; x_wconf 83' lang='lat' dir='ltr'>Catonem.</span> <span class='ocrx_word' id='word_1_28' title='bbox 938 402 1124 451; x_wconf 77' lang='lat' dir='ltr'>Virgilius</span> <span class='ocrx_word' id='word_1_29' title='bbox 1157 407 1194 442; x_wconf 83' lang='lat' dir='ltr'>et</span> <span class='ocrx_word' id='word_1_30' title='bbox 1227 404 1364 441; x_wconf 84' lang='lat' dir='ltr'>caeteri</span> <span class='ocrx_word' id='word_1_31' title='bbox 1397 415 1504 455; x_wconf 91' lang='lat' dir='ltr'>quum</span> <span class='ocrx_word' id='word_1_32' title='bbox 1533 401 1727 440; x_wconf 85' lang='lat' dir='ltr'>abstinere</span> 
     </span>
     <span class='ocr_line' id='line_1_5' title="bbox 92 469 1725 522; baseline -0.001 -14"><span class='ocrx_word' id='word_1_33' title='bbox 92 470 139 509; x_wconf 88' lang='lat' dir='ltr'>ab</span> <span class='ocrx_word' id='word_1_34' title='bbox 171 471 410 519; x_wconf 84' lang='lat' dir='ltr'>geminandis</span> <span class='ocrx_word' id='word_1_35' title='bbox 443 472 623 522; x_wconf 83' lang='lat' dir='ltr'>epithetis</span> <span class='ocrx_word' id='word_1_36' title='bbox 655 472 844 519; x_wconf 81' lang='lat' dir='ltr'>solerent,</span> <span class='ocrx_word' id='word_1_37' title='bbox 877 473 998 509; x_wconf 89' lang='lat' dir='ltr'>tamen</span> <span class='ocrx_word' id='word_1_38' title='bbox 1031 473 1068 509; x_wconf 91' lang='lat' dir='ltr'>et</span> <span class='ocrx_word' id='word_1_39' title='bbox 1099 471 1171 520; x_wconf 89' lang='lat' dir='ltr'>ipsi</span> <span class='ocrx_word' id='word_1_40' title='bbox 1190 472 1478 520; x_wconf 87' lang='lat' dir='ltr'>geminaverunt</span> <span class='ocrx_word' id='word_1_41' title='bbox 1503 470 1616 509; x_wconf 85' lang='lat' dir='ltr'>certis</span> <span class='ocrx_word' id='word_1_42' title='bbox 1642 469 1725 522; x_wconf 87' lang='lat' dir='ltr'>qui-</span> 
     </span>
     <span class='ocr_line' id='line_1_6' title="bbox 90 538 1724 590; baseline -0.001 -12"><span class='ocrx_word' id='word_1_43' title='bbox 90 539 243 578; x_wconf 84' lang='lat' dir='ltr'>busdam</span> <span class='ocrx_word' id='word_1_44' title='bbox 277 540 571 579; x_wconf 87' lang='lat' dir='ltr'>conditionibus.</span> <span class='ocrx_word' id='word_1_45' title='bbox 633 540 781 579; x_wconf 71' lang='lat' dir='ltr'>Nullum</span> <span class='ocrx_word' id='word_1_46' title='bbox 822 543 911 590; x_wconf 88' lang='lat' dir='ltr'>puto</span> <span class='ocrx_word' id='word_1_47' title='bbox 953 539 1133 578; x_wconf 89' lang='lat' dir='ltr'>eiusmodi</span> <span class='ocrx_word' id='word_1_48' title='bbox 1173 539 1380 589; x_wconf 73' lang='lat' dir='ltr'>exemplum</span> <span class='ocrx_word' id='word_1_49' title='bbox 1423 539 1584 578; x_wconf 87' lang='lat' dir='ltr'>inveniri</span> <span class='ocrx_word' id='word_1_50' title='bbox 1626 538 1724 589; x_wconf 89' lang='lat' dir='ltr'>apud</span> 
     </span>
     <span class='ocr_line' id='line_1_7' title="bbox 89 606 1725 660; baseline 0 -15"><span class='ocrx_word' id='word_1_51' title='bbox 89 606 310 656; x_wconf 82' lang='lat' dir='ltr'>Virgilium,</span> <span class='ocrx_word' id='word_1_52' title='bbox 353 608 462 660; x_wconf 83' lang='lat' dir='ltr'>quale</span> <span class='ocrx_word' id='word_1_53' title='bbox 503 613 563 647; x_wconf 88' lang='lat' dir='ltr'>est</span> <span class='ocrx_word' id='word_1_54' title='bbox 599 610 633 647; x_wconf 91' lang='lat' dir='ltr'>in</span> <span class='ocrx_word' id='word_1_55' title='bbox 681 608 811 647; x_wconf 89' lang='lat' dir='ltr'>Diris:</span> <span class='ocrx_word' id='word_1_56' title='bbox 850 608 999 646; x_wconf 71' lang='lat' dir='ltr'>niollia&#39;</span> <span class='ocrx_word' id='word_1_57' title='bbox 1023 607 1177 659; x_wconf 83' lang='lat' dir='ltr'>pabula</span> <span class='ocrx_word' id='word_1_58' title='bbox 1207 613 1321 655; x_wconf 88' lang='lat' dir='ltr'>nota,</span> <span class='ocrx_word' id='word_1_59' title='bbox 1361 608 1457 659; x_wconf 88' lang='lat' dir='ltr'>quod</span> <span class='ocrx_word' id='word_1_60' title='bbox 1490 620 1582 646; x_wconf 85' lang='lat' dir='ltr'>sane</span> <span class='ocrx_word' id='word_1_61' title='bbox 1615 607 1725 645; x_wconf 83' lang='lat' dir='ltr'>nobis</span> 
     </span>
     <span class='ocr_line' id='line_1_8' title="bbox 89 675 1723 728; baseline 0 -14"><span class='ocrx_word' id='word_1_62' title='bbox 89 688 255 728; x_wconf 88' lang='lat' dir='ltr'>quoque,</span> <span class='ocrx_word' id='word_1_63' title='bbox 290 675 507 727; x_wconf 81' lang='lat' dir='ltr'>Germanis,</span> <span class='ocrx_word' id='word_1_64' title='bbox 540 679 669 716; x_wconf 88' lang='lat' dir='ltr'>nescio</span> <span class='ocrx_word' id='word_1_65' title='bbox 702 677 787 728; x_wconf 88' lang='lat' dir='ltr'>quid</span> <span class='ocrx_word' id='word_1_66' title='bbox 822 677 979 714; x_wconf 88' lang='lat' dir='ltr'>ieiumnn</span> <span class='ocrx_word' id='word_1_67' title='bbox 1000 680 1135 714; x_wconf 80' lang='lat' dir='ltr'>sonat:</span> <span class='ocrx_word' id='word_1_68' title='bbox 1168 676 1226 713; x_wconf 84' lang='lat' dir='ltr'>die</span> <span class='ocrx_word' id='word_1_69' title='bbox 1246 678 1351 714; x_wconf 82' lang='lat' dir='ltr'>zarte</span> <span class='ocrx_word' id='word_1_70' title='bbox 1367 675 1723 715; x_wconf 83' lang='lat' dir='ltr'>bekannteWeide.</span> 
     </span>
     <span class='ocr_line' id='line_1_9' title="bbox 87 743 1723 797; baseline 0.001 -14"><span class='ocrx_word' id='word_1_71' title='bbox 87 744 209 783; x_wconf 80' lang='lat' dir='ltr'>Recte</span> <span class='ocrx_word' id='word_1_72' title='bbox 241 745 423 784; x_wconf 74' lang='lat' dir='ltr'>Heinsius</span> <span class='ocrx_word' id='word_1_73' title='bbox 455 747 490 784; x_wconf 91' lang='lat' dir='ltr'>in</span> <span class='ocrx_word' id='word_1_74' title='bbox 522 747 634 795; x_wconf 81' lang='lat' dir='ltr'>Virg.</span> <span class='ocrx_word' id='word_1_75' title='bbox 670 745 752 784; x_wconf 87' lang='lat' dir='ltr'>Ecl.</span> <span class='ocrx_word' id='word_1_76' title='bbox 785 743 857 783; x_wconf 92' lang='lat' dir='ltr'>llI.</span> <span class='ocrx_word' id='word_1_77' title='bbox 890 747 956 783; x_wconf 80' lang='lat'>38.</span> <span class='ocrx_word' id='word_1_78' title='bbox 1016 743 1150 783; x_wconf 89' lang='lat' dir='ltr'>Lenta</span> <span class='ocrx_word' id='word_1_79' title='bbox 1181 743 1324 797; x_wconf 79' lang='lat' dir='ltr'>quihus</span> <span class='ocrx_word' id='word_1_80' title='bbox 1355 750 1467 783; x_wconf 88' lang='lat' dir='ltr'>torno</span> <span class='ocrx_word' id='word_1_81' title='bbox 1497 744 1619 796; x_wconf 85' lang='lat' dir='ltr'>facili</span> <span class='ocrx_word' id='word_1_82' title='bbox 1650 758 1723 784; x_wconf 83' lang='lat' dir='ltr'>su-</span> 
     </span>
     <span class='ocr_line' id='line_1_10' title="bbox 83 812 1722 867; baseline -0.001 -15"><span class='ocrx_word' id='word_1_83' title='bbox 83 813 304 866; x_wconf 80' lang='lat' dir='ltr'>peraddita</span> <span class='ocrx_word' id='word_1_84' title='bbox 335 817 434 854; x_wconf 76' lang='lat' dir='ltr'>vilis</span> <span class='ocrx_word' id='word_1_85' title='bbox 465 814 648 865; x_wconf 81' lang='lat' dir='ltr'>praetulit</span> <span class='ocrx_word' id='word_1_86' title='bbox 690 815 899 863; x_wconf 78' lang='lat' dir='ltr'>scripturae</span> <span class='ocrx_word' id='word_1_87' title='bbox 944 812 1081 851; x_wconf 85' lang='lat' dir='ltr'>alteri:</span> <span class='ocrx_word' id='word_1_88' title='bbox 1124 812 1258 851; x_wconf 84' lang='lat' dir='ltr'>Lenta</span> <span class='ocrx_word' id='word_1_89' title='bbox 1299 826 1335 867; x_wconf 84' lang='lat' dir='ltr'>q.</span> <span class='ocrx_word' id='word_1_90' title='bbox 1366 819 1479 852; x_wconf 83' lang='lat' dir='ltr'>torno</span> <span class='ocrx_word' id='word_1_91' title='bbox 1508 813 1653 865; x_wconf 84' lang='lat' dir='ltr'>facilis</span> <span class='ocrx_word' id='word_1_92' title='bbox 1685 827 1722 853; x_wconf 85' lang='lat' dir='ltr'>s.</span> 
     </span>
     <span class='ocr_line' id='line_1_11' title="bbox 85 880 1723 922; baseline 0 -1"><span class='ocrx_word' id='word_1_93' title='bbox 85 884 199 921; x_wconf 70' lang='lat' dir='ltr'>vitis.</span> <span class='ocrx_word' id='word_1_94' title='bbox 264 880 405 922; x_wconf 84' lang='lat' dir='ltr'>Contra</span> <span class='ocrx_word' id='word_1_95' title='bbox 436 883 525 922; x_wconf 87' lang='lat' dir='ltr'>nihil</span> <span class='ocrx_word' id='word_1_96' title='bbox 558 883 776 922; x_wconf 83' lang='lat' dir='ltr'>offensionis</span> <span class='ocrx_word' id='word_1_97' title='bbox 808 881 949 920; x_wconf 84' lang='lat' dir='ltr'>hahent</span> <span class='ocrx_word' id='word_1_98' title='bbox 980 881 1097 920; x_wconf 88' lang='lat' dir='ltr'>talia:</span> <span class='ocrx_word' id='word_1_99' title='bbox 1130 895 1210 921; x_wconf 88' lang='lat' dir='ltr'>una</span> <span class='ocrx_word' id='word_1_100' title='bbox 1239 882 1405 921; x_wconf 76' lang='lat' dir='ltr'>horrida</span> <span class='ocrx_word' id='word_1_101' title='bbox 1436 883 1547 921; x_wconf 83' lang='lat' dir='ltr'>acies</span> <span class='ocrx_word' id='word_1_102' title='bbox 1577 881 1723 921; x_wconf 87' lang='lat' dir='ltr'>Volca-</span> 
     </span>
     <span class='ocr_line' id='line_1_12' title="bbox 85 950 1722 1003; baseline -0.001 -14"><span class='ocrx_word' id='word_1_103' title='bbox 85 955 174 1000; x_wconf 87' lang='lat' dir='ltr'>nia,</span> <span class='ocrx_word' id='word_1_104' title='bbox 210 951 323 1000; x_wconf 85' lang='lat' dir='ltr'>Virg.</span> <span class='ocrx_word' id='word_1_105' title='bbox 358 953 458 990; x_wconf 85' lang='lat' dir='ltr'>Aen.</span> <span class='ocrx_word' id='word_1_106' title='bbox 488 952 539 990; x_wconf 85' lang='lat' dir='ltr'>X.</span> <span class='ocrx_word' id='word_1_107' title='bbox 575 954 668 990; x_wconf 73' lang='lat'>408.</span> <span class='ocrx_word' id='word_1_108' title='bbox 731 951 822 989; x_wconf 86' lang='lat' dir='ltr'>an</span> <span class='ocrx_word' id='word_1_109' title='bbox 855 964 981 990; x_wconf 88' lang='lat' dir='ltr'>aurea</span> <span class='ocrx_word' id='word_1_110' title='bbox 1012 953 1127 1003; x_wconf 89' lang='lat' dir='ltr'>ripa,</span> <span class='ocrx_word' id='word_1_111' title='bbox 1160 950 1334 1001; x_wconf 87' lang='lat' dir='ltr'>Propert.</span> <span class='ocrx_word' id='word_1_112' title='bbox 1366 950 1435 991; x_wconf 83' lang='lat' dir='ltr'>IV.</span> <span class='ocrx_word' id='word_1_113' title='bbox 1466 964 1516 999; x_wconf 91' lang='lat' dir='ltr'>v,</span> <span class='ocrx_word' id='word_1_114' title='bbox 1550 953 1618 988; x_wconf 85' lang='lat'>21.</span> <span class='ocrx_word' id='word_1_115' title='bbox 1650 962 1722 989; x_wconf 93' lang='lat' dir='ltr'>non</span> 
     </span>
     <span class='ocr_line' id='line_1_13' title="bbox 84 1018 1721 1071; baseline 0.001 -14"><span class='ocrx_word' id='word_1_116' title='bbox 84 1021 207 1069; x_wconf 85' lang='lat' dir='ltr'>magis</span> <span class='ocrx_word' id='word_1_117' title='bbox 239 1033 344 1071; x_wconf 85' lang='lat' dir='ltr'>quam</span> <span class='ocrx_word' id='word_1_118' title='bbox 385 1020 481 1070; x_wconf 87' lang='lat' dir='ltr'>apud</span> <span class='ocrx_word' id='word_1_119' title='bbox 522 1031 618 1058; x_wconf 88' lang='lat' dir='ltr'>nos:</span> <span class='ocrx_word' id='word_1_120' title='bbox 661 1019 721 1057; x_wconf 89' lang='lat' dir='ltr'>die</span> <span class='ocrx_word' id='word_1_121' title='bbox 751 1018 918 1068; x_wconf 85' lang='lat' dir='ltr'>goldene</span> <span class='ocrx_word' id='word_1_122' title='bbox 950 1018 1147 1058; x_wconf 80' lang='lat' dir='ltr'>Ostkiiste.</span> <span class='ocrx_word' id='word_1_123' title='bbox 1207 1018 1247 1057; x_wconf 84' lang='lat' dir='ltr'>L.</span> <span class='ocrx_word' id='word_1_124' title='bbox 1281 1019 1487 1059; x_wconf 76' lang='lat' dir='ltr'>Santenius</span> <span class='ocrx_word' id='word_1_125' title='bbox 1518 1019 1721 1058; x_wconf 86' lang='lat' dir='ltr'>Animadv.</span> 
     </span>
     <span class='ocr_line' id='line_1_14' title="bbox 84 1086 1721 1138; baseline 0.001 -12"><span class='ocrx_word' id='word_1_126' title='bbox 84 1089 120 1126; x_wconf 92' lang='lat' dir='ltr'>in</span> <span class='ocrx_word' id='word_1_127' title='bbox 153 1088 306 1127; x_wconf 89' lang='lat' dir='ltr'>Hieron.</span> <span class='ocrx_word' id='word_1_128' title='bbox 345 1087 498 1126; x_wconf 81' lang='lat' dir='ltr'>Balbum</span> <span class='ocrx_word' id='word_1_129' title='bbox 545 1087 619 1126; x_wconf 85' lang='lat' dir='ltr'>col.</span> <span class='ocrx_word' id='word_1_130' title='bbox 666 1092 783 1126; x_wconf 77' lang='lat'>1802.</span> <span class='ocrx_word' id='word_1_131' title='bbox 833 1087 894 1126; x_wconf 90' lang='lat' dir='ltr'>uhi</span> <span class='ocrx_word' id='word_1_132' title='bbox 940 1088 987 1126; x_wconf 91' lang='lat' dir='ltr'>dc</span> <span class='ocrx_word' id='word_1_133' title='bbox 1026 1088 1213 1138; x_wconf 77' lang='lat' dir='ltr'>Propertii</span> <span class='ocrx_word' id='word_1_134' title='bbox 1254 1088 1339 1127; x_wconf 89' lang='lat' dir='ltr'>loco</span> <span class='ocrx_word' id='word_1_135' title='bbox 1371 1088 1438 1127; x_wconf 94' lang='grc' dir='ltr'><strong>ΙΙΙ.</strong></span> <span class='ocrx_word' id='word_1_136' title='bbox 1473 1104 1514 1127; x_wconf 88' lang='lat'>11.</span> <span class='ocrx_word' id='word_1_137' title='bbox 1549 1086 1648 1136; x_wconf 92' lang='lat'>(111.)</span> <span class='ocrx_word' id='word_1_138' title='bbox 1681 1092 1721 1128; x_wconf 88' lang='grc'>9.</span> 
     </span>
     <span class='ocr_line' id='line_1_15' title="bbox 80 1157 1720 1211; baseline 0.001 -15"><span class='ocrx_word' id='word_1_139' title='bbox 80 1171 331 1211; x_wconf 71' lang='lat' dir='ltr'>puynamque</span> <span class='ocrx_word' id='word_1_140' title='bbox 361 1159 571 1196; x_wconf 86' lang='lat' dir='ltr'>sinistram</span> <span class='ocrx_word' id='word_1_141' title='bbox 603 1158 871 1206; x_wconf 85' lang='lat' dir='ltr'>Cannensem,</span> <span class='ocrx_word' id='word_1_142' title='bbox 905 1158 940 1195; x_wconf 93' lang='lat' dir='ltr'>in</span> <span class='ocrx_word' id='word_1_143' title='bbox 972 1169 1044 1209; x_wconf 86' lang='lat' dir='ltr'>quo</span> <span class='ocrx_word' id='word_1_144' title='bbox 1073 1157 1302 1197; x_wconf 85' lang='lat' dir='ltr'>Cannarum</span> <span class='ocrx_word' id='word_1_145' title='bbox 1323 1157 1495 1196; x_wconf 85' lang='lat' dir='ltr'>tentabat</span> <span class='ocrx_word' id='word_1_146' title='bbox 1518 1157 1720 1197; x_wconf 84' lang='lat' dir='ltr'>Heinsius:</span> 
     </span>
     <span class='ocr_line' id='line_1_16' title="bbox 83 1226 1720 1280; baseline 0 -14"><span class='ocrx_word' id='word_1_147' title='bbox 83 1227 158 1266; x_wconf 90' lang='lat' dir='ltr'>Me</span> <span class='ocrx_word' id='word_1_148' title='bbox 187 1239 281 1266; x_wconf 74' lang='lat' dir='ltr'>vero</span> <span class='ocrx_word' id='word_1_149' title='bbox 311 1229 499 1278; x_wconf 67' lang='lat' dir='ltr'>yeriiinurn</span> <span class='ocrx_word' id='word_1_150' title='bbox 529 1228 749 1280; x_wconf 78' lang='lat' dir='ltr'>epitheton,</span> <span class='ocrx_word' id='word_1_151' title='bbox 782 1239 866 1265; x_wconf 85' lang='lat' dir='ltr'>cum</span> <span class='ocrx_word' id='word_1_152' title='bbox 898 1226 1065 1265; x_wconf 87' lang='lat' dir='ltr'>alterum</span> <span class='ocrx_word' id='word_1_153' title='bbox 1095 1239 1228 1265; x_wconf 79' lang='lat' dir='ltr'>nornen</span> <span class='ocrx_word' id='word_1_154' title='bbox 1252 1228 1457 1279; x_wconf 85' lang='lat' dir='ltr'>proprium</span> <span class='ocrx_word' id='word_1_155' title='bbox 1481 1233 1568 1275; x_wconf 86' lang='lat' dir='ltr'>est,</span> <span class='ocrx_word' id='word_1_156' title='bbox 1592 1228 1720 1267; x_wconf 81' lang='lat' dir='ltr'>minus</span> 
     </span>
     <span class='ocr_line' id='line_1_17' title="bbox 82 1294 1721 1348; baseline 0 -13"><span class='ocrx_word' id='word_1_157' title='bbox 82 1295 270 1348; x_wconf 80' lang='lat' dir='ltr'>offendit.</span> <span class='ocrx_word' id='word_1_158' title='bbox 331 1294 471 1334; x_wconf 90' lang='lat' dir='ltr'>Verum</span> <span class='ocrx_word' id='word_1_159' title='bbox 503 1308 549 1334; x_wconf 88' lang='lat' dir='ltr'>ne</span> <span class='ocrx_word' id='word_1_160' title='bbox 582 1297 664 1348; x_wconf 91' lang='lat' dir='ltr'>quis</span> <span class='ocrx_word' id='word_1_161' title='bbox 695 1296 730 1333; x_wconf 91' lang='lat' dir='ltr'>in</span> <span class='ocrx_word' id='word_1_162' title='bbox 763 1296 908 1333; x_wconf 89' lang='lat' dir='ltr'>nomine</span> <span class='ocrx_word' id='word_1_163' title='bbox 939 1295 1092 1345; x_wconf 89' lang='lat' dir='ltr'>proprio</span> <span class='ocrx_word' id='word_1_164' title='bbox 1115 1296 1242 1334; x_wconf 88' lang='lat' dir='ltr'>inesse</span> <span class='ocrx_word' id='word_1_165' title='bbox 1270 1296 1484 1345; x_wconf 84' lang='lat' dir='ltr'>existimet,</span> <span class='ocrx_word' id='word_1_166' title='bbox 1517 1296 1614 1348; x_wconf 86' lang='lat' dir='ltr'>quod</span> <span class='ocrx_word' id='word_1_167' title='bbox 1647 1308 1721 1335; x_wconf 85' lang='lat' dir='ltr'>ex-</span> 
     </span>
     <span class='ocr_line' id='line_1_18' title="bbox 83 1363 1720 1417; baseline 0 -13"><span class='ocrx_word' id='word_1_168' title='bbox 83 1367 189 1404; x_wconf 86' lang='lat' dir='ltr'>cuset</span> <span class='ocrx_word' id='word_1_169' title='bbox 218 1364 531 1413; x_wconf 71' lang='lat' dir='ltr'>geminationem,</span> <span class='ocrx_word' id='word_1_170' title='bbox 562 1363 638 1403; x_wconf 85' lang='lat' dir='ltr'>late</span> <span class='ocrx_word' id='word_1_171' title='bbox 670 1368 774 1415; x_wconf 84' lang='lat' dir='ltr'>patet</span> <span class='ocrx_word' id='word_1_172' title='bbox 805 1363 877 1402; x_wconf 87' lang='lat' dir='ltr'>hoc</span> <span class='ocrx_word' id='word_1_173' title='bbox 907 1376 1044 1413; x_wconf 87' lang='lat' dir='ltr'>genus.</span> <span class='ocrx_word' id='word_1_174' title='bbox 1106 1363 1156 1403; x_wconf 89' lang='lat' dir='ltr'>Ut</span> <span class='ocrx_word' id='word_1_175' title='bbox 1187 1365 1254 1402; x_wconf 82' lang='lat' dir='ltr'>vix</span> <span class='ocrx_word' id='word_1_176' title='bbox 1287 1363 1503 1415; x_wconf 86' lang='lat' dir='ltr'>intelligas,</span> <span class='ocrx_word' id='word_1_177' title='bbox 1536 1365 1720 1417; x_wconf 87' lang='lat' dir='ltr'>quomodo</span> 
     </span>
     <span class='ocr_line' id='line_1_19' title="bbox 81 1431 1721 1485; baseline -0.001 -13"><span class='ocrx_word' id='word_1_178' title='bbox 81 1433 216 1485; x_wconf 84' lang='lat' dir='ltr'>aliquis</span> <span class='ocrx_word' id='word_1_179' title='bbox 248 1437 311 1472; x_wconf 87' lang='lat' dir='ltr'>aut</span> <span class='ocrx_word' id='word_1_180' title='bbox 343 1434 559 1483; x_wconf 79' lang='lat' dir='ltr'>vituperare</span> <span class='ocrx_word' id='word_1_181' title='bbox 590 1434 774 1485; x_wconf 85' lang='lat' dir='ltr'>potuerit,</span> <span class='ocrx_word' id='word_1_182' title='bbox 806 1436 869 1471; x_wconf 84' lang='lat' dir='ltr'>aut</span> <span class='ocrx_word' id='word_1_183' title='bbox 899 1431 1058 1481; x_wconf 86' lang='lat' dir='ltr'>regulae</span> <span class='ocrx_word' id='word_1_184' title='bbox 1090 1432 1135 1471; x_wconf 91' lang='lat' dir='ltr'>dc</span> <span class='ocrx_word' id='word_1_185' title='bbox 1166 1445 1238 1471; x_wconf 89' lang='lat' dir='ltr'>non</span> <span class='ocrx_word' id='word_1_186' title='bbox 1269 1434 1506 1483; x_wconf 86' lang='lat' dir='ltr'>geminandis</span> <span class='ocrx_word' id='word_1_187' title='bbox 1537 1433 1721 1485; x_wconf 82' lang='lat' dir='ltr'>epithetis</span> 
     </span>
     <span class='ocr_line' id='line_1_20' title="bbox 83 1501 1720 1557; baseline 0 -16"><span class='ocrx_word' id='word_1_188' title='bbox 83 1514 276 1552; x_wconf 89' lang='lat' dir='ltr'>opponere</span> <span class='ocrx_word' id='word_1_189' title='bbox 316 1501 432 1541; x_wconf 84' lang='lat' dir='ltr'>talia:</span> <span class='ocrx_word' id='word_1_190' title='bbox 473 1501 698 1557; x_wconf 73' lang='lat' dir='ltr'>Paucaque</span> <span class='ocrx_word' id='word_1_191' title='bbox 739 1504 896 1555; x_wconf 80' lang='lat' dir='ltr'>pomosi</span> <span class='ocrx_word' id='word_1_192' title='bbox 941 1503 1083 1552; x_wconf 68' lang='lat' dir='ltr'>iuyera</span> <span class='ocrx_word' id='word_1_193' title='bbox 1124 1502 1234 1541; x_wconf 84' lang='lat' dir='ltr'>culta</span> <span class='ocrx_word' id='word_1_194' title='bbox 1276 1503 1377 1552; x_wconf 84' lang='lat' dir='ltr'>soli,</span> <span class='ocrx_word' id='word_1_195' title='bbox 1422 1502 1536 1552; x_wconf 83' lang='lat' dir='ltr'>Eleg.</span> <span class='ocrx_word' id='word_1_196' title='bbox 1580 1503 1616 1541; x_wconf 91' lang='lat' dir='ltr'>in</span> <span class='ocrx_word' id='word_1_197' title='bbox 1655 1502 1720 1541; x_wconf 91' lang='lat' dir='ltr'>ob.</span> 
     </span>
     <span class='ocr_line' id='line_1_21' title="bbox 83 1570 1720 1623; baseline -0.001 -13"><span class='ocrx_word' id='word_1_198' title='bbox 83 1570 318 1610; x_wconf 81' lang='lat' dir='ltr'>Maecenatis</span> <span class='ocrx_word' id='word_1_199' title='bbox 349 1584 388 1608; x_wconf 79' lang='lat' dir='ltr'>v.</span> <span class='ocrx_word' id='word_1_200' title='bbox 422 1570 488 1609; x_wconf 77' lang='lat'>34.</span> <span class='ocrx_word' id='word_1_201' title='bbox 521 1571 652 1610; x_wconf 82' lang='lat' dir='ltr'>lucent</span> <span class='ocrx_word' id='word_1_202' title='bbox 681 1571 907 1623; x_wconf 69' lang='lat' dir='ltr'>yenialibus</span> <span class='ocrx_word' id='word_1_203' title='bbox 947 1570 1048 1610; x_wconf 76' lang='lat' dir='ltr'>altis</span> <span class='ocrx_word' id='word_1_204' title='bbox 1086 1571 1226 1610; x_wconf 85' lang='lat' dir='ltr'>Aurea</span> <span class='ocrx_word' id='word_1_205' title='bbox 1260 1572 1401 1623; x_wconf 82' lang='lat' dir='ltr'>fulcra</span> <span class='ocrx_word' id='word_1_206' title='bbox 1440 1575 1565 1619; x_wconf 83' lang='lat' dir='ltr'>toris,</span> <span class='ocrx_word' id='word_1_207' title='bbox 1604 1571 1720 1621; x_wconf 84' lang='lat' dir='ltr'>Virg.</span> 
     </span>
     <span class='ocr_line' id='line_1_22' title="bbox 82 1638 1719 1694; baseline 0.001 -16"><span class='ocrx_word' id='word_1_208' title='bbox 82 1639 183 1678; x_wconf 85' lang='lat' dir='ltr'>Aen.</span> <span class='ocrx_word' id='word_1_209' title='bbox 215 1638 285 1678; x_wconf 90' lang='lat' dir='ltr'>VI.</span> <span class='ocrx_word' id='word_1_210' title='bbox 319 1643 412 1677; x_wconf 80' lang='lat'><strong>603.</strong></span> <span class='ocrx_word' id='word_1_211' title='bbox 453 1640 601 1691; x_wconf 72' lang='lat' dir='ltr'>infelix</span> <span class='ocrx_word' id='word_1_212' title='bbox 638 1642 793 1680; x_wconf 77' lang='lat' dir='ltr'>humero</span> <span class='ocrx_word' id='word_1_213' title='bbox 833 1653 947 1694; x_wconf 80' lang='lat' dir='ltr'>quum</span> <span class='ocrx_word' id='word_1_214' title='bbox 977 1640 1172 1692; x_wconf 77' lang='lat' dir='ltr'>adparuit</span> <span class='ocrx_word' id='word_1_215' title='bbox 1202 1643 1340 1692; x_wconf 66' lang='lat' dir='ltr'>inglens</span> <span class='ocrx_word' id='word_1_216' title='bbox 1371 1641 1570 1690; x_wconf 77' lang='lat' dir='ltr'>Balteus,</span> <span class='ocrx_word' id='word_1_217' title='bbox 1602 1641 1719 1690; x_wconf 87' lang='lat' dir='ltr'>Virg.</span> 
     </span>
     <span class='ocr_line' id='line_1_23' title="bbox 82 1706 1720 1759; baseline 0.001 -13"><span class='ocrx_word' id='word_1_218' title='bbox 82 1709 184 1746; x_wconf 91' lang='lat' dir='ltr'>Aen.</span> <span class='ocrx_word' id='word_1_219' title='bbox 207 1706 295 1747; x_wconf 87' lang='lat' dir='ltr'>XII.</span> <span class='ocrx_word' id='word_1_220' title='bbox 328 1711 422 1746; x_wconf 71' lang='lat'>941.</span> <span class='ocrx_word' id='word_1_221' title='bbox 455 1715 598 1748; x_wconf 87' lang='lat' dir='ltr'>castus</span> <span class='ocrx_word' id='word_1_222' title='bbox 630 1710 828 1749; x_wconf 83' lang='lat' dir='ltr'>Evinctus</span> <span class='ocrx_word' id='word_1_223' title='bbox 860 1711 967 1749; x_wconf 78' lang='lat' dir='ltr'>‘cilta</span> <span class='ocrx_word' id='word_1_224' title='bbox 997 1711 1129 1748; x_wconf 77' lang='lat' dir='ltr'>crines</span> <span class='ocrx_word' id='word_1_225' title='bbox 1162 1710 1319 1749; x_wconf 78' lang='lat' dir='ltr'>albente</span> <span class='ocrx_word' id='word_1_226' title='bbox 1348 1711 1569 1759; x_wconf 76' lang='lat' dir='ltr'>sacerdos,</span> <span class='ocrx_word' id='word_1_227' title='bbox 1602 1708 1720 1749; x_wconf 78' lang='lat' dir='ltr'>Ovid.</span> 
     </span>
     <span class='ocr_line' id='line_1_24' title="bbox 81 1777 1720 1818; baseline 0.001 -2"><span class='ocrx_word' id='word_1_228' title='bbox 81 1777 237 1816; x_wconf 84' lang='lat' dir='ltr'>Metam.</span> <span class='ocrx_word' id='word_1_229' title='bbox 269 1777 359 1816; x_wconf 76' lang='lat' dir='ltr'>XV.</span> <span class='ocrx_word' id='word_1_230' title='bbox 389 1779 482 1816; x_wconf 74' lang='lat'><strong>675.</strong></span> <span class='ocrx_word' id='word_1_231' title='bbox 508 1782 544 1816; x_wconf 90' lang='grc'>6.</span> <span class='ocrx_word' id='word_1_232' title='bbox 605 1778 690 1817; x_wconf 89' lang='lat' dir='ltr'>Non</span> <span class='ocrx_word' id='word_1_233' title='bbox 722 1778 909 1817; x_wconf 83' lang='lat' dir='ltr'>contendo</span> <span class='ocrx_word' id='word_1_234' title='bbox 941 1778 998 1816; x_wconf 84' lang='lat' dir='ltr'>sio</span> <span class='ocrx_word' id='word_1_235' title='bbox 1028 1778 1251 1817; x_wconf 80' lang='lat' dir='ltr'>scribendos</span> <span class='ocrx_word' id='word_1_236' title='bbox 1281 1790 1370 1817; x_wconf 88' lang='lat' dir='ltr'>esse</span> <span class='ocrx_word' id='word_1_237' title='bbox 1400 1778 1470 1817; x_wconf 86' lang='lat' dir='ltr'>hos</span> <span class='ocrx_word' id='word_1_238' title='bbox 1501 1778 1608 1818; x_wconf 88' lang='lat' dir='ltr'>locos</span> <span class='ocrx_word' id='word_1_239' title='bbox 1639 1791 1720 1818; x_wconf 88' lang='lat' dir='ltr'>orn-</span> 
     </span>
     <span class='ocr_line' id='line_1_25' title="bbox 81 1845 1720 1897; baseline 0.002 -13"><span class='ocrx_word' id='word_1_240' title='bbox 81 1857 178 1885; x_wconf 85' lang='lat' dir='ltr'>nes:</span> <span class='ocrx_word' id='word_1_241' title='bbox 211 1845 386 1891; x_wconf 86' lang='lat' dir='ltr'>laudavi,</span> <span class='ocrx_word' id='word_1_242' title='bbox 420 1849 459 1885; x_wconf 90' lang='lat' dir='ltr'>ut</span> <span class='ocrx_word' id='word_1_243' title='bbox 489 1847 621 1897; x_wconf 87' lang='lat' dir='ltr'>scripti</span> <span class='ocrx_word' id='word_1_244' title='bbox 653 1848 861 1886; x_wconf 85' lang='lat' dir='ltr'>asseruntur</span> <span class='ocrx_word' id='word_1_245' title='bbox 890 1860 913 1885; x_wconf 86' lang='lat' dir='ltr'>a</span> <span class='ocrx_word' id='word_1_246' title='bbox 944 1846 1096 1886; x_wconf 82' lang='lat' dir='ltr'>Gil&#39;anio</span> <span class='ocrx_word' id='word_1_247' title='bbox 1129 1850 1167 1886; x_wconf 89' lang='lat' dir='ltr'>et</span> <span class='ocrx_word' id='word_1_248' title='bbox 1197 1847 1450 1887; x_wconf 80' lang='lat' dir='ltr'>Broukhusio.</span> <span class='ocrx_word' id='word_1_249' title='bbox 1511 1848 1595 1887; x_wconf 87' lang='lat' dir='ltr'>Hoc</span> <span class='ocrx_word' id='word_1_250' title='bbox 1627 1860 1720 1887; x_wconf 88' lang='lat' dir='ltr'>con-</span> 
     </span>
     <span class='ocr_line' id='line_1_26' title="bbox 83 1915 1722 1972; baseline 0.001 -18"><span class='ocrx_word' id='word_1_251' title='bbox 83 1915 216 1960; x_wconf 83' lang='lat' dir='ltr'>tendo,</span> <span class='ocrx_word' id='word_1_252' title='bbox 261 1915 435 1965; x_wconf 84' lang='lat' dir='ltr'>potuisse</span> <span class='ocrx_word' id='word_1_253' title='bbox 466 1915 517 1953; x_wconf 88' lang='lat' dir='ltr'>ita</span> <span class='ocrx_word' id='word_1_254' title='bbox 546 1927 568 1953; x_wconf 87' lang='lat' dir='ltr'>a</span> <span class='ocrx_word' id='word_1_255' title='bbox 597 1917 723 1966; x_wconf 84' lang='lat' dir='ltr'>poetis</span> <span class='ocrx_word' id='word_1_256' title='bbox 754 1915 891 1965; x_wconf 79' lang='lat' dir='ltr'>scribi,</span> <span class='ocrx_word' id='word_1_257' title='bbox 933 1916 1076 1968; x_wconf 83' lang='lat' dir='ltr'>absque</span> <span class='ocrx_word' id='word_1_258' title='bbox 1106 1916 1327 1955; x_wconf 82' lang='lat' dir='ltr'>offensione.</span> <span class='ocrx_word' id='word_1_259' title='bbox 1388 1917 1549 1972; x_wconf 73' lang='lat' dir='ltr'>Scilicet</span> <span class='ocrx_word' id='word_1_260' title='bbox 1579 1917 1631 1956; x_wconf 84' lang='lat' dir='ltr'>ita</span> <span class='ocrx_word' id='word_1_261' title='bbox 1660 1919 1722 1957; x_wconf 82' lang='lat' dir='ltr'>est</span> 
     </span>
     <span class='ocr_line' id='line_1_27' title="bbox 83 1981 1719 2037; baseline 0.001 -15"><span class='ocrx_word' id='word_1_262' title='bbox 83 1984 119 2022; x_wconf 90' lang='lat' dir='ltr'>in</span> <span class='ocrx_word' id='word_1_263' title='bbox 151 1982 210 2021; x_wconf 89' lang='lat' dir='ltr'>his</span> <span class='ocrx_word' id='word_1_264' title='bbox 241 1981 338 2021; x_wconf 89' lang='lat' dir='ltr'>loeis</span> <span class='ocrx_word' id='word_1_265' title='bbox 369 1986 500 2021; x_wconf 86' lang='lat' dir='ltr'>natura</span> <span class='ocrx_word' id='word_1_266' title='bbox 531 1985 781 2034; x_wconf 59' lang='lat' dir='ltr'>epium-torum</span> <span class='ocrx_word' id='word_1_267' title='bbox 815 1984 987 2033; x_wconf 88' lang='lat' dir='ltr'>diversa,</span> <span class='ocrx_word' id='word_1_268' title='bbox 1020 1988 1059 2024; x_wconf 83' lang='lat' dir='ltr'>ut</span> <span class='ocrx_word' id='word_1_269' title='bbox 1090 1985 1162 2023; x_wconf 86' lang='lat' dir='ltr'>duo</span> <span class='ocrx_word' id='word_1_270' title='bbox 1195 1997 1284 2024; x_wconf 89' lang='lat' dir='ltr'>esse</span> <span class='ocrx_word' id='word_1_271' title='bbox 1314 1985 1424 2037; x_wconf 87' lang='lat' dir='ltr'>plane</span> <span class='ocrx_word' id='word_1_272' title='bbox 1455 1999 1527 2025; x_wconf 92' lang='lat' dir='ltr'>non</span> <span class='ocrx_word' id='word_1_273' title='bbox 1555 1986 1719 2024; x_wconf 86' lang='lat' dir='ltr'>animad-</span> 
     </span>
     <span class='ocr_line' id='line_1_28' title="bbox 84 2053 1721 2096; baseline 0.002 -6"><span class='ocrx_word' id='word_1_274' title='bbox 84 2056 280 2090; x_wconf 80' lang='lat' dir='ltr'>vertatur:</span> <span class='ocrx_word' id='word_1_275' title='bbox 315 2064 421 2089; x_wconf 90' lang='lat' dir='ltr'>unum</span> <span class='ocrx_word' id='word_1_276' title='bbox 453 2064 610 2096; x_wconf 85' lang='lat' dir='ltr'>ornans,</span> <span class='ocrx_word' id='word_1_277' title='bbox 645 2053 800 2091; x_wconf 85' lang='lat' dir='ltr'>alterum</span> <span class='ocrx_word' id='word_1_278' title='bbox 833 2066 911 2091; x_wconf 87' lang='lat' dir='ltr'>eum</span> <span class='ocrx_word' id='word_1_279' title='bbox 944 2055 1132 2092; x_wconf 85' lang='lat' dir='ltr'>sententia</span> <span class='ocrx_word' id='word_1_280' title='bbox 1161 2055 1302 2092; x_wconf 87' lang='lat' dir='ltr'>arctius</span> <span class='ocrx_word' id='word_1_281' title='bbox 1335 2056 1582 2094; x_wconf 85' lang='lat' dir='ltr'>coniunctum.</span> <span class='ocrx_word' id='word_1_282' title='bbox 1636 2055 1721 2094; x_wconf 86' lang='lat' dir='ltr'>Iloc</span> 
     </span>
     <span class='ocr_line' id='line_1_29' title="bbox 84 2120 1721 2174; baseline 0.002 -15"><span class='ocrx_word' id='word_1_283' title='bbox 84 2133 233 2172; x_wconf 81' lang='lat' dir='ltr'>quoque</span> <span class='ocrx_word' id='word_1_284' title='bbox 268 2120 451 2159; x_wconf 78' lang='lat' dir='ltr'>vertendo</span> <span class='ocrx_word' id='word_1_285' title='bbox 484 2120 677 2160; x_wconf 84' lang='lat' dir='ltr'>declarare</span> <span class='ocrx_word' id='word_1_286' title='bbox 700 2121 1050 2171; x_wconf 81' lang='lat' dir='ltr'>licetgcrmaniee:</span> <span class='ocrx_word' id='word_1_287' title='bbox 1083 2121 1204 2162; x_wconf 88' lang='lat' dir='ltr'>hohes</span> <span class='ocrx_word' id='word_1_288' title='bbox 1220 2122 1464 2173; x_wconf 87' lang='lat' dir='ltr'>Prachthett,</span> <span class='ocrx_word' id='word_1_289' title='bbox 1493 2124 1560 2163; x_wconf 88' lang='lat' dir='ltr'>der</span> <span class='ocrx_word' id='word_1_290' title='bbox 1578 2136 1721 2174; x_wconf 87' lang='lat' dir='ltr'>grosse</span> 
     </span>
     <span class='ocr_line' id='line_1_30' title="bbox 85 2188 1720 2244; baseline 0.002 -16"><span class='ocrx_word' id='word_1_291' title='bbox 85 2188 403 2239; x_wconf 72' lang='lat' dir='ltr'>Ungliielzsgurt3</span> <span class='ocrx_word' id='word_1_292' title='bbox 448 2202 660 2242; x_wconf 77' lang='lat' dir='ltr'>quamquam</span> <span class='ocrx_word' id='word_1_293' title='bbox 694 2191 823 2229; x_wconf 87' lang='lat' dir='ltr'>melius</span> <span class='ocrx_word' id='word_1_294' title='bbox 855 2191 951 2242; x_wconf 85' lang='lat' dir='ltr'>apud</span> <span class='ocrx_word' id='word_1_295' title='bbox 984 2193 1131 2242; x_wconf 89' lang='lat' dir='ltr'>poetam</span> <span class='ocrx_word' id='word_1_296' title='bbox 1163 2191 1313 2231; x_wconf 89' lang='lat' dir='ltr'>latinum</span> <span class='ocrx_word' id='word_1_297' title='bbox 1343 2194 1461 2244; x_wconf 90' lang='lat' dir='ltr'>primo</span> <span class='ocrx_word' id='word_1_298' title='bbox 1492 2192 1577 2233; x_wconf 86' lang='lat' dir='ltr'>loco</span> <span class='ocrx_word' id='word_1_299' title='bbox 1608 2194 1720 2244; x_wconf 90' lang='lat' dir='ltr'>poni-</span> 
     </span>
     <span class='ocr_line' id='line_1_31' title="bbox 86 2259 1720 2312; baseline 0.001 -14"><span class='ocrx_word' id='word_1_300' title='bbox 86 2263 146 2298; x_wconf 90' lang='lat' dir='ltr'>tur</span> <span class='ocrx_word' id='word_1_301' title='bbox 177 2259 342 2310; x_wconf 73' lang='lat' dir='ltr'>infelix,</span> <span class='ocrx_word' id='word_1_302' title='bbox 376 2261 415 2297; x_wconf 89' lang='lat' dir='ltr'>ut</span> <span class='ocrx_word' id='word_1_303' title='bbox 445 2260 478 2297; x_wconf 93' lang='lat' dir='ltr'>in</span> <span class='ocrx_word' id='word_1_304' title='bbox 511 2271 584 2312; x_wconf 90' lang='lat' dir='ltr'>quo</span> <span class='ocrx_word' id='word_1_305' title='bbox 616 2261 676 2297; x_wconf 85' lang='lat' dir='ltr'>vis</span> <span class='ocrx_word' id='word_1_306' title='bbox 708 2263 767 2299; x_wconf 87' lang='lat' dir='ltr'>est</span> <span class='ocrx_word' id='word_1_307' title='bbox 797 2261 1022 2299; x_wconf 86' lang='lat' dir='ltr'>sententiae.</span> <span class='ocrx_word' id='word_1_308' title='bbox 1082 2261 1222 2300; x_wconf 86' lang='lat' dir='ltr'>Eodem</span> <span class='ocrx_word' id='word_1_309' title='bbox 1249 2261 1356 2300; x_wconf 90' lang='lat' dir='ltr'>modo</span> <span class='ocrx_word' id='word_1_310' title='bbox 1378 2259 1552 2301; x_wconf 84' lang='lat' dir='ltr'>Catullus</span> <span class='ocrx_word' id='word_1_311' title='bbox 1583 2263 1617 2300; x_wconf 95' lang='lat' dir='ltr'>in</span> <span class='ocrx_word' id='word_1_312' title='bbox 1639 2261 1720 2302; x_wconf 90' lang='lat' dir='ltr'>Co-</span> 
     </span>
     <span class='ocr_line' id='line_1_32' title="bbox 84 2328 1719 2383; baseline 0.002 -17"><span class='ocrx_word' id='word_1_313' title='bbox 84 2339 142 2366; x_wconf 87' lang='lat' dir='ltr'>ma</span> <span class='ocrx_word' id='word_1_314' title='bbox 172 2328 307 2366; x_wconf 81' lang='lat' dir='ltr'>Bcren.</span> <span class='ocrx_word' id='word_1_315' title='bbox 334 2330 401 2366; x_wconf 75' lang='lat'>85.</span> <span class='ocrx_word' id='word_1_316' title='bbox 433 2328 555 2368; x_wconf 84' lang='lat' dir='ltr'>Illius</span> <span class='ocrx_word' id='word_1_317' title='bbox 588 2330 638 2368; x_wconf 81' lang='lat' dir='ltr'>ali</span> <span class='ocrx_word' id='word_1_318' title='bbox 669 2330 778 2368; x_wconf 82' lang='lat' dir='ltr'>mala</span> <span class='ocrx_word' id='word_1_319' title='bbox 810 2330 916 2369; x_wconf 84' lang='lat' dir='ltr'>dona</span> <span class='ocrx_word' id='word_1_320' title='bbox 947 2330 1051 2370; x_wconf 73' lang='lat' dir='ltr'>levis</span> <span class='ocrx_word' id='word_1_321' title='bbox 1085 2330 1193 2369; x_wconf 85' lang='lat' dir='ltr'>bibat</span> <span class='ocrx_word' id='word_1_322' title='bbox 1223 2332 1342 2369; x_wconf 86' lang='lat' dir='ltr'>irrita</span> <span class='ocrx_word' id='word_1_323' title='bbox 1368 2331 1540 2383; x_wconf 77' lang='lat' dir='ltr'>pulvis:</span> <span class='ocrx_word' id='word_1_324' title='bbox 1573 2331 1635 2370; x_wconf 90' lang='lat' dir='ltr'>ubi</span> <span class='ocrx_word' id='word_1_325' title='bbox 1660 2335 1719 2371; x_wconf 85' lang='lat' dir='ltr'>ir-</span> 
     </span>
     <span class='ocr_line' id='line_1_33' title="bbox 84 2396 1720 2452; baseline 0.001 -16"><span class='ocrx_word' id='word_1_326' title='bbox 84 2400 167 2436; x_wconf 81' lang='lat' dir='ltr'>rita</span> <span class='ocrx_word' id='word_1_327' title='bbox 198 2399 257 2435; x_wconf 90' lang='lat' dir='ltr'>est</span> <span class='ocrx_word' id='word_1_328' title='bbox 287 2402 329 2435; x_wconf 80' lang='lat' dir='ltr'>ut</span> <span class='ocrx_word' id='word_1_329' title='bbox 358 2396 458 2448; x_wconf 76' lang='lat' dir='ltr'>fiant</span> <span class='ocrx_word' id='word_1_330' title='bbox 488 2400 619 2437; x_wconf 81' lang='lat' dir='ltr'>irrita.</span> <span class='ocrx_word' id='word_1_331' title='bbox 681 2398 758 2437; x_wconf 85' lang='lat' dir='ltr'>Sed</span> <span class='ocrx_word' id='word_1_332' title='bbox 793 2398 975 2439; x_wconf 82' lang='lat' dir='ltr'>Catullum</span> <span class='ocrx_word' id='word_1_333' title='bbox 1007 2402 1097 2450; x_wconf 90' lang='lat' dir='ltr'>puto</span> <span class='ocrx_word' id='word_1_334' title='bbox 1128 2412 1178 2438; x_wconf 84' lang='lat' dir='ltr'>ex</span> <span class='ocrx_word' id='word_1_335' title='bbox 1209 2400 1255 2438; x_wconf 90' lang='lat' dir='ltr'>iis</span> <span class='ocrx_word' id='word_1_336' title='bbox 1285 2412 1394 2450; x_wconf 87' lang='lat' dir='ltr'>esse,</span> <span class='ocrx_word' id='word_1_337' title='bbox 1427 2401 1486 2452; x_wconf 90' lang='lat' dir='ltr'>qui</span> <span class='ocrx_word' id='word_1_338' title='bbox 1519 2401 1627 2439; x_wconf 87' lang='lat' dir='ltr'>etiam</span> <span class='ocrx_word' id='word_1_339' title='bbox 1660 2399 1720 2438; x_wconf 82' lang='lat' dir='ltr'>ul-</span> 
     </span>
     <span class='ocr_line' id='line_1_34' title="bbox 86 2465 1719 2519; baseline 0.001 -14"><span class='ocrx_word' id='word_1_340' title='bbox 86 2469 143 2506; x_wconf 85' lang='lat' dir='ltr'>tra</span> <span class='ocrx_word' id='word_1_341' title='bbox 173 2465 268 2503; x_wconf 85' lang='lat' dir='ltr'>hanc</span> <span class='ocrx_word' id='word_1_342' title='bbox 299 2465 545 2504; x_wconf 84' lang='lat' dir='ltr'>conditionem</span> <span class='ocrx_word' id='word_1_343' title='bbox 576 2467 857 2515; x_wconf 85' lang='lat' dir='ltr'>geminaverint</span> <span class='ocrx_word' id='word_1_344' title='bbox 897 2467 1077 2519; x_wconf 84' lang='lat' dir='ltr'>epitheta.</span> <span class='ocrx_word' id='word_1_345' title='bbox 1138 2468 1228 2507; x_wconf 82' lang='lat' dir='ltr'>Alia</span> <span class='ocrx_word' id='word_1_346' title='bbox 1259 2470 1354 2508; x_wconf 87' lang='lat' dir='ltr'>ratio</span> <span class='ocrx_word' id='word_1_347' title='bbox 1386 2472 1446 2509; x_wconf 86' lang='lat' dir='ltr'>est</span> <span class='ocrx_word' id='word_1_348' title='bbox 1476 2468 1547 2508; x_wconf 88' lang='lat' dir='ltr'>loci</span> <span class='ocrx_word' id='word_1_349' title='bbox 1580 2468 1719 2517; x_wconf 87' lang='lat' dir='ltr'>Virgi-</span> 
     </span>
     <span class='ocr_line' id='line_1_35' title="bbox 85 2534 1719 2592; baseline 0.003 -19"><span class='ocrx_word' id='word_1_350' title='bbox 85 2535 175 2574; x_wconf 89' lang='lat' dir='ltr'>liani</span> <span class='ocrx_word' id='word_1_351' title='bbox 208 2547 229 2573; x_wconf 89' lang='lat' dir='ltr'>e</span> <span class='ocrx_word' id='word_1_352' title='bbox 260 2534 403 2586; x_wconf 86' lang='lat' dir='ltr'>Georg.</span> <span class='ocrx_word' id='word_1_353' title='bbox 436 2534 504 2574; x_wconf 89' lang='lat' dir='ltr'>lv.</span> <span class='ocrx_word' id='word_1_354' title='bbox 539 2540 633 2575; x_wconf 70' lang='lat'><strong>370.</strong></span> <span class='ocrx_word' id='word_1_355' title='bbox 672 2538 941 2592; x_wconf 64' lang='lat' dir='ltr'>Samosusque</span> <span class='ocrx_word' id='word_1_356' title='bbox 982 2550 1135 2577; x_wconf 85' lang='lat' dir='ltr'>sonans</span> <span class='ocrx_word' id='word_1_357' title='bbox 1176 2538 1392 2591; x_wconf 75' lang='lat' dir='ltr'>Hypanis,</span> <span class='ocrx_word' id='word_1_358' title='bbox 1436 2539 1497 2577; x_wconf 91' lang='lat' dir='ltr'>ubi</span> <span class='ocrx_word' id='word_1_359' title='bbox 1538 2551 1719 2578; x_wconf 71' lang='lat' dir='ltr'>saxosus</span> 
     </span>
     <span class='ocr_line' id='line_1_36' title="bbox 85 2603 1718 2659; baseline 0.002 -17"><span class='ocrx_word' id='word_1_360' title='bbox 85 2603 357 2643; x_wconf 81' lang='lat' dir='ltr'>adverbialiter</span> <span class='ocrx_word' id='word_1_361' title='bbox 388 2604 664 2654; x_wconf 87' lang='lat' dir='ltr'>accipiendum,</span> <span class='ocrx_word' id='word_1_362' title='bbox 702 2607 877 2656; x_wconf 89' lang='lat' dir='ltr'>poetice,</span> <span class='ocrx_word' id='word_1_363' title='bbox 918 2619 986 2657; x_wconf 92' lang='lat' dir='ltr'>pro</span> <span class='ocrx_word' id='word_1_364' title='bbox 1018 2619 1236 2647; x_wconf 75' lang='lat' dir='ltr'>saxosum:</span> <span class='ocrx_word' id='word_1_365' title='bbox 1276 2610 1315 2647; x_wconf 86' lang='lat' dir='ltr'>ut</span> <span class='ocrx_word' id='word_1_366' title='bbox 1352 2607 1456 2647; x_wconf 87' lang='lat' dir='ltr'>lenis</span> <span class='ocrx_word' id='word_1_367' title='bbox 1496 2610 1718 2659; x_wconf 79' lang='lat' dir='ltr'>crepitans,</span> 
     </span>
     <span class='ocr_line' id='line_1_37' title="bbox 86 2671 1720 2724; baseline 0.002 -13"><span class='ocrx_word' id='word_1_368' title='bbox 86 2685 155 2724; x_wconf 91' lang='lat' dir='ltr'>pro</span> <span class='ocrx_word' id='word_1_369' title='bbox 187 2673 328 2711; x_wconf 83' lang='lat' dir='ltr'>leniter</span> <span class='ocrx_word' id='word_1_370' title='bbox 359 2671 420 2709; x_wconf 53' lang='lat' dir='ltr'>wel</span> <span class='ocrx_word' id='word_1_371' title='bbox 453 2672 560 2722; x_wconf 89' lang='lat' dir='ltr'>lene,</span> <span class='ocrx_word' id='word_1_372' title='bbox 594 2675 752 2712; x_wconf 82' lang='lat' dir='ltr'>Aeneid.</span> <span class='ocrx_word' id='word_1_373' title='bbox 778 2675 846 2714; x_wconf 89' lang='lat'>111.</span> <span class='ocrx_word' id='word_1_374' title='bbox 873 2680 937 2715; x_wconf 69' lang='lat'>70.</span> <span class='ocrx_word' id='word_1_375' title='bbox 999 2675 1112 2714; x_wconf 87' lang='lat' dir='ltr'>Utilis</span> <span class='ocrx_word' id='word_1_376' title='bbox 1144 2677 1252 2715; x_wconf 87' lang='lat' dir='ltr'>etiam</span> <span class='ocrx_word' id='word_1_377' title='bbox 1278 2676 1451 2716; x_wconf 87' lang='lat' dir='ltr'>Santcnii</span> <span class='ocrx_word' id='word_1_378' title='bbox 1474 2677 1509 2715; x_wconf 83' lang='lat' dir='ltr'>In</span> <span class='ocrx_word' id='word_1_379' title='bbox 1538 2677 1586 2715; x_wconf 87' lang='grc'>11.</span> <span class='ocrx_word' id='word_1_380' title='bbox 1610 2676 1720 2714; x_wconf 83' lang='lat' dir='ltr'>Balbi</span> 
     </span>
     <span class='ocr_line' id='line_1_38' title="bbox 88 2743 1720 2796; baseline 0.002 -16"><span class='ocrx_word' id='word_1_381' title='bbox 88 2754 241 2780; x_wconf 85' lang='lat' dir='ltr'>versum</span> <span class='ocrx_word' id='word_1_382' title='bbox 286 2743 355 2780; x_wconf 76' lang='lat' dir='ltr'>Sic</span> <span class='ocrx_word' id='word_1_383' title='bbox 385 2747 457 2779; x_wconf 85' lang='lat' dir='ltr'>tua</span> <span class='ocrx_word' id='word_1_384' title='bbox 496 2743 626 2791; x_wconf 83' lang='lat' dir='ltr'>forma</span> <span class='ocrx_word' id='word_1_385' title='bbox 659 2744 803 2784; x_wconf 82' lang='lat' dir='ltr'>decens</span> <span class='ocrx_word' id='word_1_386' title='bbox 837 2745 952 2796; x_wconf 69' lang='lat' dir='ltr'>lonqo</span> <span class='ocrx_word' id='word_1_387' title='bbox 983 2745 1194 2784; x_wconf 79' lang='lat' dir='ltr'>vitiabitur</span> <span class='ocrx_word' id='word_1_388' title='bbox 1225 2758 1348 2794; x_wconf 86' lang='lat' dir='ltr'>aevo,</span> <span class='ocrx_word' id='word_1_389' title='bbox 1390 2744 1461 2784; x_wconf 93' lang='lat' dir='ltr'>col.</span> <span class='ocrx_word' id='word_1_390' title='bbox 1498 2748 1617 2784; x_wconf 72' lang='lat'>1807.</span> <span class='ocrx_word' id='word_1_391' title='bbox 1649 2745 1720 2783; x_wconf 85' lang='lat' dir='ltr'>ad-</span> 
     </span>
     <span class='ocr_line' id='line_1_39' title="bbox 87 2810 1720 2867; baseline 0.004 -19"><span class='ocrx_word' id='word_1_392' title='bbox 87 2811 264 2849; x_wconf 90' lang='lat' dir='ltr'>monitio:</span> <span class='ocrx_word' id='word_1_393' title='bbox 298 2811 417 2849; x_wconf 67' lang='lat' dir='ltr'>Naso</span> <span class='ocrx_word' id='word_1_394' title='bbox 451 2810 545 2858; x_wconf 91' lang='lat' dir='ltr'>III,</span> <span class='ocrx_word' id='word_1_395' title='bbox 584 2811 707 2851; x_wconf 81' lang='lat' dir='ltr'>Trist.</span> <span class='ocrx_word' id='word_1_396' title='bbox 741 2827 820 2863; x_wconf 91' lang='lat' dir='ltr'>v11,</span> <span class='ocrx_word' id='word_1_397' title='bbox 853 2819 920 2853; x_wconf 78' lang='lat'>33.</span> <span class='ocrx_word' id='word_1_398' title='bbox 964 2814 1057 2853; x_wconf 82' lang='lat' dir='ltr'>Ista</span> <span class='ocrx_word' id='word_1_399' title='bbox 1087 2815 1232 2854; x_wconf 81' lang='lat' dir='ltr'>decens</span> <span class='ocrx_word' id='word_1_400' title='bbox 1262 2816 1397 2867; x_wconf 80' lang='lat' dir='ltr'>facies</span> <span class='ocrx_word' id='word_1_401' title='bbox 1429 2816 1560 2867; x_wconf 71' lang='lat' dir='ltr'>lonyis</span> <span class='ocrx_word' id='word_1_402' title='bbox 1592 2816 1720 2854; x_wconf 78' lang='lat' dir='ltr'>vilia-</span> 
     </span>
     <span class='ocr_line' id='line_1_40' title="bbox 91 2878 1718 2937; baseline 0.003 -19"><span class='ocrx_word' id='word_1_403' title='bbox 91 2879 194 2918; x_wconf 79' lang='lat' dir='ltr'>bilm·</span> <span class='ocrx_word' id='word_1_404' title='bbox 225 2882 357 2918; x_wconf 79' lang='lat' dir='ltr'>annis.</span> <span class='ocrx_word' id='word_1_405' title='bbox 420 2878 631 2928; x_wconf 66' lang='lat' dir='ltr'>Observa,</span> <span class='ocrx_word' id='word_1_406' title='bbox 665 2894 748 2921; x_wconf 82' lang='lat' dir='ltr'>cum</span> <span class='ocrx_word' id='word_1_407' title='bbox 778 2884 975 2935; x_wconf 75' lang='lat' dir='ltr'>epitheton</span> <span class='ocrx_word' id='word_1_408' title='bbox 1007 2883 1172 2923; x_wconf 77' lang='lat' dir='ltr'>alterum</span> <span class='ocrx_word' id='word_1_409' title='bbox 1202 2891 1265 2923; x_wconf 83' lang='lat' dir='ltr'>est</span> <span class='ocrx_word' id='word_1_410' title='bbox 1293 2896 1522 2937; x_wconf 86' lang='lat' dir='ltr'>pronomen,</span> <span class='ocrx_word' id='word_1_411' title='bbox 1541 2885 1718 2934; x_wconf 57' lang='lat' dir='ltr'>flemina-</span> 
     </span>
     <span class='ocr_line' id='line_1_41' title="bbox 88 2949 1717 3003; baseline 0.003 -17"><span class='ocrx_word' id='word_1_412' title='bbox 88 2951 187 2987; x_wconf 73' lang='lat' dir='ltr'>tioni</span> <span class='ocrx_word' id='word_1_413' title='bbox 226 2949 323 2987; x_wconf 72' lang='lat' dir='ltr'>nillil</span> <span class='ocrx_word' id='word_1_414' title='bbox 362 2951 522 2998; x_wconf 72' lang='lat' dir='ltr'>inesse,</span> <span class='ocrx_word' id='word_1_415' title='bbox 572 2950 677 3001; x_wconf 80' lang='lat' dir='ltr'>quod</span> <span class='ocrx_word' id='word_1_416' title='bbox 720 2952 1004 3003; x_wconf 80' lang='lat' dir='ltr'>reprehendas.</span> <span class='ocrx_word' id='word_1_417' title='bbox 1079 2951 1277 2993; x_wconf 82' lang='lat' dir='ltr'>Credimus</span> <span class='ocrx_word' id='word_1_418' title='bbox 1318 2953 1400 2990; x_wconf 83' lang='lat' dir='ltr'>viro</span> <span class='ocrx_word' id='word_1_419' title='bbox 1440 2952 1477 2989; x_wconf 90' lang='lat' dir='ltr'>iu</span> <span class='ocrx_word' id='word_1_420' title='bbox 1508 2951 1580 2991; x_wconf 84' lang='lat' dir='ltr'>hac</span> <span class='ocrx_word' id='word_1_421' title='bbox 1610 2953 1717 3003; x_wconf 88' lang='lat' dir='ltr'>poesi</span> 
     </span>
     <span class='ocr_line' id='line_1_42' title="bbox 90 3018 1716 3074; baseline 0.004 -19"><span class='ocrx_word' id='word_1_422' title='bbox 90 3029 194 3068; x_wconf 81' lang='lat' dir='ltr'>quam</span> <span class='ocrx_word' id='word_1_423' title='bbox 239 3018 397 3057; x_wconf 80' lang='lat' dir='ltr'>maxime</span> <span class='ocrx_word' id='word_1_424' title='bbox 440 3021 622 3058; x_wconf 78' lang='lat' dir='ltr'>versato:</span> <span class='ocrx_word' id='word_1_425' title='bbox 668 3019 741 3058; x_wconf 79' lang='lat' dir='ltr'>etsi</span> <span class='ocrx_word' id='word_1_426' title='bbox 778 3031 852 3059; x_wconf 89' lang='lat' dir='ltr'>uon</span> <span class='ocrx_word' id='word_1_427' title='bbox 890 3034 1007 3073; x_wconf 83' lang='lat' dir='ltr'>saepe</span> <span class='ocrx_word' id='word_1_428' title='bbox 1043 3034 1099 3061; x_wconf 87' lang='lat' dir='ltr'>mc</span> <span class='ocrx_word' id='word_1_429' title='bbox 1145 3021 1235 3061; x_wconf 86' lang='lat' dir='ltr'>talia</span> <span class='ocrx_word' id='word_1_430' title='bbox 1277 3020 1412 3070; x_wconf 83' lang='lat' dir='ltr'>legere</span> <span class='ocrx_word' id='word_1_431' title='bbox 1447 3021 1588 3060; x_wconf 88' lang='lat' dir='ltr'>memini</span> <span class='ocrx_word' id='word_1_432' title='bbox 1620 3023 1716 3074; x_wconf 85' lang='lat' dir='ltr'>apud</span> 
     </span>
    </p>
   </div>
  </div>
 </body>
</html>
