2006 3365
222 150 289 195 60
777 143 1305 186 AN1MADVERSIONES

307 276 354 303 ne
383 274 451 313 pro
482 275 553 302 nee
583 260 687 299 Mon.
718 259 768 298 ΙΙ.
818 259 925 298 loeta
958 257 1078 307 Angl.
1110 258 1193 296 leta
1225 257 1348 296 Paris.
1380 257 1447 298 IV.
1481 257 1585 297 Mon.
1617 257 1648 296 Ι.
1680 257 1789 296 Vrat.
1820 256 1851 295 Ι.

221 330 271 370 11.
303 332 411 370 Rom.
444 330 492 368 ΙΙ.
526 329 622 367 Ven.
657 325 756 366 Aeh-
810 334 1001 367 conantes
1033 327 1152 366 Voss·
1184 325 1234 364 11.
1267 326 1364 363 Ven.
1400 328 1520 366 1482.
1582 326 1762 365 lactibus
1787 337 1855 376 pro

223 399 427 447 Iac-tabis,
460 399 497 435 et
526 409 653 435 auras
688 396 722 433 in
754 394 925 445 August.
985 397 1108 435 ramis
1141 394 1249 434 Vrat.
1281 394 1331 433 11.

306 533 354 572 V·
388 537 453 571 30·
496 541 588 574 NEC
620 542 725 575 MIHI
760 541 909 575 SAEPE
942 542 1081 576 MEUM
1108 541 1375 575 RESONABIT
1400 539 1616 574 BATTARE
1643 538 1855 574 CARMEN.

221 600 322 641 Nihil
356 601 503 639 variant
534 600 633 639 libri.
682 601 797 639 Ilaec
827 600 975 639 Thuan.
1023 601 1238 641 resonabat
1271 600 1379 640 Brix.
1413 600 1509 638 Ven.
1548 603 1665 640 1⁴88.
1698 597 1855 637 Mediol.

223 672 342 707 1501.
403 668 509 721 Quod
544 672 603 708 est
635 670 783 719 vitium,
826 672 866 708 ut
897 671 1063 709 Baltere
1093 671 1129 708 in
1162 669 1258 708 Ven.
1292 668 1391 708 Aah.
1432 669 1693 708 Coniecturam
1732 669 1857 706 tenta-

219 749 312 775 vere
343 737 413 775 viri
445 737 571 787 docti,
603 736 750 776 Tollius
782 750 844 788 ap.
876 738 1000 776 Burm.
1033 743 1069 777 et
1101 751 1218 789 nuper
1241 738 1432 783 Handius,
1466 750 1618 789 quorum
1649 736 1713 775 iile
1743 748 1858 776 reso-

218 805 335 844 nabis
367 804 544 857 legebat,
584 806 680 858 quod
723 818 818 844 nune
859 810 918 845 est
950 808 984 845 in
1017 807 1188 858 exemplo
1220 807 1324 858 Lips.
1357 807 1528 846 Venetae
1558 805 1659 844 lens.
1701 817 1722 844 a
1751 817 1858 842 manu

219 873 349 912 Gloss.
410 874 580 912 Handius
612 873 636 911 1.
668 873 693 912 l.
727 875 914 913 contraria
945 877 1113 925 ratione,
1151 877 1216 915 sed
1250 876 1412 914 eumdem
1445 875 1481 913 in
1514 887 1683 922 sensum,
1728 876 1857 912 nostro

218 954 333 980 versu
366 943 505 981 retinet
538 942 730 992 vulgatum
762 945 986 993 resonabit,
1028 946 1062 983 in
1095 946 1347 996 praecedente
1387 944 1557 982 emendat
1588 942 1787 982 lactabit:
1820 944 1859 981 ut

220 1012 411 1063 utrumque
442 1011 597 1049 verbum
630 1012 674 1049 ad
707 1012 841 1050 silvam
873 1015 1069 1052 referatur.
1112 1014 1169 1053 lta
1196 1014 1326 1052 similis
1357 1014 1477 1052 oratio
1510 1013 1580 1051 erit
1599 1011 1857 1061 Virgilianae,

218 1079 447 1119 Formosam
487 1093 678 1119 resonare
719 1081 838 1121 doces
877 1082 1132 1134 Amaryllida
1172 1082 1321 1121 silvas.
1389 1081 1509 1120 Poeta
1551 1081 1652 1119 rudis
1692 1080 1856 1132 quidem,

219 1148 284 1186 sed
311 1152 431 1186 tamen
454 1160 525 1186 non
550 1161 706 1199 prorsus
728 1150 898 1199 ineptus,
922 1149 1041 1188 Anth.
1064 1150 1144 1189 Lat.
1167 1150 1236 1189 IV.
1259 1165 1412 1196 cnxxn,
1436 1153 1503 1188 22.
1546 1151 1599 1189 Ec
1622 1151 1756 1188 tristis
1779 1162 1858 1188 me·-

218 1230 303 1255 eam
324 1217 528 1256 resonabit
551 1231 706 1256 carmen
728 1224 764 1257 et
785 1219 909 1257 Eeho.
942 1219 1028 1267 Ego
1052 1222 1216 1257 neutrum
1239 1220 1380 1270 probo,
1401 1231 1520 1270 neque
1542 1218 1741 1256 mutatione
1764 1231 1859 1268 opus

219 1284 294 1324 ulia
323 1289 395 1324 est.
440 1286 641 1324 Sententia
667 1287 716 1324 ita
742 1287 934 1337 procedit:
968 1287 1164 1325 'l'ondehis
1191 1287 1360 1335 umbras,
1392 1299 1413 1325 o
1441 1286 1558 1332 silva,
1587 1298 1706 1338 neque
1737 1286 1859 1324 iacta-

219 1354 278 1393 his
305 1367 446 1402 ramos,
474 1367 580 1406 quum
602 1367 729 1392 manus
752 1355 862 1406 impia
883 1355 1009 1394 mihtis
1033 1356 1213 1393 succedet
1234 1357 1355 1404 ferro,
1378 1358 1416 1393 et
1437 1368 1543 1406 quum
1562 1355 1679 1406 primo
1706 1354 1860 1392 frondes

220 1436 416 1475 ramosque
447 1426 657 1473 amputatos
688 1423 871 1474 habebis,
903 1425 1039 1463 deinde
1071 1424 1155 1475 ipsa
1186 1422 1387 1462 deleberis.
1438 1423 1514 1462 Sed
1537 1435 1725 1473 suspensa
1748 1425 1860 1474 atque

220 1492 426 1542 interrupta
458 1495 516 1530 est
547 1494 733 1531 sententia
765 1494 905 1532 inserto
938 1506 1051 1532 versu
1084 1492 1320 1541 intercalari,
1354 1493 1442 1532 Nee
1473 1493 1564 1532 milti
1595 1505 1718 1545 saepe
1741 1505 1860 1531 meam

220 1560 422 1600 resonabit
446 1560 493 1599 B.
521 1574 554 1599 c.
608 1561 710 1599 Male
742 1574 870 1601 omnes
901 1567 990 1613 post
1022 1576 1175 1601 carmen
1207 1561 1541 1610 interpunctionem
1573 1561 1712 1598 faciunt
1736 1560 1859 1598 maxi-

220 1641 339 1676 mam,
381 1631 419 1668 ut
450 1640 549 1667 nova
580 1629 664 1667 inde
695 1631 885 1669 sententia
915 1632 1093 1669 inseratur
1125 1630 1231 1669 talis:
1278 1629 1393 1682 Quum
1434 1642 1562 1667 manus
1600 1628 1726 1667 militis
1758 1630 1858 1667 ferro

220 1697 423 1745 succedet,
456 1700 493 1736 et
524 1710 629 1749 quum
662 1698 811 1737 umbrae
843 1699 994 1748 cadent,
1027 1700 1109 1750 ipsa
1141 1699 1267 1737 cades.
1317 1698 1423 1750 Quod
1457 1697 1588 1736 salsum
1621 1700 1693 1736 est.
1739 1697 1857 1750 Quum

219 1767 315 1804 enim
346 1766 518 1813 umbrae,
551 1765 625 1805 hoe
656 1769 716 1806 est
747 1768 924 1817 frondes,
957 1769 1115 1817 eadunt,
1158 1771 1270 1819 atque
1301 1767 1545 1815 exciduntur,
1586 1779 1658 1805 non
1689 1768 1858 1818 sequitur

220 1836 326 1884 inde,
359 1835 491 1873 silvam
524 1835 670 1873 cadere.
732 1835 842 1874 Silva
873 1841 946 1876 tum
978 1837 1119 1875 demum
1151 1836 1270 1885 eadit,
1309 1849 1415 1888 quum
1447 1835 1671 1874 exciduntur
1701 1836 1859 1874 arbores

220 1905 346 1955 ipsae,
379 1905 511 1942 trunci.
629 1904 688 1942 De
721 1917 835 1943 versu
867 1905 1079 1944 intercalari
1113 1907 1161 1943 ef.
1195 1918 1308 1956 supra
1340 1905 1545 1943 observata
1575 1917 1613 1955 p.
1646 1906 1713 1942 25.
1774 1904 1859 1942 1100

220 1973 304 2011 loeo
336 1973 370 2009 in
409 1971 528 2010 media
566 1974 752 2011 sententia
791 1974 955 2013 insertus
986 1978 1066 2023 est,
1105 1986 1173 2025 per
1213 1972 1475 2024 parenthesin:
1519 1986 1589 2025 quo
1629 1972 1735 2010 modo
1767 1972 1858 2011 Mo-

221 2040 337 2080 schus
368 2040 435 2079 111.
470 2043 534 2079 41.
568 2044 605 2079 et
635 2040 865 2081 'l'heoeritus
892 2042 922 2081 Ι.
948 2045 1012 2081 84.
1046 2043 1096 2081 11.
1126 2045 1216 2081 105.
1265 2042 1340 2081 Sed
1373 2042 1468 2093 apud
1501 2040 1741 2080 Theocritum
1770 2053 1858 2080 nar-

220 2111 314 2149 ratio
348 2109 582 2158 Simaethae,
616 2110 710 2162 quod
744 2112 955 2150 accuratius
988 2112 1200 2162 inspicienti
1233 2111 1397 2162 patebit,
1430 2114 1510 2149 tota
1539 2110 1584 2148 ad
1611 2122 1690 2148 eum
1715 2110 1858 2149 modum

223 2180 429 2229 composita
468 2181 548 2227 est,
590 2183 627 2217 ut
666 2191 801 2217 versus
839 2180 1094 2229 intercalaris,
1143 2177 1314 2228 (1)(ιάζεό
1353 2192 1433 2226 μευ
1477 2175 1548 2214 τόν
1585 2175 1715 2225 ἐ’ρωθ’
1756 2172 1859 2215 ὅθεν

223 2244 355 2291 ἵκετο,
391 2243 521 2282 πότνα
554 2244 743 2292 Σελάιά,
779 2261 926 2299 semper
957 2262 1024 2300 per
1054 2249 1296 2300 parenthesin
1329 2250 1448 2300 accipi
1479 2249 1627 2287 debeat.

308 2317 414 2365 Ergo
445 2317 647 2355 resonabit
679 2316 715 2355 h.
749 2316 771 2354 Ι.
804 2330 876 2355 non
910 2322 968 2357 est
1000 2330 1044 2356 ea
1075 2319 1112 2356 vi
1143 2319 1300 2367 dietum,
1340 2331 1410 2370 qua
1442 2322 1501 2356 est
1532 2317 1627 2368 apud
1659 2316 1858 2366 Virgilium

224 2385 453 2424 Formosam
482 2398 674 2424 resonare
705 2386 824 2425 doces
858 2388 906 2425 A.
935 2401 970 2426 s.
1003 2386 1069 2425 sed
1103 2390 1162 2425 est
1195 2387 1347 2425 verbum
1380 2389 1564 2424 neutrum:
1598 2398 1670 2425 non
1702 2384 1858 2436 amplius

224 2453 311 2492 mihi
344 2453 559 2501 resonabit,
592 2453 736 2492 scilieet
766 2466 786 2492 e
817 2455 916 2492 silva
946 2467 1044 2501 mea,
1079 2467 1223 2493 carmen
1255 2467 1384 2494 meum.
1446 2455 1523 2493 Sed
1556 2455 1731 2494 Battare
1761 2466 1857 2505 quo-

223 2522 331 2560 modo
363 2522 617 2573 accipiendum
650 2523 701 2561 sit
731 2522 803 2561 hoc
834 2523 938 2573 loco,
972 2535 1070 2562 nova
1101 2526 1210 2575 atque
1233 2523 1430 2575 ingeniosa
1456 2524 1764 2575 interpretatione
1790 2522 1858 2560 do-

225 2596 286 2630 cet
316 2590 486 2637 Tollius,
525 2592 597 2629 ita:
638 2594 674 2630 tu
707 2591 884 2630 silvarum
916 2593 1054 2643 optima
1092 2604 1162 2629 non
1204 2592 1401 2630 resonabis
1445 2592 1541 2641 (uam
1574 2593 1631 2631 sio
1659 2592 1779 2639 legit,
1819 2592 1858 2630 ut

226 2661 295 2699 iam
320 2661 458 2709 monui)
480 2660 636 2710 amplius
658 2673 772 2699 meum
805 2672 973 2706 carmen,
1007 2661 1111 2699 cuius
1143 2661 1280 2699 initium
1305 2660 1493 2701 Rattare.
1535 2661 1664 2712 Itaque
1684 2659 1859 2698 Battara

226 2729 264 2767 h.
297 2728 319 2768 Ι.
354 2741 424 2767 non
457 2741 544 2767 esse
576 2729 713 2767 usitata
745 2731 782 2767 et
820 2730 996 2767 communi
1037 2730 1203 2767 vocativi
1243 2730 1543 2778 significatione,
1582 2728 1648 2767 sed
1680 2728 1855 2766 materia-

230 2797 336 2847 liter,
378 2800 416 2836 ut
454 2798 575 2846 aiunt,
617 2797 778 2847 positum
820 2798 988 2847 putabat.
1051 2797 1118 2843 Ut,
1161 2798 1193 2835 si
1233 2801 1319 2837 ante
1357 2798 1485 2837 oeulos
1525 2809 1664 2848 ponere
1702 2799 1858 2834 mentem

230 2869 365 2916 poetae
396 2866 514 2916 velis,
547 2869 772 2905 conservata
803 2867 988 2917 scriptura
1020 2865 1197 2916 vulgata,
1230 2870 1268 2906 ut
1300 2870 1358 2906 est
1384 2866 1641 2906 conservanda
1664 2864 1759 2903 haud
1787 2865 1857 2903 du-

229 2932 315 2982 bie,
346 2935 399 2973 ita
429 2935 646 2986 accipienda
678 2935 755 2973 sint
786 2935 925 2973 verba:
959 2934 1040 2973 Nee
1069 2934 1154 2973 mihi
1187 2948 1303 2986 saepe
1328 2935 1524 2974 resonabit
1549 2946 1692 2973 carmen
1719 2946 1857 2983 meum,

231 3001 328 3054 quod
358 3003 409 3043 ita
438 3004 622 3044 sonabat:
656 3004 840 3045 Battare-
902 3002 1081 3044 Similiter
1110 3003 1332 3056 Propertius
1361 3004 1392 3044 Ι.
1426 3019 1549 3055 xvm,
1580 3005 1647 3042 31.
