2006 3365
517 152 647 192 VITA
680 152 916 194 CATONIS
954 154 1023 194 ΕΤ
1053 152 1301 196 SCRIPTA.
1624 161 1726 206 25?

89 268 235 313 exstat,
269 266 435 305 iuvenile
466 279 562 318 opus
595 269 714 307 fuisse
731 268 916 321 Lydiam.
980 268 1021 308 Id
1054 269 1234 310 brevitati
1266 270 1497 310 tribuendum
1529 271 1589 311 est
1620 270 1724 312 Sue-

89 336 191 375 tonii.
253 335 320 373 Sic
350 334 548 386 aliquando
581 337 640 388 qui
673 341 760 387 post
792 341 957 388 tempora
990 342 1118 377 nostra
1151 339 1305 378 brevem
1337 340 1592 379 recensionem
1623 353 1724 392 poe-

88 408 201 442 tarum
243 402 544 442 Germanicorum
591 405 715 454 dabit,
762 406 799 443 in
838 405 1024 456 Goethio,
1070 407 1246 445 nonnulla
1287 410 1480 458 praefatus
1519 409 1566 448 de
1602 411 1726 460 patria

86 472 167 509 eius
203 474 314 523 atque
353 473 521 522 origine,
568 472 827 523 Iphigeniam,
868 474 1095 525 Eugeniam,
1136 473 1390 514 Godol'redum
1431 478 1554 516 ferrea
1595 490 1722 529 manu,

84 538 157 577 alia
187 540 479 590 praeclarissimi
514 541 657 591 ingenii
690 546 943 591 monumenta,
978 554 1049 580 non
1082 543 1288 581 observata
1319 546 1523 595 temporum
1554 546 1721 597 ratione,

83 607 323 658 recensebit,
356 609 468 648 addet
498 614 697 660 praeterea
737 611 900 649 eumdem
932 610 979 648 de
1011 608 1203 648 coloribus
1243 611 1447 650 doctrinam
1479 626 1580 653 nove
1609 617 1722 668 atque

84 676 286 725 ingeniose
318 676 550 717 illustrasse:
594 691 664 717 non
698 680 825 717 eodem
858 680 978 716 onmia
1009 681 1177 728 tempore
1208 679 1354 730 scripta
1385 693 1493 731 esse,
1534 683 1602 722 Sed
1634 696 1723 723 esso

83 756 188 782 unum
221 757 316 795 opus
347 746 394 784 ab
435 747 570 785 iuvene
611 747 771 787 Goetliio
811 746 1060 791 elaboratum,
1100 746 1173 784 alia
1215 748 1261 786 ab
1310 749 1415 798 viro,
1439 751 1494 789 ,et
1538 755 1723 801 provecta

81 815 231 861 aetate,
280 813 351 853 boc
392 814 598 854 lectoribus
643 816 723 853 suis
754 814 940 867 relinquet
972 818 1010 854 ut
1041 819 1282 865 cognoscant
1313 817 1399 856 sive
1429 816 1602 869 aliunde,
1635 821 1722 859 sive

79 893 130 920 ex
160 883 255 933 ipsis
287 882 439 922 Goetliii
472 885 638 934 seriptis.
1474 932 1480 938 ι

166 951 337 1004 Lydiam
368 952 497 990 librum
530 952 757 1002 deperditum
791 964 880 991 esse
911 965 1039 991 omnes
1080 952 1288 1004 putabant,
1330 965 1375 993 ac
1414 955 1578 995 sortasse
1609 957 1721 996 etiam

78 1031 174 1058 nunc
206 1023 404 1070 putarent,
439 1020 511 1057 nisi
542 1021 736 1071 praeclaro
781 1023 947 1060 acumine
989 1022 1204 1060 Fridericus
1235 1021 1434 1061 Iacobsius
1482 1022 1566 1064 loco
1606 1039 1721 1077 supra

77 1087 228 1127 laudato
260 1101 462 1139 superesse
489 1089 703 1139 particulam
729 1089 875 1141 Lydiae
896 1089 990 1128 haud
1012 1091 1189 1139 exiguam
1212 1090 1389 1131 vidisset.
1448 1092 1593 1145 Nempe
1612 1108 1720 1147 quum

78 1157 427 1201 animadvertisset,
461 1158 508 1195 de
539 1171 610 1209 quo
644 1159 711 1196 iam
743 1160 954 1209 exposimm
987 1163 1045 1198 est
1075 1158 1228 1199 Diss.I.
1260 1160 1358 1212 quod
1391 1160 1512 1211 vulgo
1543 1163 1579 1202 in
1610 1163 1720 1203 libris

79 1238 224 1264 carmen
257 1229 385 1265 exstat
415 1227 612 1266 Dima-mn
644 1228 813 1274 nomine,
847 1241 919 1267 non
953 1241 1057 1267 unum
1091 1240 1236 1266 carmen
1258 1241 1369 1276 esse,
1403 1230 1470 1269 sed
1496 1231 1589 1281 duo,
1623 1246 1719 1286 quo-

76 1307 153 1332 rum
185 1293 358 1338 alterum,
393 1295 490 1347 quod
523 1308 544 1333 a
577 1308 688 1334 versu
715 1300 805 1336 104.
837 1298 991 1348 incipit,
1015 1296 1102 1335 nihil
1129 1309 1208 1335 cum
1226 1297 1348 1337 Diris
1367 1310 1555 1340 commune
1578 1300 1720 1352 habet,

76 1361 149 1401 hoc
179 1362 333 1401 alterum
367 1376 531 1411 carmen,
563 1364 731 1403 adhibito
760 1364 933 1404 Suetonii
959 1365 1067 1414 loco,
1100 1366 1145 1404 ad
1179 1366 1351 1419 Lydiam
1382 1366 1511 1406 librum
1543 1371 1717 1410 reseren-

76 1432 158 1469 dum
191 1444 279 1469 esse
312 1433 491 1478 coniecit,
540 1433 600 1471 vel
640 1435 766 1483 potius
800 1435 1046 1473 monstravit:
1090 1436 1150 1472 est
1190 1434 1286 1472 enim
1318 1435 1534 1475 coniectura
1565 1450 1615 1477 ex
1647 1440 1717 1490 iis,

76 1513 171 1552 quae
210 1500 381 1538 omnibus
420 1514 507 1539 sese
546 1502 783 1551 approbant,
827 1515 932 1554 quam
979 1503 1132 1553 primum
1170 1503 1392 1553 propositae
1431 1510 1532 1545 sunt.
1592 1506 1718 1557 Igitur

74 1568 168 1607 baec
200 1573 279 1616 est,
313 1582 416 1620 quam
456 1570 650 1620 Ec'ogsam,
681 1584 702 1609 e
734 1570 874 1623 Lydia
915 1571 1083 1609 dicimus.
1144 1570 1238 1610 Nam
1271 1572 1368 1623 quod
1400 1572 1510 1612 alicui
1543 1575 1578 1614 in
1610 1589 1715 1615 men-

74 1642 145 1676 tem
180 1637 311 1685 venit,
347 1641 457 1676 totam
492 1638 663 1690 Lydiam
703 1651 808 1677 unum
851 1652 995 1678 carmen
1037 1639 1184 1688 l'uisse,
1231 1642 1343 1691 atque
1386 1639 1460 1681 hoc
1505 1655 1593 1683 csse
1625 1644 1714 1685 illud

73 1717 242 1751 carmen,
276 1706 371 1757 quod
403 1707 448 1744 ad
482 1720 550 1745 nos
577 1709 772 1757 pervenit,
806 1707 963 1746 Ticidae
986 1707 1115 1746 verbis
1146 1707 1352 1760 refellitur,
1380 1709 1540 1763 Lydia,
1573 1714 1713 1755 docto-

69 1788 151 1813 rum
181 1777 351 1814 maxima
393 1789 491 1814 cura
531 1776 659 1816 liber:
705 1789 775 1814 non
817 1777 914 1829 quod
960 1789 1094 1826 negem
1135 1776 1277 1816 librum
1317 1779 1502 1830 appellari
1538 1785 1714 1833 potuisse

69 1856 216 1882 carmen
249 1845 445 1892 octogiuta
477 1857 674 1883 versuum:
707 1845 774 1883 sed
807 1845 904 1897 quod
925 1845 1118 1898 Lydiam,
1152 1847 1185 1884 si
1215 1845 1288 1886 hoc
1320 1859 1392 1886 uno
1425 1851 1585 1890 carmine
1616 1864 1711 1891 con-

68 1912 254 1961 stitisset,
288 1926 422 1951 carum
453 1914 570 1950 fuisse
602 1913 802 1952 ‹loc-torum
831 1916 1062 1963 maximam,
1097 1915 1130 1953 id
1164 1918 1245 1963 est,
1278 1918 1317 1955 ut
1347 1916 1444 1956 hene
1474 1917 1547 1957 hoc
1573 1919 1710 1959 Mark-

69 1979 200 2018 laudus
240 1981 284 2018 ad
317 1982 429 2019 Statii
465 1981 563 2020 Silv.
599 1981 648 2019 V.
683 1997 740 2019 111.
775 1984 841 2021 94.
874 1983 1168 2033 interpretatur,
1200 1996 1360 2022 amorem
1391 1987 1605 2037 maximum,
1636 2002 1708 2040 pa-

68 2061 143 2087 rum
176 2049 371 2099 probabile
403 2053 474 2088 est.
534 2050 738 2089 Praeterea
769 2050 842 2090 hoc
872 2063 1018 2089 carmen
1050 2054 1214 2090 nostrum
1240 2052 1291 2090 ita
1311 2052 1432 2103 ipsum
1457 2061 1706 2107 comparatum

67 2122 150 2163 est,
184 2122 222 2156 ut
252 2117 324 2156 alia
357 2120 620 2168 praecessisse
660 2121 849 2170 carmina,
895 2118 967 2158 alia
1006 2123 1166 2171 sequuta
1205 2133 1293 2159 esse
1332 2125 1526 2172 appareat.
1588 2124 1705 2178 Quem

66 2187 162 2224 enim
195 2189 340 2236 poetam
373 2190 444 2225 tam
476 2187 651 2225 disertum
685 2190 723 2226 et
754 2191 825 2227 tam
857 2187 1090 2240 querelarum
1132 2189 1325 2227 secundum
1365 2190 1554 2242 videmus,
1596 2206 1703 2246 quum

64 2253 264 2306 aliquando
295 2256 489 2293 carendum
522 2259 627 2294 esset
659 2257 905 2295 contubernio
946 2256 1116 2307 Lydiae,
1163 2269 1244 2296 eum
1283 2270 1353 2297 nec
1394 2261 1466 2298 tum
1513 2263 1700 2315 tacuisse,

63 2336 171 2375 quum
204 2327 284 2362 erat
314 2324 409 2374 apud
435 2324 611 2374 Lydiam,
646 2325 712 2363 sed
744 2325 976 2377 voluptatem
1008 2326 1303 2379 felicitatemque
1334 2340 1435 2366 suam
1468 2332 1700 2372 commisisse

62 2391 199 2430 fidibus
231 2392 426 2430 credimus.
489 2389 614 2446 Quid?
645 2395 740 2446 quml
774 2394 859 2445 ipse
891 2395 961 2435 lioc
992 2396 1206 2445 significat,
1240 2396 1412 2446 Eclogae
1438 2411 1477 2437 v.
1496 2403 1534 2437 6.
1561 2399 1697 2453 (109.)

374 2462 430 2499 Et
458 2476 543 2501 mea
573 2463 777 2503 submissa
806 2465 1019 2504 meditatur
1050 2466 1226 2503 carmina
1258 2477 1368 2505 voce.

147 2529 230 2568 Hoc
261 2533 396 2580 sponte
428 2530 606 2581 intelligit
637 2532 819 2585 quisquc,
852 2545 959 2585 quum
991 2536 1070 2572 tota
1091 2533 1212 2583 Lydia
1238 2538 1328 2573 ante
1349 2535 1584 2575 amissionem
1609 2541 1694 2588 agri

60 2599 200 2649 scripta
241 2600 370 2643 suerit,
414 2601 531 2638 fuisse
568 2602 673 2639 etiam
719 2602 911 2654 Eeloyam
950 2605 1113 2640 nostram
1156 2605 1241 2641 ante
1273 2603 1507 2642 amissionem
1538 2607 1623 2655 agri
1656 2611 1695 2648 et

58 2671 145 2706 ante
174 2668 309 2707 Diras
342 2669 529 2719 scriptam.
591 2670 681 2708 Erat
711 2671 829 2720 igitur
859 2675 945 2710 autc
986 2672 1120 2710 Diras
1162 2670 1403 2721 collocanda,
1442 2674 1474 2711 si
1518 2674 1691 2716 librarius

57 2735 119 2774 ille
150 2737 361 2775 observare
392 2737 554 2775 ordinem
586 2740 785 2788 temporum
819 2740 1018 2779 voluisset.
1081 2740 1247 2789 Deinde,
1280 2741 1376 2793 quod
1409 2741 1544 2794 aliquis
1576 2757 1690 2796 quae-

57 2808 132 2853 rat,
166 2807 309 2858 quinam
342 2807 391 2843 sit
422 2817 536 2853 ager,
570 2806 602 2843 in
636 2819 706 2858 quo
739 2812 1018 2846 connnorantem
1050 2809 1205 2858 Lydiam
1237 2809 1395 2860 puellam
1428 2811 1587 2862 Eelossa
1618 2815 1689 2854 dc-

58 2874 214 2921 scribit,
246 2875 314 2912 iam
347 2874 561 2924 planissima
593 2875 697 2912 uubis
726 2881 854 2926 parata
877 2882 936 2916 est
960 2878 1174 2927 responsio.
1234 2878 1379 2929 Nempe
1406 2878 1563 2919 Catonis
1590 2894 1688 2932 ager

58 2945 141 2989 est,
173 2943 267 2980 idem
299 2956 403 2995 quem
438 2946 570 2993 postea
601 2945 772 2982 amissum
804 2946 922 2984 Diris
950 2946 1123 2985 devovit.
1185 2946 1310 2984 Probo
1343 2960 1412 2997 eo,
1445 2949 1541 2999 quod
1573 2963 1687 3002 supra

57 3021 108 3048 ex
138 3009 238 3048 Diris
280 3012 551 3059 demonstravi,
601 3010 779 3051 Catonem
818 3026 944 3052 secum
987 3014 1166 3054 habuisse
1203 3014 1358 3063 Lydiam
1400 3015 1435 3054 in
1472 3028 1568 3068 agro
1600 3033 1682 3060 suo.

159 3089 311 3121 Valerius
336 3091 428 3122 Cato.
1350 3076 1413 3119 17
