2006 3365
487 184 556 223 DE
588 183 807 225 VIRGILII
838 185 936 225 LIB-
962 184 1251 225 IUVENALIS
1283 184 1417 225 LUDI.
1670 189 1772 234 23⁹7

134 299 183 337 ab
214 297 380 348 Virgilio
413 310 485 337 non
526 299 638 338 multo
677 303 765 339 ante
804 299 983 339 Bucolica
1021 303 1189 351 tempore
1229 300 1411 352 potuerit.
1472 298 1616 353 Quodsi
1647 300 1774 341 insunt

135 368 170 405 in
203 366 302 415 Ciri,
335 380 430 419 quae
462 380 533 406 non
566 369 662 407 satis
694 369 859 418 faciunt,
898 371 961 407 aut
992 368 1220 419 displicent,
1267 369 1392 421 qualia
1423 370 1494 408 tria
1524 369 1681 408 maxime
1712 369 1774 407 in-

134 437 270 474 venio:
304 435 579 484 longitudinem
612 438 782 486 exordii,
814 438 1009 476 doctrinae
1041 438 1328 475 ostentationem
1361 441 1431 476 tam
1456 438 1492 475 in
1517 437 1774 487 disputatione

133 504 181 542 de
214 503 381 554 Scyllis,
424 504 469 542 de
509 504 794 553 Britomartide,
836 517 940 557 quam
981 504 1269 554 geographicae
1313 506 1534 544 eruditionis
1573 506 1704 557 copias
1736 507 1774 544 in

134 573 294 611 carmine
326 576 518 620 extremo,
551 574 712 625 denique
743 573 916 624 colloquii
951 572 1109 622 Scyllae
1141 585 1220 611 cum
1260 575 1425 622 nutrice,
1465 577 1503 613 et
1543 573 1774 626 querelarum

134 641 309 691 Scyllae,
350 642 432 679 dum
466 641 644 689 trahitur,
692 641 963 690 longitudinem
996 644 1107 692 atque
1140 641 1426 691 abundantiam,
1476 655 1543 692 per
1574 655 1680 694 quam
1713 643 1772 692 sit,

132 712 172 748 ut
201 711 300 748 actio
333 711 436 760 ipsa,
477 709 514 748 h.
547 722 580 747 e.
614 711 756 748 t’acinus
789 709 967 758 Scyllae,
1000 709 1258 760 excidiumque
1290 709 1504 758 Megarae,
1537 711 1774 760 paucissimis

131 778 375 828 absolvatur,
409 783 447 818 et
478 780 583 831 quasi
615 779 838 817 delitescat:
871 791 915 815 ea
946 778 1041 816 vitia
1072 790 1140 828 per
1171 790 1214 816 se
1246 779 1330 828 ipsa
1360 778 1472 816 multo
1504 779 1622 816 minus
1655 780 1774 818 oil'en-

131 848 250 885 sionis
282 847 446 893 habent,
479 861 584 900 quam
617 849 651 885 in
685 845 841 894 Culice,
875 859 946 898 quo
981 844 1082 885 Ciris
1114 848 1210 885 omni
1242 846 1349 885 modo
1381 847 1592 897 perfectior
1622 851 1683 886 est
1713 852 1774 886 at-

131 927 202 968 que
235 915 469 965 elegantior,
513 919 551 954 et
589 918 878 966 compensantur
918 917 1029 967 atque
1066 915 1299 964 obteguntur
1339 916 1564 954 virtutibus:
1605 918 1643 955 ut
1688 917 1776 954 sunt

129 985 284 1034 egregii
317 984 475 1023 affectus
507 985 542 1022 in
575 984 810 1022 sermonibus
843 983 1016 1035 Scyllae.
1077 983 1174 1037 Quin
1207 983 1279 1022 hoc
1310 983 1440 1022 dicere
1470 985 1608 1022 ausim:
1650 984 1776 1034 potuit

130 1053 206 1092 tale
247 1065 392 1092 carmen
433 1053 562 1092 eodem
601 1054 680 1091 sere
719 1057 885 1103 tempore
929 1053 1045 1091 scribi
1086 1065 1108 1091 a
1153 1052 1347 1102 Virgilio,
1389 1066 1461 1105 quo
1499 1053 1698 1092 elaborare
1737 1055 1774 1092 in

129 1120 320 1160 Bucolicis
353 1123 505 1172 eoepit,
543 1122 574 1159 si
607 1122 751 1173 quidem
793 1121 889 1159 aliud
923 1124 1003 1169 est,
1048 1122 1084 1160 in
1115 1134 1262 1171 genere
1293 1122 1539 1171 secundario,
1573 1122 1681 1174 quale
1714 1125 1774 1163 est

129 1190 360 1235 bucolicum,
403 1189 624 1238 elaborare,
669 1190 891 1240 praesertim
937 1190 970 1228 si
1009 1192 1216 1241 perfectum
1263 1193 1349 1229 ante
1387 1190 1519 1229 oculos
1563 1191 1773 1242 exemplum

128 1258 296 1309 habeas3
327 1259 450 1307 aliud,
494 1260 533 1297 et
564 1258 676 1297 multo
707 1260 829 1309 magis
860 1259 1040 1297 lubricum
1072 1258 1417 1310 periculosumque,
1452 1260 1496 1297 ad
1529 1261 1773 1299 severitatem

128 1331 240 1380 atque
271 1329 500 1377 gravitatem
532 1328 688 1375 generis
721 1328 818 1377 epici
847 1327 1102 1365 adscendere:
1137 1330 1175 1366 ut
1207 1340 1277 1365 non
1310 1329 1360 1367 sit
1391 1328 1543 1376 mirum,
1576 1329 1608 1366 si
1642 1328 1772 1367 eodem

130 1400 296 1448 tempore
328 1397 494 1434 ‹¹1undeni
527 1397 560 1434 in
594 1396 656 1434 illo
687 1408 832 1445 genere
865 1396 1058 1445 dextrum,
1091 1396 1264 1443 felicem,
1297 1409 1365 1447 pro
1398 1397 1456 1435 sui
1489 1397 1634 1445 ingenii
1663 1397 1772 1435 modo

129 1478 174 1503 ac
205 1478 377 1504 mensura
409 1467 634 1516 perfectum,
668 1468 706 1503 at
737 1466 772 1503 in
804 1465 913 1514 epico
947 1465 1187 1515 titubantem,
1220 1467 1367 1516 inopem
1396 1465 1562 1513 consilii,
1594 1466 1772 1504 materiae

128 1546 201 1572 non
233 1547 389 1585 prorsus
421 1547 567 1585 parem,
610 1533 918 1583 deprehenderis,
980 1534 1088 1572 Haec
1119 1546 1198 1573 eum
1239 1535 1273 1573 in
1320 1534 1426 1573 finem
1466 1534 1686 1584 disputavi,
1732 1537 1773 1573 ut

127 1602 230 1643 Cirin
263 1604 500 1641 ostenderem
533 1602 678 1654 qnando
719 1607 757 1641 et
787 1614 808 1640 a
840 1602 937 1654 quali
969 1606 1083 1653 poeta
1114 1604 1290 1653 scriptam
1322 1606 1469 1654 putem,
1509 1615 1581 1641 non
1614 1606 1652 1642 ut
1683 1603 1772 1641 vin-

126 1672 246 1710 dicem
277 1671 473 1721 Virgilio:
508 1671 603 1723 quod
637 1672 799 1722 despero
832 1671 912 1709 fieri
944 1684 1082 1721 posse,
1115 1675 1312 1723 postquam
1344 1671 1557 1720 ambiguum
1590 1684 1679 1710 esse
1709 1684 1773 1710 ar-

125 1745 363 1790 gumentum,
396 1753 468 1792 quo
501 1752 579 1778 eam
612 1740 647 1778 in
679 1753 753 1778 rem
777 1740 836 1777 diu
865 1739 1016 1789 utebar,
1045 1741 1253 1791 primarium
1279 1740 1475 1791 perspexi.
1537 1739 1643 1792 Quae
1675 1743 1771 1780 enim

126 1812 187 1848 est
217 1809 263 1847 de
293 1809 389 1847 locis
430 1809 684 1860 versibusque
716 1809 914 1861 quaestio,
953 1822 1047 1860 quos
1079 1808 1213 1848 multos
1245 1809 1434 1858 Virgilius
1466 1821 1486 1847 e
1519 1807 1595 1848 Ciri
1627 1811 1772 1861 repeti-

126 1880 187 1917 tos
233 1878 436 1916 maioribus
474 1878 652 1927 operibus
694 1878 773 1915 suis
822 1877 1000 1927 inseruit,
1047 1877 1230 1916 collectos
1270 1877 1355 1916 illos
1396 1878 1443 1916 ab
1481 1877 1511 1916 Ι.
1556 1877 1770 1918 Sehradero

126 1946 322 1985 Emendat.
355 1959 439 1996 cap.
473 1946 541 1985 lIl.
575 1960 611 1997 p.
646 1951 712 1985 33.
746 1959 853 1997 seqq.
886 1946 1064 1984 laudabili
1099 1946 1256 1984 consilio
1287 1959 1333 1985 ac
1365 1946 1587 1996 diligentia:
1621 1949 1692 1986 etsi
1724 1947 1769 1986 ad

127 2027 205 2053 eam
239 2016 495 2066 quaestionem
535 2014 810 2064 simplicissima
847 2013 943 2052 haud
983 2015 1096 2052 (lubic
1129 2018 1167 2053 et
1197 2016 1354 2053 maxime
1385 2027 1452 2065 per
1483 2027 1526 2053 se
1557 2016 1770 2066 probabilis

126 2084 326 2133 responsio
361 2084 452 2132 erit,
486 2084 517 2122 si
550 2095 627 2121 cum
652 2083 866 2121 Schradero
899 2096 1002 2121 suum
1036 2084 1155 2134 ipsius
1188 2096 1334 2122 carmen
1367 2085 1418 2122 ita
1450 2083 1641 2135 spoliasse
1673 2084 1769 2123 Vir-

125 2151 255 2202 gilium
300 2155 467 2190 statuas:
515 2154 636 2190 tamen
676 2152 747 2189 alia
789 2164 907 2203 eaque
955 2152 1141 2190 contraria
1187 2151 1238 2189 illi
1279 2154 1477 2203 responsio
1521 2164 1593 2190 non
1644 2153 1766 2192 deest:-
1820 2192 1824 2195 ,

124 2220 225 2258 Mira
255 2233 316 2258 res
348 2225 426 2265 est,
460 2221 525 2259 sed
562 2225 678 2259 tamen
713 2220 899 2258 credenda
931 2221 1076 2259 idoneis
1109 2221 1294 2270 testibus,
1335 2233 1407 2258 non
1440 2220 1558 2259 solum
1590 2222 1767 2274 antiquo-

124 2301 223 2332 rum,
257 2293 296 2327 ut
336 2289 469 2337 Ennii,
511 2290 606 2341 quod
641 2290 758 2327 minus
791 2290 915 2327 mirum
947 2291 1066 2338 soret,
1109 2289 1176 2327 sed
1209 2290 1317 2327 etiam
1350 2291 1598 2328 recentiorum
1629 2292 1767 2341 poeta-

125 2370 220 2406 rum,
255 2357 289 2395 id
332 2361 391 2396 est
430 2371 573 2405 eorum,
612 2359 672 2410 qui
716 2358 788 2408 ipsi
831 2358 1012 2408 proximi,
1055 2357 1182 2407 Varii,
1222 2357 1342 2408 Galli,
1382 2357 1588 2407 Varronis,
1629 2372 1767 2398 versus

124 2426 322 2464 nonnullos
355 2439 444 2465 suos
476 2428 637 2471 secisse,
678 2427 978 2478 carminibusque
1010 2426 1219 2464 inseruisse
1250 2428 1330 2465 suis
1361 2427 1580 2475 Virgilium.
1642 2426 1701 2467 Cf.
1735 2427 1765 2466 Ι.

125 2495 173 2533 Η.
207 2495 372 2533 Vossius
405 2496 448 2533 ad
490 2497 603 2544 Virg.
647 2494 726 2534 Ecl.
760 2495 827 2534 Vl.
863 2496 927 2533 74.
960 2507 1067 2547 seqq.
1101 2508 1139 2545 p.
1174 2499 1269 2534 328.
1302 2508 1410 2547 seqq.
1449 2495 1608 2548 aliisque
1648 2496 1766 2546 locis,

124 2567 164 2603 ut
195 2565 286 2602 ibid.
322 2578 358 2602 ν.
393 2568 460 2602 81.
492 2564 573 2603 Ecl.
606 2564 713 2604 Vlli.
748 2569 814 2603 59.
849 2568 915 2601 (fo.
950 2565 1015 2602 87.
1051 2569 1117 2603 88.
1150 2564 1199 2603 X.
1235 2567 1301 2603 46.
1335 2578 1418 2617 sqq.
1453 2568 1491 2604 et
1521 2578 1616 2616 quae
1648 2576 1767 2615 nuper

125 2634 260 2673 Franc.
294 2633 532 2676 Wiillnerus.
579 2633 625 2671 de
670 2633 844 2672 Varrone
885 2633 1050 2671 Atacino
1083 2646 1119 2683 p.
1158 2636 1219 2672 18.
1253 2637 1291 2672 et
1324 2636 1389 2672 34.
1452 2633 1698 2672 Imitationem
1730 2634 1765 2671 in

124 2701 203 2742 Ciri
236 2701 373 2741 Catulli
407 2714 494 2739 esse
526 2702 594 2739 iam
626 2702 854 2741 observavit
885 2702 1087 2752 Scaliger-3
1120 2704 1169 2741 cf.
1195 2702 1400 2741 Schrader.
1421 2704 1614 2742 Emendat.
1639 2716 1676 2753 p.
1697 2708 1763 2741 33.

123 2775 160 2810 et
193 2774 258 2809 46.
319 2769 457 2810 Catulli
492 2771 618 2808 versui
657 2770 769 2819 Eleg.
801 2770 846 2808 ad
878 2770 998 2810 Mani.
1036 2772 1097 2810 17.
1130 2785 1205 2810 non
1236 2777 1300 2811 est
1332 2773 1409 2811 (lea
1440 2774 1581 2811 nescia
1612 2773 1763 2817 nostri,

124 2841 239 2897 Quae
277 2840 427 2879 dulcem
467 2840 576 2877 curis
620 2841 757 2878 miscet
794 2843 1038 2887 arlearitiem,
1086 2839 1204 2879 locum
1251 2842 1287 2879 in
1329 2841 1408 2881 Ciri
1451 2843 1545 2878 24⁶2.
1586 2854 1662 2878 non
1701 2848 1765 2881 est

123 2911 366 2949 Anmtlmsz'a
406 2909 534 2947 nostri
579 2908 673 2945 Tam
704 2909 843 2957 rudis,
883 2909 1049 2947 admovit
1087 2909 1282 2948 Heinsius.
1353 2909 1540 2948 Usitatius
1580 2913 1661 2958 est,
1703 2911 1764 2948 in-

124 2990 238 3017 verso
269 2978 398 3027 modo,
439 2988 512 3014 non
552 2979 590 3014 ut
621 2975 752 3014 Venus
783 2978 897 3016 rudis
929 2978 1014 3016 sive
1045 2981 1184 3017 nescia
1222 2977 1379 3016 alicuius
1421 2977 1584 3027 dicatur,
1626 2978 1692 3016 sed
1724 2980 1764 3017 ut

124 3048 184 3085 vir
215 3048 363 3086 iuvenis
395 3046 458 3086 vel
494 3044 620 3097 puella
663 3045 802 3085 rudis:
850 3048 889 3085 ut
920 3045 1094 3097 Propert.
1128 3046 1195 3085 111.
1230 3061 1330 3085 xv11.
1364 3049 1404 3085 7.
1464 3044 1603 3086 Verum
1642 3058 1777 3099 neque*
