2006 3365
247 109 350 155 248
857 104 1220 149 DISSERTATIO
1252 105 1281 145 1.

249 235 356 274 quam
389 220 498 266 licet,
529 220 563 258 id
598 221 658 258 est
688 212 835 270 parum:
869 219 965 271 quod
999 218 1242 258 adversarius
1273 221 1345 259 iste
1372 218 1526 269 Virgilii
1557 232 1653 259 nunc
1683 221 1883 261 Claudius

247 290 332 328 sive
365 287 560 336 Ctmlius,
594 299 689 326 nunc
718 287 892 336 Arrius,
925 290 963 326 et
994 300 1124 326 rursus
1154 288 1201 326 ab
1234 288 1319 327 aliis
1351 288 1550 328 Milienus
1579 290 1680 328 Toro
1711 289 1882 340 appella-

248 361 328 407 tur,
361 359 410 395 ita
443 359 607 395 tortasse
639 356 823 407 explicari
858 357 1004 408 possit,
1037 359 1077 395 ut
1107 357 1141 394 in
1174 360 1276 396 tanta
1309 355 1467 397 Catonis
1498 359 1652 397 satorum
1685 370 1762 396 cum
1794 359 1882 397 satis

246 425 403 474 Virgilii
435 425 694 474 similitudine,
737 427 928 464 contusum
970 437 1058 463 esse
1090 437 1219 464 nomen
1252 427 1353 473 eius,
1394 427 1452 463 eui
1494 426 1602 465 datus
1634 429 1693 465 est
1725 425 1882 466 Catonis

245 506 365 543 age-r,
398 494 431 532 si
465 497 525 532 est
555 494 688 543 datus,
727 507 806 533 eum
838 494 1060 533 adversario
1095 494 1249 543 Virgilii
1282 494 1399 532 dieas.

335 630 534 672 Valerium
574 632 763 671 Catonem
799 633 988 670 auctorem
1034 643 1121 670 esse
1160 633 1353 672 Dirarum
1395 631 1535 682 primus
1565 631 1691 671 docuit
1722 644 1880 681 magnus

242 699 429 752 Scaliger.
492 701 712 740 Proluserat
732 699 946 752 GyralduS,
979 701 1047 739 sed
1078 700 1227 751 obiter,
1260 713 1329 739 nec
1360 701 1441 738 sine
1472 713 1609 749 magno
1641 712 1787 748 errore,
1822 701 1879 739 De

240 769 392 808 Poetar.
427 768 514 808 bist.
546 769 647 808 Dial.
679 769 749 809 lv.
780 769 828 808 Τ.
860 768 911 808 ΙΙ.
944 768 1044 820 Opp.
1079 768 1151 808 eol.
1185 772 1276 808 195.
1308 773 1505 820 postquam
1536 769 1583 807 de
1615 768 1702 809 Val.
1736 767 1879 808 Catone

238 837 418 888 exposuit
450 850 498 876 ex
531 838 745 877 Suetonio:
787 838 900 889 Fuit,
949 851 1033 877 eum
1064 852 1134 890 eqo
1164 851 1304 891 poema
1336 838 1457 885 illud,
1505 838 1610 891 qumi
1639 839 1741 877 inter
1778 837 1876 878 Ver-

236 906 395 958 yiliccna
443 906 558 946 Dirae
595 907 853 956 inscribitur,
894 908 1061 947 Catonis
1092 907 1210 946 liuius
1243 920 1337 945 csse
1367 908 1650 952 crislimarim,
1696 912 1734 946 et
1775 906 1880 961 quod

237 975 287 1014 de
317 975 440 1025 Lydia
470 978 510 1014 in
540 988 584 1015 eo
616 980 774 1027 ayicur,
814 982 852 1016 et
889 978 1029 1016 mentio
1073 976 1119 1028 sit
1150 976 1287 1014 ciuilis
1327 975 1441 1024 belli,
1484 988 1558 1030 quo
1590 979 1679 1028 ipse
1709 982 1771 1015 est
1797 987 1877 1028 pa-

233 1045 436 1093 trimonio,
470 1050 513 1084 ut
544 1046 604 1083 ait
626 1045 912 1099 Tranquillus,
945 1051 1114 1093 exutus,
1148 1045 1189 1083 id
1222 1043 1327 1098 quod
1356 1046 1475 1083 etium
1507 1047 1673 1096 ipsemet
1703 1045 1805 1084 Cato
1838 1047 1878 1083 in

234 1112 388 1158 libello,
435 1115 501 1153 cui
530 1118 593 1153 est
623 1113 765 1153 titulus
797 1113 1039 1163 Indignatio,
1088 1113 1286 1161 ostendit,
1330 1119 1367 1152 et
1405 1119 1621 1166 propterea
1651 1126 1727 1152 non
1759 1113 1877 1152 Dirae

233 1181 309 1219 secl
346 1180 586 1230 indignatio,
623 1194 764 1234 poema
806 1184 937 1234 ipsum
981 1182 1151 1221 inscribi
1187 1194 1315 1233 posse
1355 1181 1582 1220 videbatur.
1652 1181 1771 1221 Vobis
1802 1182 1876 1221 hoc

234 1249 393 1288 dhisse
423 1250 563 1298 velim,
597 1264 699 1289 nune
731 1251 828 1305 quid
859 1253 1051 1299 sentium,
1083 1252 1193 1290 haud
1221 1250 1350 1303 facile
1380 1251 1540 1302 afferre
1566 1263 1760 1302 possum,
1792 1263 1876 1290 cum

233 1319 585 1359 Grmmnalicorum
617 1326 756 1359 contra
785 1326 865 1360 stet
896 1333 1143 1369 consensus,
1191 1321 1259 1373 (sui
1291 1318 1405 1358 Diras
1442 1319 1619 1370 Veryilio
1651 1319 1873 1358 ascribunt.

319 1387 513 1438 Scaligeri
545 1387 641 1428 baec
681 1392 740 1429 est
780 1389 896 1439 digna
928 1392 1032 1428 tanto
1064 1390 1147 1428 viro
1179 1390 1220 1428 in
1258 1389 1394 1427 Diras
1435 1387 1524 1428 Vac.
1558 1387 1729 1427 Catonis
1758 1400 1874 1439 prae-

231 1456 348 1496 satio:

316 1525 437 1564 Huius
467 1526 641 1576 poematii
672 1528 804 1565 auctor
834 1529 894 1565 est
924 1526 1011 1565 Val.
1046 1525 1142 1566 Cato
1175 1524 1457 1564 Grammaticus.
1519 1524 1626 1578 Quod
1660 1523 1874 1576 deprehen-

232 1594 333 1632 ditur
363 1606 412 1632 ex
444 1594 510 1643 iis,
556 1606 651 1646 quae
682 1594 727 1633 de
758 1607 801 1633 eo
834 1595 990 1645 scripsit
1021 1595 1229 1634 Suetonius
1260 1593 1531 1646 Tranquillus:
1575 1606 1706 1645 nempe
1752 1595 1873 1645 patri-

231 1662 390 1700 monium
421 1675 525 1700 suum
557 1663 732 1701 amisisse
762 1662 863 1701 bello
896 1663 1074 1702 Sullano:
1108 1667 1180 1701 tum
1213 1663 1385 1700 amasiam
1418 1662 1596 1714 quandam
1617 1663 1773 1713 Lydiam
1806 1674 1873 1701 ce-

232 1730 406 1769 lebrasse
447 1731 670 1769 carminibus
712 1732 804 1770 suis.
866 1733 1064 1784 Vtrunque
1105 1733 1140 1770 in
1182 1731 1252 1769 bac
1291 1730 1439 1779 Ecloga
1479 1734 1651 1781 apparet.
1711 1730 1804 1769 Nam
1837 1733 1875 1770 et

231 1799 377 1849 Lydiae
409 1800 489 1838 eius
531 1812 649 1850 saepe
689 1800 873 1849 meminit,
921 1804 959 1839 et
997 1801 1133 1838 amissa
1165 1800 1264 1838 bona
1296 1812 1363 1837 sua
1406 1799 1590 1849 deplorat.
1660 1798 1766 1852 Quae
1807 1801 1876 1839 suit

231 1869 343 1906 vnica
375 1879 532 1916 caussa,
581 1880 695 1919 quare
738 1867 811 1906 hoc
843 1868 1024 1919 eidyllion
1057 1868 1224 1917 Virgilio
1264 1868 1553 1917 attribueretur,
1593 1868 1689 1919 quod
1723 1871 1760 1907 et
1792 1869 1875 1918 ipsc

231 1949 379 1988 quoque
410 1936 511 1976 bello
545 1937 644 1975 ciuili
677 1949 793 1988 agros
826 1951 915 1975 suos
946 1949 1067 1987 prope
1093 1936 1281 1974 Mantuam
1313 1937 1518 1974 amisisset.
1583 1936 1660 1975 Sed
1694 1938 1776 1988 quis
1809 1950 1875 1975 sa-

231 2017 301 2043 nus
341 2018 501 2058 vnquam
541 2004 615 2044 hoc
653 2018 784 2056 poema
822 2006 1003 2045 attribuat
1043 2004 1233 2053 Virgilio,
1287 2007 1395 2042 etiam
1436 2006 1466 2042 si
1502 2017 1571 2043 non
1604 2008 1797 2045 constaret
1828 2006 1876 2046 de

232 2074 376 2112 nomine
417 2070 612 2113 auctoris?
652 2074 736 2112 Iloc
774 2074 881 2123 dico,
926 2086 999 2112 non
1038 2074 1135 2125 quod
1175 2073 1291 2112 malus
1338 2075 1451 2112 fuerit
1490 2076 1604 2124 poeta
1648 2073 1734 2113 Val.
1777 2074 1874 2115 Cato

234 2141 327 2190 (Dii
359 2142 515 2193 melius)
554 2142 621 2181 sed
669 2143 766 2195 quod
808 2142 1000 2181 dissimilis
1040 2128 1220 2191 Virgilio.
1281 2143 1421 2181 Bonum
1453 2143 1545 2180 enim
1577 2145 1724 2192 poetam
1753 2144 1875 2183 fuisse

234 2210 295 2263 qui
328 2210 416 2249 mibi
447 2223 520 2251 non
551 2211 698 2262 credet,
741 2212 867 2251 audiat
898 2212 943 2251 de
975 2224 1019 2251 eo
1052 2211 1213 2261 elogium
1246 2211 1320 2250 tale
1353 2212 1449 2250 Furii
1480 2211 1675 2251 Bibaculi:

604 2281 705 2320 Cato
738 2280 1055 2329 Grammaticus,
1089 2280 1244 2319 Latina
1273 2282 1415 2329 Siren,

605 2348 684 2405 Qui
714 2350 828 2388 solus
858 2350 990 2401 fucit,
1025 2363 1075 2388 ac
1105 2350 1202 2400 leyit
1231 2355 1390 2402 poetas.

233 2417 357 2457 Etiam
388 2414 560 2457 Catullus
593 2429 673 2455 eum
704 2418 820 2456 amice
851 2417 1018 2468 appellat
1049 2430 1093 2456 eo
1125 2418 1488 2468 Hendecasyllabo:

603 2486 711 2525 Ride
743 2487 933 2540 quicquid
964 2500 1080 2526 amas
1113 2486 1216 2525 Cato
1248 2487 1464 2526 Catullum.

237 2555 455 2605 Scripserat
486 2555 524 2593 et
553 2553 662 2593 alium
705 2554 833 2594 librum
875 2556 1124 2594 continentem
1163 2555 1317 2594 similem
1351 2556 1655 2607 conquestionem
1687 2555 1734 2593 de
1763 2555 1872 2604 agris

235 2624 407 2671 amissis,
440 2623 497 2661 cui
526 2622 654 2662 titulus
687 2627 767 2661 erat
793 2624 1046 2675 Indiynutio,
1080 2627 1123 2662 vt
1142 2624 1258 2676 inquit
1281 2625 1373 2662 idem
1406 2624 1624 2663 Suetonius.
1684 2623 1813 2676 Itaque
1837 2624 1872 2662 in

235 2690 332 2741 hoc,
366 2705 470 2744 quem
501 2691 692 2742 posterius
724 2692 905 2742 scripsit,
938 2692 1134 2730 manifeste
1166 2693 1282 2731 innuit
1313 2693 1358 2731 de
1391 2692 1453 2731 illo
1487 2692 1627 2743 altero,
1660 2705 1765 2744 quum
1797 2693 1869 2731 ait:

719 2782 771 2789 --
799 2767 1022 2812 repetamus
1051 2763 1225 2800 carmine
1254 2775 1387 2801 voees.

236 2828 415 2867 Ostendit
448 2828 543 2867 enim
574 2829 682 2867 etiam
720 2831 831 2868 antea
871 2840 914 2867 se
945 2829 990 2867 de
1022 2829 1148 2868 eadem
1181 2843 1221 2869 re
1253 2832 1471 2881 scripsisse.
1532 2830 1719 2868 Diuiditur
1750 2833 1871 2869 autem

235 2896 308 2935 boc
340 2896 556 2947 opusculum
589 2897 625 2935 in
656 2897 749 2935 duas
780 2899 921 2948 partes.
983 2898 1105 2937 Prima
1137 2900 1302 2938 continet
1331 2899 1500 2938 deuotum
1524 2910 1691 2947 carmen,
1725 2898 1871 2949 plenum

235 2965 558 3015 timu-ocationum‚
593 2967 631 3006 ct
662 2977 756 3005 vere
787 2978 880 3020 quas
910 2968 1026 3007 vocat
1050 2966 1232 3008 Horatius
1258 2967 1481 3019 Thyesteas
1511 2978 1662 3019 preces.
1696 2967 1873 3007 Secunda
