2006 3365
238 163 336 207 148
795 152 1320 193 ANIMADVERSIONES

238 275 318 312 vari
352 273 575 311 monuimus:
616 270 722 308 Brix.
756 269 1043 312 Ascensianae,
1079 272 1155 306 etc.
1257 267 1397 306 mellea
1429 279 1508 305 var.
1546 266 1631 306 lect.
1663 265 1761 316 apud
1792 265 1871 304 Ar-

238 343 404 389 noldum,
437 340 566 378 nescio
597 337 707 377 unde.
764 344 911 390 pratra
943 337 1113 386 August.

321 479 371 517 V.
407 479 470 514 17.
505 475 639 526 (120.)
683 484 741 518 ΕΤ
767 483 925 517 GELIDI
952 482 1154 521 FONTES,
1190 481 1438 522 AVIUMQUE
1471 481 1692 515 SlLENTlA
1722 481 1872 514 FIENT.

237 547 407 585 silenem
437 543 586 583 Thumi.
618 546 784 583 testante
815 543 1008 593 Lassmm,
1049 545 1086 580 et
1116 542 1266 580 Monac.
1302 543 1354 579 ll.
1413 542 1512 592 fiant
1545 541 1684 580 Medic.
1728 544 1765 580 et
1797 541 1874 580 Pe-

238 623 315 653 tav.
376 614 477 666 siccut
508 625 587 653 cum
620 625 733 663 supra
764 612 907 661 scripto
939 625 960 650 e
990 610 1138 648 Thuan.
1172 612 1335 648 testante
1367 608 1524 647 Vossio.

323 752 373 791 V.
397 754 461 790 18.
488 748 622 799 (121.)
673 756 961 791 TARDABUNT
987 756 1106 789 RlVl:
1133 754 1379 788 LABENTES
1407 754 1608 787 CURRITE
1634 755 1876 790 LYMPHAE.

329 818 564 859 Tardabunt
594 815 691 871 rivi]
725 818 854 866 Lego:

528 887 763 926 Tardubzcnt
793 887 873 924 rivi
904 884 1053 924 labenti
1084 897 1242 922 currere
1272 883 1393 933 linfa.
1455 892 1638 926 SCALlG,

240 960 390 997 currite
412 955 552 995 Medio.
578 954 737 993 Ilclmst.
760 955 904 1005 meique
927 954 1058 1003 scripti
1083 956 1153 991 tam
1179 953 1319 990 vetusti
1346 964 1450 1004 quam
1475 954 1706 991 recentiores
1729 966 1877 1003 omnes,

241 1029 349 1065 eliam
380 1026 598 1065 Vossianus
630 1025 661 1062 Ι.
693 1023 834 1061 diserte
866 1025 1031 1060 testante
1062 1021 1226 1070 Vossio3
1260 1023 1342 1059 item
1375 1022 1492 1058 omnis
1520 1020 1613 1059 liber
1641 1022 1765 1060 editus
1792 1026 1879 1062 ante

243 1096 418 1135 Aldinas.
479 1093 527 1132 Et
558 1094 728 1143 profecto
761 1091 967 1139 singularis
1001 1089 1094 1128 hacc
1126 1093 1185 1128 est
1216 1090 1438 1134 infelicitas,
1477 1094 1546 1128 tam
1581 1091 1712 1129 bonum
1745 1091 1879 1129 dictum

242 1165 414 1215 potuisse
455 1162 592 1201 cedere
622 1159 752 1210 alteri,
792 1159 904 1197 multo
943 1159 1140 1208 deteriori,
1181 1172 1363 1206 currere,
1409 1171 1529 1209 neque
1568 1161 1802 1199 recentiores
1833 1160 1879 1198 ad

242 1235 378 1272 honum
411 1231 605 1282 pristinum
636 1229 784 1267 redisse
825 1229 991 1267 criticos.
1053 1227 1193 1265 Verum
1232 1241 1391 1266 currere
1431 1228 1539 1265 etiam
1572 1227 1774 1277 Scaligero
1812 1230 1880 1266 im-

242 1302 390 1352 posuit,
430 1301 491 1352 qui
523 1302 641 1338 tamen
673 1297 763 1336 alibi
802 1298 838 1335 in
878 1296 1194 1346 iudicandis-iis,
1236 1308 1329 1347 quae
1369 1309 1417 1335 ex
1450 1295 1605 1334 Aldinis
1645 1309 1881 1346 provenere,

246 1382 364 1422 usque
396 1369 441 1407 ad
473 1368 701 1420 iniquitatem
733 1378 893 1405 severus
926 1368 998 1404 est.
1060 1364 1243 1404 Caussam
1280 1366 1402 1403 autem
1440 1365 1692 1414 corruptionis
1733 1367 1883 1416 primam

245 1440 379 1477 videor
418 1437 503 1475 mihi
544 1438 751 1475 monstrare
790 1447 923 1485 posse.
985 1435 1144 1475 Scilicet
1182 1447 1288 1485 quum
1326 1436 1411 1471 ante
1450 1433 1630 1472 labentes
1671 1434 1884 1482 Romanae,

246 1509 397 1546 Veneta
428 1506 569 1544 Achat-
611 1508 648 1543 et
681 1506 781 1543 lens.
823 1515 901 1542 cum
941 1505 1024 1543 cod.
1057 1505 1147 1543 Bas.
1188 1505 1226 1540 et
1264 1501 1426 1540 Vrntisl.
1460 1502 1509 1540 ll.
1549 1506 1586 1540 ct
1621 1503 1884 1542 Ascensianae

248 1576 412 1615 florent.
446 1576 543 1612 lunt.
576 1586 637 1624 ap.
661 1573 782 1610 Burm.
816 1575 918 1611 recte
942 1573 1177 1621 distinguant
1201 1571 1303 1614 colo,
1338 1571 1398 1609 vel
1424 1574 1586 1621 puncto:
1612 1572 1761 1610 Veneta
1782 1573 1883 1612 Rub.

249 1645 471 1690 Viccrltiiia,
513 1654 593 1681 cum
624 1643 743 1682 Voss.
777 1642 830 1679 ll.
863 1641 961 1679 Ven.
997 1643 1118 1680 1482.
1152 1641 1258 1679 Brix.
1296 1643 1415 1678 1485.
1448 1639 1564 1688 aliae,
1605 1642 1775 1679 omittunt
1807 1654 1884 1679 eam

249 1713 537 1752 distinctionem.
598 1711 680 1763 Qua
710 1721 749 1748 re
782 1722 888 1761 quum
921 1709 1106 1747 obscurus
1138 1711 1260 1747 sactus
1293 1711 1398 1747 esset
1428 1720 1565 1747 sensus
1594 1709 1689 1759 loci,
1721 1710 1886 1749 Aldinae

249 1781 471 1820 intulerunt:
524 1779 758 1819 Tardahunt
789 1781 870 1818 rici
901 1779 1080 1817 labentes
1120 1790 1270 1816 currere
1301 1778 1504 1830 lymphae:
1546 1778 1643 1830 quod
1682 1784 1887 1829 sequuntur

249 1850 368 1890 Basil.
406 1852 524 1887 1543.
557 1849 728 1888 Venetae
763 1851 883 1885 1544.
922 1850 1039 1885 1558.
1071 1846 1194 1895 Lugd-
1227 1848 1266 1885 et
1295 1847 1418 1885 Antv.
1455 1848 1573 1883 1556.
1609 1846 1727 1885 Basil.
1760 1847 1808 1885 H.
1842 1848 1885 1886 P.

255 1922 374 1957 15431.
417 1917 713 1966 Scaligeranae,
747 1916 955 1961 Pithoeus,
997 1914 1120 1953 Boxh.
1154 1916 1277 1954 Burin.
1311 1915 1491 1953 Wcrnsd.
1524 1914 1679 1953 Putsch.
1741 1915 1888 1968 Quanto

251 1987 380 2025 melius
412 1988 618 2038 antiqmnn:
670 1984 903 2024 Tardabmzt
943 1986 1043 2022 rivi:
1089 1984 1269 2023 labentes
1310 1985 1448 2022 currite
1490 1984 1697 2036 lymphae:
1740 1985 1775 2022 in
1816 1997 1888 2036 quo

251 2057 471 2097 tardabunt
510 2058 569 2094 est
607 2056 761 2093 verbum
800 2056 988 2103 neutrum,
1032 2055 1117 2091 sive
1159 2053 1335 2092 absolute
1376 2053 1525 2091 dictum.
1586 2051 1636 2091 Ut
1675 2053 1890 2103 accipiebat

253 2126 417 2164 Badius:
457 2127 537 2163 rivi
567 2124 787 2163 lardalmnt
817 2137 907 2175 sup.
942 2137 999 2162 se.
1061 2122 1167 2176 Quod
1208 2124 1241 2160 si
1272 2123 1353 2174 quis
1386 2133 1464 2160 eam
1506 2122 1542 2158 in
1582 2134 1658 2160 rem
1698 2122 1890 2161 desideret

253 2194 446 2244 exempla,
478 2193 565 2231 mihi
595 2193 734 2231 suflicit
765 2192 953 2240 Virgilius
985 2192 1085 2230 Aen.
1109 2192 1160 2230 X.
1196 2195 1289 2230 857.
1324 2204 1557 2245 quamquam
1588 2194 1653 2229 vis
1685 2191 1769 2229 allo
1799 2191 1889 2229 vol-

254 2277 346 2302 nere
375 2263 542 2301 lardus:
581 2273 660 2299 cum
691 2261 947 2312 disputatione
987 2259 1035 2298 N.
1068 2260 1216 2299 Heinsii
1254 2260 1299 2297 ad
1332 2261 1433 2297 Aen.
1465 2260 1518 2297 ll.
1552 2262 1647 2298 208.
1690 2263 1727 2299 et
1759 2259 1890 2298 Vossii

256 2332 301 2371 de
331 2331 524 2379 Analogia
556 2331 631 2368 lli.
664 2345 721 2367 111.
782 2329 872 2367 Scio
904 2330 1043 2368 turbari
1075 2330 1111 2367 in
1142 2329 1204 2367 illo
1236 2327 1390 2379 Virgilii
1422 2327 1529 2377 loco,
1571 2328 1638 2366 sed
1671 2340 1798 2366 verum
1831 2332 1892 2367 est

256 2400 353 2440 haud
397 2399 529 2445 dubie,
576 2398 673 2450 quod
705 2397 865 2448 protuli,
906 2402 943 2436 et
981 2397 1242 2448 explicandum
1282 2398 1353 2445 ita,
1395 2399 1434 2434 ut
1465 2397 1559 2446 feci,
1602 2399 1642 2435 ut
1670 2397 1812 2436 tardat
1841 2398 1891 2435 sit

257 2471 448 2517 neutmmg
488 2468 622 2506 tardet
652 2466 802 2505 Veneta
840 2469 878 2505 et
908 2466 1210 2505 Mediolanensis
1240 2465 1458 2515 Maittairii,
1502 2468 1540 2504 et
1579 2466 1676 2516 apud
1713 2477 1769 2504 me
1799 2465 1891 2504 Mu-

258 2538 438 2587 tinensis3
479 2536 618 2575 tardat
655 2534 805 2573 Veneta
844 2535 981 2574 Rubei.
1048 2534 1197 2573 Deinde
1235 2536 1370 2584 pocta,
1416 2536 1525 2572 utens
1563 2532 1793 2585 apostrophe
1830 2533 1893 2572 illa

260 2619 349 2655 sua,
389 2604 517 2644 ethic
548 2604 692 2656 quidem
724 2605 832 2642 utens
871 2603 1110 2653 felicissime,
1153 2603 1436 2641 admonitionem
1475 2603 1579 2641 addit
1618 2602 1662 2640 ad
1694 2600 1890 2652 lymphas,

261 2687 307 2714 ne
337 2673 533 2724 strepitum
565 2673 728 2710 saciant:
772 2672 950 2711 labentes
989 2675 1137 2711 currile
1176 2672 1369 2724 lymphae.
1423 2673 1485 2710 ubi
1525 2671 1703 2710 labentes
1743 2683 1822 2709 cum
1853 2672 1893 2709 vi

263 2744 397 2782 dictum
429 2744 507 2792 est,
546 2741 592 2779 de
623 2743 720 2779 motu
753 2740 973 2792 tranquillo,
1015 2740 1311 2791 inobservabili,
1355 2741 1416 2793 qui
1453 2753 1525 2779 non
1555 2739 1760 2790 percipitur
1790 2740 1892 2777 auri—

262 2812 349 2851 hus.
409 2809 534 2849 Minus
571 2809 668 2848 hene
705 2808 872 2857 Argent.
912 2811 1028 2847 1502.
1070 2808 1260 2857 Virgilius
1303 2809 1416 2860 Aidi,
1455 2808 1568 2848 Taur.
1604 2811 1724 2846 1518.
1766 2807 1892 2857 Lugd.

270 2883 388 2920 1529.
419 2880 507 2930 post
537 2878 718 2918 labentes
750 2877 1024 2927 inim-pungunt
1054 2876 1162 2928 colo,
1192 2877 1256 2916 vel
1288 2880 1487 2927 commate,
1520 2876 1592 2916 ita:
1639 2876 1684 2915 T.
1715 2878 1796 2915 rivi
1826 2877 1893 2916 la-

268 2948 423 2996 bentes,
456 2951 604 2987 currite
633 2946 660 2984 l.

350 3019 448 3056 uiri:
480 3017 581 3057 Ven.
613 3014 753 3055 Achat.
813 3014 962 3068 lyphae
990 3013 1138 3053 Thuan.
1173 3014 1337 3054 testante
1368 3013 1525 3054 Vossio.
1585 3013 1740 3066 lymphe
1768 3013 1893 3052 Paris.
