2006 3365
519 153 574 194 IN
615 152 835 194 VALERII
864 150 1105 192 CATONIS
1138 149 1321 191 DIRAS.
1681 151 1746 195 17

100 271 282 311 hominem
312 271 452 316 fuisse,
485 269 551 307 sed
585 281 716 307 nomen
748 267 821 306 hoc
852 270 931 313 est,
964 269 1004 305 ut
1034 269 1122 305 sunt
1151 267 1224 305 aHa
1256 271 1449 317 pastorum
1480 262 1577 314 apud
1611 259 1746 301 Theo-

101 341 230 380 critum
262 339 420 377 nomina.
552 337 710 376 Ileinsio
741 348 857 389 quare
888 335 1055 374 Siculum
1093 348 1180 374 esse
1211 346 1341 373 nomen
1372 332 1577 372 Battarns
1609 331 1747 369 videa-

103 415 182 455 tur,
214 420 286 446 non
309 411 474 457 cxputo:
507 408 674 444 sortasse
704 405 800 457 quod
834 406 869 442 in
895 404 1029 443 Sicilia
1060 404 1177 442 fuisse
1211 403 1336 441 villam
1359 402 1517 442 Catonis
1549 400 1624 438 sibi
1651 409 1747 450 per-

102 477 302 515 suasisset.
364 475 453 523 Ego
495 473 568 512 lioc
606 477 744 513 tantum
786 473 963 511 dixerim:
1005 472 1149 522 primo,
1190 483 1368 519 graecum
1408 471 1529 508 fuisse
1568 468 1743 517 origine3

101 544 260 593 deInde,
292 543 416 592 magis
448 554 644 580 servorum
676 554 781 593 quam
813 540 966 578 aliorum
1007 540 1187 578 hominum
1230 540 1348 578 videri
1387 540 1577 590 proprium
1609 538 1742 576 fuisse.

104 612 154 652 Ut
172 610 460 663 IpsumCatonis
477 611 666 649 Battarum
684 621 834 647 servum
856 609 976 646 I'uissc
993 609 1165 646 coniicio.
1186 607 1279 646 Nam
1299 608 1494 658 quominus
1513 607 1635 645 lictum
1656 617 1746 644 esse

103 682 271 721 Battari
301 680 396 730 apud
425 678 605 718 Catonem
638 689 791 724 nomen,
825 680 864 715 et
894 676 990 714 aliud
1025 676 1142 715 latere
1174 676 1244 715 sub
1277 688 1322 714 (¹0
1355 678 1584 723 statuamus,
1617 676 1751 714 obstat

102 749 325 800 simplicitas
358 746 538 797 Catonis,
570 748 631 799 qui
670 747 749 785 suis
781 758 844 784 res
875 744 1119 796 hominesque
1158 745 1370 783 nominibus
1401 743 1595 793 appellare
1627 742 1746 791 solet,

104 831 223 870 neque
255 818 388 856 idonea
418 820 482 855 aut
516 829 565 854 ex
596 815 743 853 nomine
775 816 977 854 Battarus
1021 817 1084 852 aut
1125 826 1176 852 ex
1215 814 1377 851 carmine
1410 812 1571 851 Catonis
1613 823 1750 849 caussa

103 886 210 925 reddi
233 890 382 937 potest,
415 897 479 923 cur
501 884 619 931 Cato,
652 885 684 921 si
712 883 834 922 fictum
856 895 999 933 ponere
1023 895 1153 921 nomen
1186 881 1397 928 voluisset,
1422 880 1592 919 Battari
1618 891 1749 918 nomen

105 967 248 1006 ponere
280 967 386 1007 quam
417 953 515 991 aliud
549 952 731 991 maluerit.
778 952 976 990 Aunotavi
1009 964 1058 989 ex
1091 950 1275 1001 Epistolis
1307 950 1530 998 Ciceronis,
1563 961 1658 1000 quae
1690 949 1750 985 di-

105 1025 238 1062 cuutur
269 1023 314 1061 ad
346 1021 584 1070 FamiliarcS,
617 1021 834 1059 libertorum
865 1031 910 1058 ac
935 1031 1131 1058 sorvorum
1156 1020 1305 1056 nomina
1331 1030 1496 1067 graeca,
1529 1030 1648 1070 caque
1681 1016 1754 1055 hoc

104 1092 189 1131 loco
222 1090 449 1139 recensebo,
484 1092 525 1128 ut
554 1095 738 1140 appareat
769 1090 878 1128 unius
910 1089 1111 1139 scriptoris
1143 1087 1333 1137 exemplo,
1367 1091 1505 1138 quanta
1537 1088 1648 1125 suerit
1680 1098 1752 1124 no-

104 1161 235 1198 minum
277 1159 485 1198 istiusmodi
527 1158 721 1197 multitudo
764 1171 807 1196 ae
846 1158 1029 1196 varietas.
1102 1156 1179 1196 Sed
1212 1156 1389 1194 indicabo
1430 1160 1568 1194 tautum
1609 1155 1753 1202 libros,

104 1229 306 1268 hrchtatis
338 1241 497 1278 caussa,
530 1232 567 1266 ct
598 1227 630 1265 si
664 1228 724 1279 qui
756 1227 815 1265 bis
855 1226 917 1265 vel
950 1227 1105 1276 saepius
1139 1230 1490 1271 commemorantur,
1530 1237 1598 1263 eos
1637 1222 1752 1262 semel

105 1301 244 1336 tantum
277 1298 487 1337 nominabo,
529 1296 615 1335 Lib.
650 1296 697 1335 ll.
736 1297 905 1335 Thraso.
944 1295 1074 1334 Philo.
1110 1295 1285 1333 Phania.
1375 1293 1444 1332 III.
1479 1294 1602 1333 Cilix.
1637 1293 1754 1332 Pau-

107 1369 267 1405 sanias.
303 1366 554 1405 Philotimus.
603 1365 672 1403 lv,
710 1365 966 1416 Theophilus.
1016 1365 1063 1403 V.
1097 1365 1325 1415 Dionysius
1358 1375 1509 1402 servus,
1558 1362 1626 1401 Vl.
1652 1362 1753 1401 Phi-

108 1436 314 1487 laryyrus.
346 1436 554 1474 Seleucus.
589 1434 717 1474 Chilo.
765 1433 852 1472 VII.
879 1434 1140 1482 Protoqenes.
1162 1433 1418 1484 Chrysippus
1442 1431 1610 1470 Vettius.
1636 1429 1753 1470 Caius

109 1504 289 1542 Avianus
320 1504 527 1543 Evander.
571 1503 736 1555 Apella.
854 1501 924 1539 IX.
958 1502 1122 1540 Zethus.
1164 1501 1363 1539 Phileros.
1412 1501 1599 1552 Cytheris
1633 1499 1754 1537 Volu-

109 1573 218 1609 mnia.
250 1571 300 1610 X.
323 1573 566 1610 Dardanus.
598 1571 688 1610 XII.
711 1572 939 1622 Dionysius
966 1569 1137 1608 libertus.
1171 1570 1278 1609 Eros
1301 1568 1454 1607 Turius.
1494 1568 1603 1607 XIII.
1625 1567 1756 1620 Apol-

110 1642 256 1680 lonius.
291 1640 336 1680 C.
358 1640 537 1678 Avianus
562 1640 832 1679 Hammonius.
866 1638 908 1678 L.
931 1637 1132 1678 Cossinius
1157 1638 1399 1677 Anchialus.
1435 1637 1625 1676 Hilarus.
1660 1638 1756 1675 An-

109 1714 284 1761 tiyonus.
322 1709 624 1748 Demostratus.
657 1709 884 1748 Anchialus
917 1720 1069 1746 servus.
1112 1708 1151 1746 L.
1186 1707 1348 1745 Nostius
1379 1706 1534 1745 Zoilus.
1575 1706 1615 1746 L.
1645 1706 1756 1745 Livi-

108 1779 215 1817 neius
253 1778 424 1831 Trypho.
473 1778 520 1816 T.
556 1778 715 1828 Ampius
749 1777 989 1817 Menander.
1050 1776 1159 1816 XIV.
1195 1778 1478 1815 Arislocrilus.
1522 1777 1754 1828 Dexippus.

112 1848 312 1900 Orpheus.
346 1845 504 1886 Clodius
538 1847 811 1886 Phe‘letaerus.
846 1850 1044 1886 Acastus.
1114 1844 1223 1884 XVI.
1259 1845 1499 1884 silenander.
1533 1845 1754 1884 Andricus.

109 1919 311 1969 Aeyypla.
349 1917 525 1955 Hermia.
560 1916 776 1955 Antherus.
810 1916 1040 1967 Harpalus.
1104 1915 1267 1954 Servum
1296 1914 1428 1956 etlam.
1464 1913 1524 1950 vol
1558 1913 1754 1957 libertum,

112 1984 242 2024 volunt
262 1986 502 2024 Demetrium
527 1997 628 2033 esse,
661 1986 767 2023 cuius
792 1985 931 2023 mentio
957 1983 1066 2023 XVI.
1101 1998 1200 2022 xv11.
1235 1997 1320 2020 xix.
1357 1997 1457 2019 xxm.
1491 1986 1529 2019 et
1552 1994 1644 2020 sane
1667 1981 1755 2032 pla-

113 2058 173 2092 cet
202 2055 274 2093 ita.
318 2058 358 2092 at
388 2067 458 2092 non
491 2053 614 2092 liabeo
655 2065 751 2092 nunc
782 2054 948 2105 quidem,
987 2052 1170 2104 quomodo
1203 2051 1395 2090 conciliem
1428 2063 1506 2089 cum
1540 2050 1648 2089 VIII.
1683 2066 1751 2088 xv.

113 2122 260 2161 Factum
293 2135 382 2162 esse
413 2126 564 2173 potest,
598 2125 637 2161 ut
661 2134 767 2160 unum
793 2121 1000 2160 alterumve
1024 2133 1155 2159 nomen
1184 2133 1238 2159 me
1261 2120 1521 2170 praeterierit3
1555 2119 1618 2158 vel
1646 2121 1754 2158 etlam

115 2196 153 2229 ut
185 2193 476 2230 enumeraverim
508 2191 690 2243 aliquem,
722 2191 782 2243 qui
815 2203 935 2242 neque
967 2202 1127 2237 servus,
1170 2201 1291 2241 neque
1323 2188 1495 2227 llbertus.
1557 2189 1628 2227 Est
1658 2189 1755 2227 enim

113 2259 177 2297 ubi
208 2261 420 2299 conlectura
451 2265 589 2299 tantum
618 2260 783 2304 efficias,
816 2272 888 2312 quo
914 2259 1042 2307 homo,
1076 2270 1182 2310 quem
1206 2263 1466 2296 commemorat
1486 2256 1645 2306 Cicero,
1671 2257 1755 2296 loco

114 2328 239 2365 luerit.
298 2328 432 2367 Latina
463 2330 608 2367 nomina
640 2330 675 2367 in
709 2334 809 2368 tanta
847 2330 1028 2367 nominum
1069 2339 1293 2377 graecorum
1333 2326 1565 2364 multitudine
1602 2327 1754 2377 repperi

114 2408 256 2447 pauca:
290 2397 425 2448 quibus
457 2398 527 2436 alia
559 2398 630 2436 duo
663 2410 733 2436 non
766 2410 908 2446 graeca
938 2397 1048 2435 addo.
1082 2396 1163 2435 Lib.
1190 2396 1237 2434 Il.
1272 2396 1409 2447 Rapa.
1435 2395 1481 2432 V.
1541 2395 1597 2433 M.
1625 2395 1752 2434 Tulli-

115 2479 158 2503 us
192 2465 366 2503 Laurea.
430 2467 495 2505 VI.
542 2467 745 2506 Theudas.
805 2466 916 2505 XIII.
951 2466 995 2506 C.
1029 2464 1183 2505 Curtius
1216 2465 1406 2504 Mithres.
1468 2464 1577 2503 XIV.
1609 2465 1754 2504 Sallu-

115 2537 236 2573 stius.
272 2534 427 2573 Pollex.
495 2535 585 2575 XV.
617 2536 809 2576 Sabinus.
876 2535 986 2574 XVI.
1024 2535 1128 2574 Tiro.
1172 2534 1323 2573 Mario.
1363 2535 1537 2573 Siamus.
1654 2534 1753 2573 Sal-

115 2604 278 2642 lustium
309 2602 406 2640 illum
439 2603 608 2643 libertum
640 2606 759 2642 fuisse
792 2602 989 2643 Ciceronis
1028 2604 1175 2642 credam
1209 2604 1372 2642 Ernesto
1405 2604 1440 2640 in
1474 2600 1605 2649 Clavi,
1646 2614 1752 2653 quum

116 2685 190 2710 non
223 2675 374 2710 constet
404 2671 513 2710 aliud.
634 2673 677 2712 Si
710 2674 793 2725 quis
825 2677 945 2711 tamen
980 2672 1225 2711 vehementer
1250 2673 1424 2719 insistat,
1458 2684 1529 2709 non
1557 2671 1751 2720 impediam

116 2741 306 2793 equidem,
341 2741 533 2792 quominus
565 2754 693 2780 nomen
727 2754 830 2779 suum
854 2741 1030 2780 Batiam
1052 2740 1212 2781 Catonis
1242 2740 1397 2778 luditum
1427 2740 1475 2778 ab
1507 2740 1631 2790 aliquo
1656 2739 1751 2778 vitio

116 2814 246 2861 putet:
279 2809 385 2847 modo
419 2813 567 2857 teneat,
598 2810 632 2847 in
663 2812 782 2850 Diris
816 2823 985 2849 caussam
1018 2811 1098 2849 clus
1130 2809 1289 2848 nominis
1321 2820 1410 2846 esse
1442 2807 1597 2846 nullam.

203 2878 261 2916 De
292 2878 411 2916 I'orma
444 2878 599 2916 nominis
630 2880 723 2917 satis
755 2884 815 2918 est
846 2884 884 2918 ut
915 2885 1106 2918 tvm-amus
1138 2890 1270 2916 vocem
1303 2874 1514 2923 βάτταρος
1544 2887 1633 2915 esse
1656 2888 1751 2926 pro-

119 2947 322 2985 ductiorem
356 2948 502 2984 fun-mam
538 2947 644 2983 vocis
676 2943 841 2991 ,ἵυῖτιοᾳ
902 2950 1032 2999 Atque
1070 2960 1149 2986 eam
1180 2948 1224 2985 ad
1257 2959 1334 2984 rem
1371 2944 1534 2993 egregie
1565 2945 1656 2983 facit
1686 2957 1752 2983 se-

121 3015 240 3053 cundo
273 3027 362 3054 casu
395 3020 619 3054 conservata
650 3015 743 3064 alia,
774 3016 839 3053 sed
872 3017 1020 3064 gcndna
1044 3017 1182 3065 forma,
1215 3011 1401 3060 βάταλος
1433 3010 1494 3049 vel
1527 3009 1750 3059 βάϊταλος.

189 3094 341 3125 Valerius
363 3093 457 3125 Cato.
1445 3084 1477 3126 2
