2006 3365
260 176 361 218 228
863 168 1225 210 DISSERTATIO
1270 170 1301 209 Ι.

261 294 349 326 eto:
382 299 457 326 non
485 286 574 337 finit
598 284 802 324 naturalis
835 285 911 324 illa
944 284 1120 339 quidem,
1154 285 1228 324 secl
1260 284 1465 338 affectata
1493 287 1629 341 qualis
1653 292 1790 338 polest
1819 286 1906 325 eln-

263 363 397 395 elatur
427 356 570 393 oratio.
632 354 790 393 Praeter
814 352 980 393 Culicem
1011 353 1058 391 ab
1090 353 1284 404 Episcopo
1317 352 1510 393 Aleriensi
1541 356 1586 393 ad
1611 354 1811 403 Virgilium
1842 366 1908 393 re-

264 426 433 463 seruntur
456 423 578 461 haec:
622 422 762 471 Dirae,
797 421 924 473 Copa,
955 423 1027 461 Est
1050 424 1088 460 et
1113 421 1221 471 Non,
1255 422 1325 460 Vir
1351 422 1490 472 honus,
1523 424 1675 471 Rosam,
1708 423 1906 462 Moretum.

262 492 321 530 De
338 491 527 541 Priapeiis
553 490 782 530 dubitantem
806 492 998 529 audiemus
1021 491 1056 528 in
1082 491 1305 529 recensione
1325 495 1454 529 nostra
1476 492 1651 530 editionis
1669 492 1861 531 Romanae
1877 491 1907 530 1.

262 561 436 612 Denique
456 559 582 609 addit,
615 561 710 599 satis
735 572 802 611 pro
828 560 890 598 illa
907 562 1030 598 aetate
1049 562 1157 597 raute
1183 571 1226 597 ae
1243 561 1457 610 sapienter:
1492 560 1607 617 Quae
1625 566 1790 613 praeter
1809 561 1910 599 haee

261 629 462 682 opuscula
486 631 527 667 in
557 635 694 667 nostro
726 635 819 667 sun!
851 629 1014 667 codice:
1046 642 1104 667 me
1126 628 1277 667 arbitro
1309 642 1415 667 nemo
1447 630 1666 681 epitaphiis
1689 629 1907 668 uersiculis

263 698 417 737 (luobus
439 701 618 750 exceptis
647 697 740 737 Vati
770 697 915 736 tribuet
939 697 1181 736 Μαηῐααηο.
1213 711 1264 736 ex
1289 700 1445 749 inqenio
1473 698 1547 736 illa
1576 700 1748 752 quisque
1766 711 1909 737 cense-

264 769 318 807 bic
350 781 437 807 sno·
471 767 643 805 codicem
672 779 777 817 quum
801 766 909 813 dicit,
936 765 1032 804 hanc
1059 778 1160 804 suam
1186 766 1407 810 editionem,
1434 765 1636 804 Romanam
1658 766 1686 804 1.
1708 766 1909 824 intelligit,

263 840 300 875 et
323 850 417 888 quos
439 836 529 874 dicit
557 834 772 885 epitaphios
798 834 1014 873 versiculos
1046 835 1139 882 duo,
1167 834 1264 873 haud
1297 835 1409 873 dubie
1432 838 1519 873 sunt
1544 836 1721 874 M‘antmz
1751 849 1810 874 me
1838 848 1909 887 ye-

262 910 347 944 nm't
373 908 446 943 etc.
509 903 603 957 Quid
641 904 686 942 de
713 904 781 951 iis,
814 916 908 954 quae
942 908 1078 954 postea
1110 908 1380 952 accesserunt,
1414 904 1448 942 in
1481 904 1645 942 editione
1671 904 1837 942 Romana
1859 903 1908 942 ΙΙ.

263 975 513 1021 iudicaverit,
556 985 628 1011 non
661 973 880 1021 signifieat:
923 973 961 1010 in
992 972 1121 1011 Aetna
1153 976 1290 1011 tautum
1324 973 1454 1021 titulo,
1497 985 1603 1025 quem
1635 973 1727 1012 fecit
1757 973 1791 1011 ei
1824 985 1910 1012 car-

263 1044 369 1087 mini,
404 1043 670 1080 dubitationem
703 1053 774 1078 non
807 1044 879 1080 tam
912 1053 1040 1089 suam,
1072 1054 1179 1092 quam
1210 1042 1426 1092 Pomponii,
1459 1042 1664 1093 significat.

349 1113 479 1159 Pergo
501 1111 547 1148 ad
572 1110 803 1149 Cataleela.
854 1110 909 1148 Ea
931 1121 1014 1147 raro
1042 1110 1202 1148 inveniri
1228 1111 1263 1147 in
1283 1110 1390 1148 libris
1409 1111 1562 1160 scriptis
1580 1122 1694 1160 supra
1711 1109 1909 1148 indicatum

264 1183 343 1230 est:
377 1180 512 1232 quibus
544 1181 665 1217 autem
686 1179 721 1216 in
748 1177 857 1215 libris
881 1177 994 1227 meis,
1027 1179 1065 1216 et
1086 1189 1108 1215 a
1139 1178 1276 1229 quibus
1305 1178 1405 1216 edita
1433 1179 1591 1227 suerint,
1623 1178 1767 1216 dicetur
1797 1190 1912 1216 accu-

263 1254 344 1289 rate
364 1250 461 1287 infra
482 1247 772 1286 inReccnsione
798 1246 990 1285 librorum.
1030 1246 1138 1284 Nunc
1160 1245 1246 1284 illud
1274 1247 1575 1296 observandum,
1601 1259 1690 1284 esse
1714 1246 1912 1286 Catalecta

266 1320 300 1357 in
333 1319 499 1356 editione
531 1316 695 1367 Heynii,
737 1318 774 1354 et
806 1315 866 1367 qui
907 1314 968 1353 alii
1008 1317 1298 1353 antecesserunt
1336 1314 1546 1365 lleynium,
1590 1315 1660 1354 sed
1703 1327 1808 1353 unum
1840 1315 1911 1353 de-

265 1388 351 1425 hinc
382 1387 571 1424 nominare
594 1385 780 1435 Heynium
813 1385 906 1422 satis
939 1383 1083 1422 habeo:
1117 1384 1249 1433 partim
1281 1383 1471 1433 pleniora,
1503 1396 1609 1436 quam
1641 1388 1729 1422 sunt
1759 1384 1794 1421 in
1826 1384 1910 1422 edi-

263 1457 366 1494 tione
407 1455 692 1507 antiquissima,
740 1454 872 1504 partim
914 1453 1033 1490 minus
1073 1450 1200 1502 plena.
1267 1451 1361 1490 Illud
1406 1452 1526 1502 bene3
1564 1451 1638 1491 hoc
1678 1465 1748 1491 non
1787 1452 1909 1501 hene,

263 1538 386 1577 neque
417 1524 565 1562 dubium
596 1523 682 1561 mihi
714 1523 858 1575 quidem
891 1521 1062 1567 videtur,
1106 1521 1190 1572 quin
1223 1521 1457 1559 restituenda
1489 1522 1567 1560 sint
1598 1519 1809 1561 Catalectis
1840 1522 1912 1560 tria

264 1594 421 1632 exclusa
461 1593 507 1631 ab
548 1592 700 1642 Heynio
742 1591 916 1630 carmina.
987 1589 1092 1642 Quae
1141 1589 1227 1640 plus
1268 1589 1385 1628 hahet
1429 1590 1626 1640 Hvynius,
1670 1589 1765 1628 haec
1802 1592 1907 1628 sunt:

265 1675 412 1701 calanen
444 1661 514 1700 Vl.
548 1660 687 1709 (Anth.
719 1660 801 1699 Lat.
827 1659 856 1697 l.
886 1659 1020 1707 Lxm.)
1055 1658 1307 1697 dulcissimum
1341 1659 1448 1696 illud:
1482 1660 1530 1698 Se'
1558 1660 1651 1698 milti
1681 1665 1910 1711 ‚susceptum

262 1734 389 1783 fuerit
414 1732 626 1770 decurrere
655 1743 794 1769 munus
810 1757 822 1777 ,
857 1730 931 1767 etc.
992 1727 1125 1765 deinde
1148 1738 1293 1765 carmen
1314 1726 1383 1766 IV.
1408 1726 1544 1771 (Anth.
1565 1727 1650 1766 Lat.
1674 1727 1722 1767 ll.
1743 1729 1908 1778 ccxnv.)

264 1800 444 1853 Superbe
466 1800 691 1845 IVoetm‘ne,
726 1799 912 1847 integrum
944 1796 1080 1843 habet,
1114 1796 1219 1833 cuius
1251 1796 1285 1833 in
1318 1797 1435 1846 prima
1466 1797 1635 1834 editione
1667 1797 1738 1834 duo
1772 1799 1910 1835 tantum

264 1883 402 1908 versus
433 1869 582 1919 priores
614 1871 741 1916 erant,
786 1868 947 1918 itemque
979 1876 1126 1903 carmen
1159 1865 1209 1904 V.
1253 1864 1391 1909 (Anth,
1424 1865 1507 1904 Lat.
1538 1864 1587 1904 ΙΙ.
1621 1866 1802 1915 ccxmu.)
1836 1866 1911 1904 Ia-

263 1952 353 1978 cere
382 1952 440 1976 me
472 1937 578 1991 qum]
607 1937 698 1975 alta
730 1940 803 1975 etc.
835 1936 1046 1983 integrum,
1080 1934 1177 1985 quod
1211 1936 1326 1971 totum
1357 1934 1490 1972 aberat
1521 1932 1568 1971 ab
1596 1934 1761 1972 editione
1782 1935 1910 1984 prima.

260 2009 309 2047 Et
340 2010 483 2058 partem
517 2005 664 2057 quidem
696 2004 824 2042 horum
857 2005 925 2041 iam
958 2001 1170 2054 suppletam
1203 2003 1322 2040 fuisse
1355 2003 1454 2040 cirea
1485 2014 1616 2040 annum
1644 2005 1764 2042 1479.
1798 2003 1910 2041 vide-

261 2077 397 2115 bimus.
460 2075 603 2115 Contra
635 2075 838 2112 omiserunt
870 2073 1065 2122 lleynius,
1102 2075 1139 2110 et
1171 2072 1232 2123 qui
1265 2071 1426 2121 proximi
1458 2075 1545 2109 ante
1577 2071 1790 2121 Heynium,
1824 2084 1909 2110 car-

261 2147 357 2184 mina
388 2145 433 2183 ad
468 2145 640 2194 Priapum
672 2143 885 2193 spectantia
917 2142 1006 2184 tria,
1039 2153 1060 2178 a
1094 2141 1302 2179 Burmanno
1334 2140 1371 2178 in
1403 2139 1645 2189 Anthologia
1677 2140 1808 2179 Latina
1840 2141 1908 2190 iis,

264 2227 359 2267 quac
399 2213 554 2264 proprie
601 2212 777 2262 Priapeia
820 2211 944 2248 dicere
992 2211 1282 2258 consuevimus,
1325 2208 1522 2256 subiecta,
1571 2223 1745 2247 Lxxxw.
1812 2209 1910 2249 Vere

263 2297 373 2322 rosa.
443 2296 600 2319 [xxxv.
633 2281 723 2332 Eyo
762 2281 883 2327 haec,
917 2292 988 2330 eqo
1020 2284 1109 2317 arte
1139 2283 1212 2316 etc.
1267 2294 1441 2317 Lxxxvr.
1475 2279 1594 2317 Hunc
1632 2291 1703 2330 eqo
1744 2280 1908 2318 iuvenes

264 2354 390 2391 locum
421 2353 495 2389 etc.
566 2349 670 2402 Quae
708 2349 779 2387 mei
817 2348 927 2396 libri,
975 2348 1036 2400 qui
1078 2347 1224 2399 quidem
1271 2345 1470 2386 Catalecta
1511 2348 1721 2394 continent,
1765 2348 1908 2396 cuncti,

264 2421 480 2460 Vossianus
511 2419 541 2457 l.
597 2418 766 2457 Romana
796 2416 845 2455 ll.
880 2416 1032 2454 codices
1066 2415 1321 2461 Basileensis,
1358 2415 1571 2454 Vossianus
1603 2416 1652 2455 ll.
1714 2415 1907 2455 Vratisla-

265 2491 410 2529 viensis
442 2488 491 2526 II.
552 2486 726 2525 Venetae
758 2487 880 2525 Rubci
914 2489 952 2524 et
982 2484 1156 2531 Iensoni,
1188 2485 1412 2532 Vicentina,
1454 2484 1602 2523 Veneta
1637 2488 1757 2525 1482.
1788 2483 1905 2526 aliae,

267 2563 302 2598 in
334 2557 543 2598 Catalcctis
574 2558 717 2606 ponunt
756 2554 933 2604 Virgilii,
974 2558 1013 2592 et
1052 2553 1197 2605 quidem
1236 2553 1356 2603 primo
1396 2554 1432 2591 in
1465 2552 1672 2593 Catalectis
1703 2553 1799 2592 1000.
1860 2554 1908 2593 Et

265 2630 321 2667 sic
353 2626 527 2666 Aldinae.
588 2625 637 2663 Et
678 2625 748 2662 lioe
790 2624 935 2675 quidem
973 2624 1138 2661 fortasse
1178 2623 1265 2660 ferri
1308 2623 1453 2672 possit,
1500 2622 1532 2661 si
1572 2623 1656 2674 quis
1696 2622 1908 2672 separanda

265 2697 421 2749 quodam
453 2693 560 2733 modo
606 2692 702 2730 hacc
739 2693 810 2731 tria
849 2692 1008 2729 carmina
1039 2704 1060 2729 a
1091 2690 1248 2743 reliquis
1282 2689 1559 2730 Catalectorunl
1591 2690 1815 2729 carminibus
1846 2690 1907 2729 di-

263 2767 388 2813 xerit,
431 2767 471 2801 ut
508 2773 603 2814 quae
643 2772 833 2799 commune
873 2763 1127 2808 argumentum
1173 2759 1356 2807 habeant,
1406 2760 1511 2798 cuius
1556 2758 1656 2798 nulla
1693 2759 1829 2798 deinde
1869 2761 1906 2798 in

266 2833 473 2874 Catalectis
504 2831 639 2869 mentio
678 2830 856 2875 recurrit,
898 2829 1085 2878 Priapum.
1148 2828 1283 2866 Eorum
1314 2829 1451 2878 gravis
1482 2840 1585 2866 error
1616 2828 1696 2876 est,
1737 2829 1798 2880 qui
1844 2828 1906 2867 his

265 2905 310 2941 de
342 2901 569 2941 carminibus
600 2898 695 2947 due,
745 2897 863 2937 Hunc
893 2911 965 2948 eqo
997 2900 1160 2937 iuvenes
1193 2898 1339 2943 locum,
1372 2897 1631 2950 villulamque
1657 2897 1903 2950 palustrem,

265 2975 303 3010 et
334 2972 421 3023 Eyo
451 2971 573 3016 haec,
607 2980 678 3019 eqo
711 2973 800 3005 arte
826 2966 1039 3018 fabricata
1070 2969 1253 3016 rustica,
1289 2964 1437 3005 Catullo
1478 2977 1653 3004 asserere
1684 2965 1905 3015 voluerunt,

264 3044 374 3090 atque
412 3039 505 3077 adeo
549 3037 720 3088 recipere
758 3037 856 3075 inter
887 3035 1025 3076 Catulli
1065 3036 1227 3075 carmina
1265 3035 1348 3074 ausi
1379 3037 1485 3086 sunt,
1530 3034 1798 3085 praeeuntibus
1830 3035 1904 3075 Vi-
