2006 3365
244 127 344 172 170
801 124 1330 165 ANIMADVERSIONES

242 239 364 278 modo.
424 238 587 278 Differre
616 238 756 291 aliquid
788 241 884 279 inter
915 239 1009 278 solis
1040 238 1301 290 splendorem,
1334 242 1372 278 et
1401 238 1530 290 lunae,
1569 252 1642 278 non
1672 239 1795 291 potuit
1823 239 1883 278 la-

244 314 322 347 tere
354 311 530 357 veteres:
570 307 683 359 idque
722 309 774 347 ita
805 309 1049 358 significant,
1091 311 1150 358 ut,
1191 320 1298 359 quum
1337 306 1454 346 solem
1493 312 1674 361 tamquam
1715 307 1884 359 epitheto

243 380 424 428 perpetuo
457 389 618 414 aureum
649 376 863 427 appellent,
904 377 1045 426 lunam,
1087 376 1184 429 quod
1217 376 1327 415 etiam
1359 381 1549 417 nostrates
1581 379 1707 416 tacere
1738 375 1883 423 solent,

243 450 472 496 arqenteam
503 444 651 484 dicant:
684 446 751 483 sed
784 448 905 485 rarius
936 450 1057 485 tamen
1087 446 1181 491 hoe,
1215 458 1320 497 quam
1351 450 1485 495 putes,
1518 446 1596 484 {ieri
1629 446 1755 483 video.
1812 445 1886 484 Fa·-

244 516 339 551 ctum
374 516 436 551 est
465 512 513 551 ab
546 512 688 553 Ovidio
720 514 880 553 Heroid.
911 514 1059 553 XVIII.
1093 516 1158 553 71.
1193 514 1253 553 ubi
1285 514 1467 552 Heinsius
1499 513 1678 565 Sapphus
1712 514 1887 552 testimo-

243 583 304 620 nio
337 582 472 628 utitur,
519 581 607 632 illo,
649 583 745 634 quod
778 596 894 634 nuper
926 584 1126 622 Seidlerus
1167 584 1202 621 in
1234 582 1371 620 Museo
1402 581 1585 621 Rhenano
1616 582 1686 621 III.
1718 595 1757 632 p.
1795 584 1887 620 166.

245 651 436 689 tractavit.
469 649 529 691 Cf.
548 653 871 701 grammaticorum
903 655 941 691 et
971 657 1124 690 naturae
1157 652 1384 690 curiosorum
1415 650 1485 690 hae
1516 651 1563 690 de
1594 664 1635 690 re
1662 653 1887 690 commenta:

244 719 378 759 Schol.
418 720 570 759 Pindar.
603 720 734 760 Isthm.
768 722 818 761 V.
854 726 891 759 2.
947 720 1120 760 Eustath.
1163 721 1200 759 in
1240 720 1348 759 Iliad.
1381 720 1411 758 Ι.
1454 721 1520 759 3ἶ.
1559 733 1597 771 p.
1630 724 1696 760 33.
1766 718 1889 758 Multo

242 790 366 838 magis
397 790 570 828 usitatum
602 789 825 840 veteribus,
856 804 1020 830 aureum
1050 789 1187 836 solem,
1232 803 1395 828 auream
1425 789 1545 828 lunam
1585 790 1709 828 dicere
1748 788 1890 839 promi-

243 870 360 907 seue,
392 858 473 896 dum
504 862 568 897 aut
599 858 806 908 negligunt
835 859 923 898 illud
957 859 1052 911 quod
1091 859 1188 897 inter
1225 858 1320 897 solis
1351 858 1589 908 splendorem
1620 863 1657 896 et
1688 857 1797 896 lunae
1829 856 1890 894 di-

244 927 433 965 scriminis
474 927 656 976 interest,
700 932 786 977 aut,
833 929 930 980 quod
971 929 1007 966 in
1046 926 1203 967 Catonis
1244 927 1327 965 loeo
1367 929 1577 966 observare
1615 926 1726 973 licet,
1771 925 1892 963 lunam

243 1008 375 1034 rursus
407 1008 486 1034 eum
518 997 724 1035 minoribus
766 998 943 1045 ignibus,
985 996 1130 1045 stellis,
1172 998 1399 1046 comparant.
1463 995 1510 1035 Ut
1548 996 1644 1047 apud
1677 994 1893 1045 EurIpidem

245 1064 390 1103 Phoen.
427 1068 518 1104 178.
552 1078 610 1117 Sq-
651 1057 700 1101 ἲΩ
732 1063 1027 1113 λιπαροζώνου
1070 1061 1261 1114 θύγατερ
1303 1062 1468 1102 Ἀελίου
1502 1063 1740 1107 Σελαναία,
1786 1074 1895 1110 χρυ-

247 1130 482 1169 σεόκυκλον
523 1133 692 1183 φέγγος.
753 1134 866 1174 Ovid.
899 1135 1055 1174 Metam.
1088 1134 1138 1172 ΙΙ.
1182 1135 1275 1171 722.
1309 1137 1348 1173 3.
1411 1133 1570 1190 Quanto
1611 1132 1893 1185 splendidior,

248 1216 364 1256 queem
394 1210 557 1241 caetera
588 1204 752 1252 sidera,
783 1204 917 1256 fulyet
950 1203 1142 1255 Lucifer,
1185 1209 1223 1241 et
1256 1209 1404 1256 qucento
1435 1210 1495 1251 te,
1536 1202 1730 1254 Lucifer,
1767 1213 1894 1240 aurea

246 1270 418 1310 Phoebe.
480 1270 540 1311 Cf.
580 1271 693 1321 Virg.
736 1271 882 1321 Geor-g.
922 1271 952 1311 l.
995 1275 1089 1310 431.
1166 1272 1366 1319 Similiter,
1408 1271 1504 1323 quod
1543 1272 1665 1320 magis
1705 1270 1896 1321 proprium

249 1340 344 1379 solis
375 1343 453 1387 est,
487 1352 696 1390 cognomen
729 1344 861 1393 iynei,
904 1342 949 1379 ad
982 1340 1103 1379 lunam
1134 1343 1382 1381 transfertur,
1423 1353 1457 1378 e.
1488 1353 1531 1389 g.
1563 1353 1584 1379 a
1616 1340 1740 1378 Statio
1770 1338 1897 1377 Theb.

250 1408 358 1448 V111.
393 1410 486 1448 271.
521 1415 559 1449 et
589 1423 610 1448 a
643 1408 820 1449 Cornelio
853 1411 1003 1449 Severo
1035 1409 1120 1448 loco
1153 1422 1269 1460 supra
1300 1410 1473 1448 laudato:
1507 1410 1633 1461 lynea
1663 1422 1752 1447 nam
1784 1407 1897 1447 caelo

250 1478 422 1517 ducebat
453 1479 593 1518 sidera
623 1479 806 1528 Phoebe,
840 1480 1051 1519 Fraternis
1084 1492 1302 1518 successor
1331 1481 1462 1533 equis.
1509 1479 1579 1517 nisi
1611 1478 1663 1516 ibi
1694 1478 1822 1529 lynea
1851 1476 1897 1514 ad

251 1548 392 1587 sidera
424 1549 612 1598 pertinet,
645 1549 741 1600 quod
773 1561 866 1587 sane
897 1548 1110 1599 probabile.
1170 1548 1234 1586 Ae
1264 1547 1389 1586 sidera
1419 1549 1550 1595 etiam,
1591 1550 1744 1597 praeter
1781 1545 1899 1585 solem

251 1616 467 1668 lunamque,
502 1618 641 1655 minora
673 1631 800 1657 aurea
831 1618 930 1665 diei,
964 1620 1001 1656 et
1032 1619 1173 1667 iqrzea,
1215 1628 1286 1653 non
1319 1620 1379 1654 est
1410 1616 1507 1668 quod
1540 1615 1724 1666 exemplis
1754 1614 1899 1665 prohe-

252 1697 353 1724 mus:
386 1686 509 1724 mirum
541 1687 662 1735 magis
694 1687 813 1733 soret,
847 1687 879 1724 si
904 1686 979 1724 hoc
1003 1697 1073 1723 non
1099 1685 1301 1723 diceretur.
1364 1684 1512 1723 Deinde
1538 1684 1707 1735 perbene
1729 1684 1825 1721 inter
1856 1694 1900 1721 se

254 1757 494 1806 opponuntur
511 1762 604 1794 tuas
626 1758 664 1794 et
677 1768 777 1794 mea.
809 1755 938 1793 Minus
953 1757 1077 1805 aptum
1096 1756 1214 1801 soret,
1235 1755 1266 1791 si
1290 1754 1340 1791 ita
1363 1754 1611 1804 scripsisset:
1638 1766 1659 1790 o
1678 1752 1902 1802 Endymion,

252 1823 356 1862 Luna
382 1826 444 1862 tua
470 1828 531 1862 est
556 1829 701 1862 tecum:
729 1836 794 1862 cur
818 1837 890 1862 non
917 1827 978 1862 est
995 1827 1033 1862 et
1055 1835 1134 1860 mea
1154 1819 1320 1860 mecum?
1380 1822 1464 1860 Non
1487 1821 1752 1860 ‹lemortalium
1781 1821 1901 1868 enim,

254 1892 321 1930 sed
344 1892 390 1930 de
415 1892 565 1930 deorum
589 1893 775 1931 amoribus
794 1893 899 1942 agit,
919 1892 990 1930 liae
1016 1892 1325 1940 ratiocinatione,
1351 1894 1389 1930 ut
1414 1903 1528 1941 supra
1550 1891 1654 1929 dixi:
1684 1892 1904 1929 amaverunt

256 1962 365 2000 etiam
398 1961 470 2010 dii.
502 1973 546 1999 ac
577 1960 691 2012 deae,
724 1966 762 2001 et
792 1962 896 2001 Luna
927 1973 1052 1999 seeum
1085 1959 1199 1998 habet
1229 1973 1358 1998 suum:
1393 1973 1457 1998 cur
1488 1972 1561 1998 non
1595 1972 1671 2008 ego
1703 1971 1816 1996 meam
1829 1953 1848 1996 ’ἔ

341 2030 556 2081 Supersunt
587 2031 702 2075 vitia,
736 2034 774 2069 et
806 2031 1046 2068 coniecturae
1079 2029 1240 2067 virorum
1275 2029 1485 2072 doctorum,
1521 2028 1657 2080 quibus
1686 2027 1774 2065 nihil
1807 2039 1905 2077 opus

257 2112 346 2137 esse
376 2111 526 2138 censeo.
589 2099 638 2138 V.
674 2102 743 2138 40.
775 2100 824 2138 In
855 2101 981 2139 vicem
1011 2100 1092 2136 sine
1120 2111 1195 2152 que
1223 2097 1406 2148 particula
1423 2098 1574 2137 Veneta
1597 2097 1696 2135 Rub.
1730 2096 1906 2135 Invicem

258 2169 426 2208 Norimb.
465 2171 582 2207 1492.
615 2168 714 2207 Ven.
752 2172 870 2208 1499.
907 2172 1026 2206 1500.
1067 2180 1213 2206 [lcareos
1250 2167 1417 2205 Romana
1450 2166 1499 2205 II.
1543 2177 1622 2204 cum
1662 2164 1820 2203 Vratisl.
1854 2163 1903 2203 ll.

258 2236 310 2276 V.
330 2240 395 2275 41.
413 2244 451 2275 et
468 2239 602 2276 omittit
619 2238 740 2276 Paris.
760 2237 828 2276 IV.
864 2237 1055 2286 Scaligeri
1079 2238 1328 2274 conlecturam
1355 2235 1471 2274 edidit
1496 2234 1706 2274 Arnolelus.
1738 2234 1787 2272 Et
1806 2233 1905 2271 Sea-

261 2306 373 2355 ligeri
407 2307 658 2344 coniecturam
689 2319 734 2345 ae
765 2307 1054 2357 disputationem
1085 2317 1188 2342 suum
1220 2304 1257 2341 in
1290 2317 1393 2341 usum
1422 2304 1611 2342 convertit
1636 2302 1905 2352 Daleeampius

261 2376 297 2414 in
329 2375 424 2413 Ptin,
460 2374 508 2423 H,
540 2375 589 2413 N.
621 2374 671 2413 ΙΙ.
706 2391 761 2414 1x.
794 2379 949 2414 servato
980 2375 1074 2414 adeo
1106 2374 1224 2421 vitio,
1257 2373 1354 2424 quod
1387 2375 1446 2411 est
1477 2372 1662 2422 inprima
1691 2370 1903 2419 Scaligeri‚

262 2447 560 2495 Ayesianarum
588 2451 710 2496 poeta
742 2458 809 2496 pro
840 2446 1087 2496 Ayesianasc
1113 2449 1248 2495 poeta.
1311 2441 1388 2481 Sed
1428 2442 1676 2479 conIecturam
1706 2438 1904 2490 paullulum

263 2514 469 2552 immutavit
499 2512 782 2563 Daleeampius‚
814 2513 912 2552 hune
943 2515 978 2552 in
1011 2513 1180 2551 modum:
1228 2512 1356 2565 Inque
1387 2513 1512 2549 vicem
1543 2515 1780 2557 excurrunt,
1812 2515 1907 2547 tune

265 2596 413 2623 aureas
446 2581 555 2621 orbis
587 2583 725 2634 ephebi
756 2582 806 2621 L.
839 2586 898 2622 tui
928 2591 955 2622 t.
989 2597 1022 2621 e.
1083 2582 1289 2620 Heinsius:
1332 2580 1460 2633 Inque
1490 2593 1529 2618 v.
1560 2579 1711 2618 Phoebi
1740 2591 1904 2617 currens

266 2659 410 2706 atque,
450 2651 513 2689 vel
546 2665 696 2705 aeque,
738 2666 777 2690 a.
809 2665 844 2691 o.
898 2652 962 2690 vel
993 2651 1144 2691 Phoebi
1175 2663 1405 2696 occurrens,
1457 2648 1520 2687 vel
1555 2648 1707 2688 Phoebi
1745 2660 1904 2686 currus.

267 2729 389 2775 utque
419 2734 567 2760 aurens
599 2721 707 2759 orbis
739 2720 859 2759 Luna
888 2728 982 2760 tuus
1014 2728 1137 2760 tecum
1177 2718 1333 2767 legebat
1365 2718 1605 2766 Seriverius,
1642 2717 1677 2754 iu
1709 2729 1780 2767 quo
1811 2723 1905 2756 taus·

267 2791 403 2829 bonum
435 2792 510 2836 est,
544 2789 611 2828 sed
644 2789 825 2841 quomodo
857 2790 1046 2841 acceperit
1077 2788 1319 2833 Seriverius,
1353 2799 1425 2825 non
1458 2789 1574 2837 patet.
1623 2785 1906 2824 Wernsdorfius

269 2860 367 2898 eoni-
428 2859 555 2913 Inque
584 2861 708 2897 vicem
717 2886 730 2907 ,
763 2858 943 2907 Phoebe,
976 2871 1193 2897 excurrens
1224 2863 1317 2896 tuns
1349 2869 1497 2895 uitreas
1528 2853 1658 2902 orbz'33
1690 2852 1811 2892 Lama
1834 2861 1907 2893 tua

269 2935 334 2967 est
363 2934 499 2967 tecum.
562 2926 738 2977 Silligius
768 2941 807 2965 v.
841 2931 908 2967 38.
950 2929 1040 2978 post
1079 2926 1250 2965 dolorem
1282 2928 1459 2964 commate
1489 2923 1744 2972 interpungit,
1784 2923 1836 2961 ita
1867 2926 1907 2962 ut

271 2996 525 3047 interrogatio
557 2998 639 3038 Cur
668 3009 740 3049 eqo
772 2997 966 3036 crudelem
997 2997 1071 3035 etc.
1105 2996 1340 3035 continuetur
1371 3005 1489 3045 usque
1519 2991 1564 3030 ad
1595 2991 1719 3031 orbis.
1759 2991 1907 3031 Deinde
