<?xml version="1.0" encoding="UTF-8"?>
<!DOCTYPE html PUBLIC "-//W3C//DTD XHTML 1.0 Transitional//EN"
    "http://www.w3.org/TR/xhtml1/DTD/xhtml1-transitional.dtd">
<html xmlns="http://www.w3.org/1999/xhtml" xml:lang="en" lang="en">
 <head>
  <title>
</title>
<meta http-equiv="Content-Type" content="text/html;charset=utf-8" />
  <meta name='ocr-system' content='tesseract 3.04.00' />
  <meta name='ocr-capabilities' content='ocr_page ocr_carea ocr_par ocr_line ocrx_word'/>
</head>
<body>
  <div class='ocr_page' id='page_1' title='image "./carmina00catouoft_0135.png"; bbox 0 0 2006 3365; ppageno 0'>
   <div class='ocr_carea' id='block_1_1' title="bbox 500 150 1712 199">
    <p class='ocr_par' dir='ltr' id='par_1_1' title="bbox 500 150 1712 199">
     <span class='ocr_line' id='line_1_1' title="bbox 500 150 1712 199; baseline 0.007 -8"><span class='ocrx_word' id='word_1_1' title='bbox 500 151 554 191; x_wconf 83' lang='lat' dir='ltr'>IN</span> <span class='ocrx_word' id='word_1_2' title='bbox 586 150 807 192; x_wconf 81' lang='lat' dir='ltr'><strong>VALERII</strong></span> <span class='ocrx_word' id='word_1_3' title='bbox 839 150 1078 192; x_wconf 87' lang='lat' dir='ltr'>CATONIS</span> <span class='ocrx_word' id='word_1_4' title='bbox 1108 152 1287 192; x_wconf 83' lang='lat' dir='ltr'>DlRAS.</span> <span class='ocrx_word' id='word_1_5' title='bbox 1614 156 1712 199; x_wconf 86' lang='lat'>119</span> 
     </span>
    </p>
   </div>
   <div class='ocr_carea' id='block_1_2' title="bbox 75 265 1718 933">
    <p class='ocr_par' dir='ltr' id='par_1_2' title="bbox 75 265 1718 933">
     <span class='ocr_line' id='line_1_2' title="bbox 77 265 1712 318; baseline -0.001 -12"><span class='ocrx_word' id='word_1_6' title='bbox 77 272 149 307; x_wconf 87' lang='lat' dir='ltr'>tum</span> <span class='ocrx_word' id='word_1_7' title='bbox 180 278 269 305; x_wconf 82' lang='lat' dir='ltr'>esse</span> <span class='ocrx_word' id='word_1_8' title='bbox 300 267 533 315; x_wconf 80' lang='lat' dir='ltr'>assignatum</span> <span class='ocrx_word' id='word_1_9' title='bbox 566 266 757 305; x_wconf 82' lang='lat' dir='ltr'>militibus.</span> <span class='ocrx_word' id='word_1_10' title='bbox 818 266 949 318; x_wconf 80' lang='lat' dir='ltr'><strong>Atque</strong></span> <span class='ocrx_word' id='word_1_11' title='bbox 988 267 1088 306; x_wconf 91' lang='lat' dir='ltr'>illius</span> <span class='ocrx_word' id='word_1_12' title='bbox 1131 267 1266 318; x_wconf 91' lang='lat' dir='ltr'>prioris</span> <span class='ocrx_word' id='word_1_13' title='bbox 1307 269 1395 307; x_wconf 81' lang='lat' dir='ltr'>sacti</span> <span class='ocrx_word' id='word_1_14' title='bbox 1424 267 1586 305; x_wconf 84' lang='lat' dir='ltr'>meminit</span> <span class='ocrx_word' id='word_1_15' title='bbox 1617 265 1712 306; x_wconf 81' lang='lat' dir='ltr'>Cato</span> 
     </span>
     <span class='ocr_line' id='line_1_3' title="bbox 77 334 1712 389; baseline 0.001 -17"><span class='ocrx_word' id='word_1_16' title='bbox 77 336 148 373; x_wconf 75' lang='lat' dir='ltr'>lioc</span> <span class='ocrx_word' id='word_1_17' title='bbox 186 347 322 373; x_wconf 85' lang='lat' dir='ltr'>versu:</span> <span class='ocrx_word' id='word_1_18' title='bbox 370 334 405 373; x_wconf 88' lang='lat'><em>0</em></span> <span class='ocrx_word' id='word_1_19' title='bbox 443 336 546 374; x_wconf 84' lang='lat' dir='ltr'>male</span> <span class='ocrx_word' id='word_1_20' title='bbox 582 335 741 384; x_wconf 78' lang='lat' dir='ltr'>devoti,</span> <span class='ocrx_word' id='word_1_21' title='bbox 783 340 994 386; x_wconf 75' lang='lat' dir='ltr'>praetorum</span> <span class='ocrx_word' id='word_1_22' title='bbox 1035 337 1209 384; x_wconf 82' lang='lat' dir='ltr'>crimina,</span> <span class='ocrx_word' id='word_1_23' title='bbox 1252 337 1390 389; x_wconf 70' lang='lat' dir='ltr'>ayelli.</span> <span class='ocrx_word' id='word_1_24' title='bbox 1450 335 1712 383; x_wconf 69' lang='lat' dir='ltr'>Praetorem,</span> 
     </span>
     <span class='ocr_line' id='line_1_4' title="bbox 77 403 1714 456; baseline -0.001 -14"><span class='ocrx_word' id='word_1_25' title='bbox 77 404 214 442; x_wconf 75' lang='lat' dir='ltr'>usitata</span> <span class='ocrx_word' id='word_1_26' title='bbox 253 403 558 452; x_wconf 74' lang='lat' dir='ltr'>significatione,</span> <span class='ocrx_word' id='word_1_27' title='bbox 601 406 640 442; x_wconf 90' lang='lat' dir='ltr'>ut</span> <span class='ocrx_word' id='word_1_28' title='bbox 677 404 867 452; x_wconf 80' lang='lat' dir='ltr'>significet</span> <span class='ocrx_word' id='word_1_29' title='bbox 898 404 1050 442; x_wconf 87' lang='lat' dir='ltr'>iudicem</span> <span class='ocrx_word' id='word_1_30' title='bbox 1083 417 1206 453; x_wconf 85' lang='lat' dir='ltr'>suum,</span> <span class='ocrx_word' id='word_1_31' title='bbox 1248 407 1457 456; x_wconf 81' lang='lat' dir='ltr'><strong>praetorem</strong></span> <span class='ocrx_word' id='word_1_32' title='bbox 1496 404 1714 456; x_wconf 78' lang='lat' dir='ltr'>provinciae</span> 
     </span>
     <span class='ocr_line' id='line_1_5' title="bbox 76 471 1713 525; baseline 0.001 -16"><span class='ocrx_word' id='word_1_33' title='bbox 76 484 179 509; x_wconf 83' lang='lat' dir='ltr'>suae.</span> <span class='ocrx_word' id='word_1_34' title='bbox 229 472 403 520; x_wconf 77' lang='lat' dir='ltr'>Egregie</span> <span class='ocrx_word' id='word_1_35' title='bbox 425 471 521 510; x_wconf 78' lang='lat' dir='ltr'>hanc</span> <span class='ocrx_word' id='word_1_36' title='bbox 547 473 582 510; x_wconf 91' lang='lat' dir='ltr'>in</span> <span class='ocrx_word' id='word_1_37' title='bbox 611 473 832 511; x_wconf 77' lang='lat' dir='ltr'>sententiani</span> <span class='ocrx_word' id='word_1_38' title='bbox 863 472 1019 520; x_wconf 72' lang='lat' dir='ltr'>devoti,</span> <span class='ocrx_word' id='word_1_39' title='bbox 1053 473 1149 524; x_wconf 88' lang='lat' dir='ltr'>quod</span> <span class='ocrx_word' id='word_1_40' title='bbox 1181 485 1254 511; x_wconf 88' lang='lat' dir='ltr'>non</span> <span class='ocrx_word' id='word_1_41' title='bbox 1287 477 1347 513; x_wconf 85' lang='lat' dir='ltr'>est</span> <span class='ocrx_word' id='word_1_42' title='bbox 1377 474 1535 525; x_wconf 85' lang='lat' dir='ltr'>perditi,</span> <span class='ocrx_word' id='word_1_43' title='bbox 1566 474 1713 521; x_wconf 79' lang='lat' dir='ltr'>amissi,</span> 
     </span>
     <span class='ocr_line' id='line_1_6' title="bbox 76 540 1715 595; baseline 0.001 -18"><span class='ocrx_word' id='word_1_44' title='bbox 76 541 111 578; x_wconf 90' lang='lat' dir='ltr'>in</span> <span class='ocrx_word' id='word_1_45' title='bbox 153 541 387 587; x_wconf 76' lang='lat' dir='ltr'>universum,</span> <span class='ocrx_word' id='word_1_46' title='bbox 430 541 496 578; x_wconf 81' lang='lat' dir='ltr'>sed</span> <span class='ocrx_word' id='word_1_47' title='bbox 538 541 690 591; x_wconf 71' lang='lat' dir='ltr'>proprie</span> <span class='ocrx_word' id='word_1_48' title='bbox 732 540 911 589; x_wconf 82' lang='lat' dir='ltr'>damnati,</span> <span class='ocrx_word' id='word_1_49' title='bbox 958 541 1136 579; x_wconf 83' lang='lat' dir='ltr'>destinati</span> <span class='ocrx_word' id='word_1_50' title='bbox 1174 541 1367 581; x_wconf 80' lang='lat' dir='ltr'>iacturae:</span> <span class='ocrx_word' id='word_1_51' title='bbox 1413 542 1580 595; x_wconf 81' lang='lat' dir='ltr'><strong>quamdiu</strong></span> <span class='ocrx_word' id='word_1_52' title='bbox 1620 541 1715 579; x_wconf 89' lang='lat' dir='ltr'>enim</span> 
     </span>
     <span class='ocr_line' id='line_1_7' title="bbox 75 607 1716 661; baseline 0.002 -16"><span class='ocrx_word' id='word_1_53' title='bbox 75 620 173 657; x_wconf 83' lang='lat' dir='ltr'>ager</span> <span class='ocrx_word' id='word_1_54' title='bbox 204 608 439 647; x_wconf 80' lang='lat' dir='ltr'>abiudicatus</span> <span class='ocrx_word' id='word_1_55' title='bbox 471 612 608 647; x_wconf 82' lang='lat' dir='ltr'>tantum</span> <span class='ocrx_word' id='word_1_56' title='bbox 641 607 800 657; x_wconf 86' lang='lat' dir='ltr'>Catoni,</span> <span class='ocrx_word' id='word_1_57' title='bbox 842 620 914 646; x_wconf 89' lang='lat' dir='ltr'>nou</span> <span class='ocrx_word' id='word_1_58' title='bbox 946 609 1093 646; x_wconf 83' lang='lat' dir='ltr'>domino</span> <span class='ocrx_word' id='word_1_59' title='bbox 1123 609 1347 658; x_wconf 81' lang='lat' dir='ltr'>assignatus</span> <span class='ocrx_word' id='word_1_60' title='bbox 1377 623 1477 649; x_wconf 89' lang='lat' dir='ltr'>novo</span> <span class='ocrx_word' id='word_1_61' title='bbox 1510 615 1608 655; x_wconf 79' lang='lat' dir='ltr'>erat,</span> <span class='ocrx_word' id='word_1_62' title='bbox 1641 623 1716 661; x_wconf 86' lang='lat' dir='ltr'>po-</span> 
     </span>
     <span class='ocr_line' id='line_1_8' title="bbox 77 675 1716 732; baseline 0.002 -18"><span class='ocrx_word' id='word_1_63' title='bbox 77 681 175 714; x_wconf 85' lang='lat' dir='ltr'>terat</span> <span class='ocrx_word' id='word_1_64' title='bbox 206 689 278 714; x_wconf 92' lang='lat' dir='ltr'>non</span> <span class='ocrx_word' id='word_1_65' title='bbox 311 678 461 727; x_wconf 68' lang='lat' dir='ltr'>perlitus</span> <span class='ocrx_word' id='word_1_66' title='bbox 492 678 653 715; x_wconf 83' lang='lat' dir='ltr'>amissus</span> <span class='ocrx_word' id='word_1_67' title='bbox 686 677 820 715; x_wconf 84' lang='lat' dir='ltr'>videri.</span> <span class='ocrx_word' id='word_1_68' title='bbox 940 675 1216 715; x_wconf 83' lang='lat' dir='ltr'>Observandus</span> <span class='ocrx_word' id='word_1_69' title='bbox 1258 678 1366 716; x_wconf 84' lang='lat' dir='ltr'>etiam</span> <span class='ocrx_word' id='word_1_70' title='bbox 1407 678 1563 729; x_wconf 84' lang='lat' dir='ltr'>pluralis</span> <span class='ocrx_word' id='word_1_71' title='bbox 1592 692 1716 732; x_wconf 78' lang='lat' dir='ltr'>prae-</span> 
     </span>
     <span class='ocr_line' id='line_1_9' title="bbox 75 744 1717 797; baseline 0.001 -14"><span class='ocrx_word' id='word_1_72' title='bbox 75 752 222 784; x_wconf 79' lang='lat' dir='ltr'>torum:</span> <span class='ocrx_word' id='word_1_73' title='bbox 267 745 314 783; x_wconf 87' lang='lat' dir='ltr'>de</span> <span class='ocrx_word' id='word_1_74' title='bbox 346 758 417 797; x_wconf 90' lang='lat' dir='ltr'>quo</span> <span class='ocrx_word' id='word_1_75' title='bbox 450 745 581 796; x_wconf 81' lang='lat' dir='ltr'>plurali</span> <span class='ocrx_word' id='word_1_76' title='bbox 621 744 794 783; x_wconf 85' lang='lat' dir='ltr'>monitum</span> <span class='ocrx_word' id='word_1_77' title='bbox 834 744 958 782; x_wconf 87' lang='lat' dir='ltr'>obiter</span> <span class='ocrx_word' id='word_1_78' title='bbox 989 744 1033 781; x_wconf 84' lang='lat' dir='ltr'>ad</span> <span class='ocrx_word' id='word_1_79' title='bbox 1068 757 1105 781; x_wconf 86' lang='lat' dir='ltr'>v.</span> <span class='ocrx_word' id='word_1_80' title='bbox 1140 748 1203 783; x_wconf 72' lang='lat'>73.</span> <span class='ocrx_word' id='word_1_81' title='bbox 1247 757 1288 784; x_wconf 90' lang='lat' dir='ltr'>re</span> <span class='ocrx_word' id='word_1_82' title='bbox 1318 758 1412 784; x_wconf 82' lang='lat' dir='ltr'>vera</span> <span class='ocrx_word' id='word_1_83' title='bbox 1449 759 1542 784; x_wconf 92' lang='lat' dir='ltr'>unus</span> <span class='ocrx_word' id='word_1_84' title='bbox 1581 749 1717 785; x_wconf 80' lang='lat' dir='ltr'>tantum</span> 
     </span>
     <span class='ocr_line' id='line_1_10' title="bbox 77 811 1718 866; baseline 0.002 -16"><span class='ocrx_word' id='word_1_85' title='bbox 77 820 227 863; x_wconf 80' lang='lat' dir='ltr'>praetor</span> <span class='ocrx_word' id='word_1_86' title='bbox 258 815 328 852; x_wconf 85' lang='lat' dir='ltr'>suit</span> <span class='ocrx_word' id='word_1_87' title='bbox 358 813 453 853; x_wconf 81' lang='lat' dir='ltr'>haud</span> <span class='ocrx_word' id='word_1_88' title='bbox 487 814 622 862; x_wconf 80' lang='lat' dir='ltr'>dubie,</span> <span class='ocrx_word' id='word_1_89' title='bbox 664 813 723 864; x_wconf 94' lang='lat' dir='ltr'>qui</span> <span class='ocrx_word' id='word_1_90' title='bbox 762 812 996 850; x_wconf 81' lang='lat' dir='ltr'>abiudicavit</span> <span class='ocrx_word' id='word_1_91' title='bbox 1032 825 1162 864; x_wconf 78' lang='lat' dir='ltr'>agrum</span> <span class='ocrx_word' id='word_1_92' title='bbox 1195 811 1343 853; x_wconf 80' lang='lat' dir='ltr'>Catoni.</span> <span class='ocrx_word' id='word_1_93' title='bbox 1406 815 1488 853; x_wconf 91' lang='lat' dir='ltr'>Nisi</span> <span class='ocrx_word' id='word_1_94' title='bbox 1525 827 1594 866; x_wconf 80' lang='lat' dir='ltr'>per</span> <span class='ocrx_word' id='word_1_95' title='bbox 1624 815 1718 853; x_wconf 85' lang='lat' dir='ltr'>duos</span> 
     </span>
     <span class='ocr_line' id='line_1_11' title="bbox 76 881 1522 933; baseline 0.001 -14"><span class='ocrx_word' id='word_1_96' title='bbox 76 894 217 932; x_wconf 80' lang='lat' dir='ltr'>annos,</span> <span class='ocrx_word' id='word_1_97' title='bbox 251 887 288 921; x_wconf 88' lang='lat' dir='ltr'>et</span> <span class='ocrx_word' id='word_1_98' title='bbox 318 895 339 921; x_wconf 85' lang='lat' dir='ltr'>a</span> <span class='ocrx_word' id='word_1_99' title='bbox 371 884 536 920; x_wconf 71' lang='lat' dir='ltr'>diversis</span> <span class='ocrx_word' id='word_1_100' title='bbox 569 882 831 933; x_wconf 82' lang='lat' dir='ltr'>praetoribus,</span> <span class='ocrx_word' id='word_1_101' title='bbox 863 893 1000 919; x_wconf 79' lang='lat' dir='ltr'>caussa</span> <span class='ocrx_word' id='word_1_102' title='bbox 1029 883 1178 931; x_wconf 80' lang='lat' dir='ltr'>agitata</span> <span class='ocrx_word' id='word_1_103' title='bbox 1208 881 1368 922; x_wconf 84' lang='lat' dir='ltr'>Catonis</span> <span class='ocrx_word' id='word_1_104' title='bbox 1398 884 1522 923; x_wconf 81' lang='lat' dir='ltr'>fuerit.</span> 
     </span>
    </p>
   </div>
   <div class='ocr_carea' id='block_1_3' title="bbox 76 1035 1720 2549">
    <p class='ocr_par' dir='ltr' id='par_1_3' title="bbox 166 1035 1573 1297">
     <span class='ocr_line' id='line_1_12' title="bbox 219 1035 1573 1086; baseline 0.006 -13"><span class='ocrx_word' id='word_1_105' title='bbox 219 1035 267 1073; x_wconf 86' lang='lat' dir='ltr'>V.</span> <span class='ocrx_word' id='word_1_106' title='bbox 300 1040 367 1075; x_wconf 81' lang='lat'>83.</span> <span class='ocrx_word' id='word_1_107' title='bbox 430 1045 586 1086; x_wconf 66' lang='lat' dir='ltr'><strong>TUQUE</strong></span> <span class='ocrx_word' id='word_1_108' title='bbox 613 1045 798 1078; x_wconf 77' lang='lat' dir='ltr'>lNIMICA</span> <span class='ocrx_word' id='word_1_109' title='bbox 831 1045 908 1078; x_wconf 88' lang='lat' dir='ltr'>TUI</span> <span class='ocrx_word' id='word_1_110' title='bbox 936 1045 1124 1079; x_wconf 80' lang='lat' dir='ltr'><strong>SEMPER</strong></span> <span class='ocrx_word' id='word_1_111' title='bbox 1150 1046 1401 1080; x_wconf 77' lang='lat' dir='ltr'><strong>DISCORDIA</strong></span> <span class='ocrx_word' id='word_1_112' title='bbox 1429 1047 1573 1081; x_wconf 76' lang='lat' dir='ltr'>civis.</span> 
     </span>
     <span class='ocr_line' id='line_1_13' title="bbox 166 1113 927 1170; baseline -0.003 -15"><span class='ocrx_word' id='word_1_113' title='bbox 166 1116 302 1170; x_wconf 77' lang='lat' dir='ltr'><em>Tuque</em></span> <span class='ocrx_word' id='word_1_114' title='bbox 332 1117 493 1154; x_wconf 79' lang='lat' dir='ltr'>inimica</span> <span class='ocrx_word' id='word_1_115' title='bbox 525 1113 601 1169; x_wconf 77' lang='lat' dir='ltr'>lui]</span> <span class='ocrx_word' id='word_1_116' title='bbox 637 1117 684 1154; x_wconf 79' lang='lat' dir='ltr'>Et</span> <span class='ocrx_word' id='word_1_117' title='bbox 715 1115 927 1165; x_wconf 77' lang='lat' dir='ltr'>Virgilius:</span> 
     </span>
     <span class='ocr_line' id='line_1_14' title="bbox 677 1185 1300 1239; baseline 0.006 -17"><span class='ocrx_word' id='word_1_118' title='bbox 677 1206 723 1210; x_wconf 86' lang='lat'>-</span> <span class='ocrx_word' id='word_1_119' title='bbox 758 1198 805 1223; x_wconf 82' lang='lat' dir='ltr'>en</span> <span class='ocrx_word' id='word_1_120' title='bbox 839 1198 913 1239; x_wconf 76' lang='lat' dir='ltr'>quo</span> <span class='ocrx_word' id='word_1_121' title='bbox 947 1185 1157 1225; x_wconf 72' lang='lat' dir='ltr'>discordia</span> <span class='ocrx_word' id='word_1_122' title='bbox 1189 1189 1300 1226; x_wconf 72' lang='lat' dir='ltr'>cives</span> 
     </span>
     <span class='ocr_line' id='line_1_15' title="bbox 333 1253 1067 1297; baseline 0.005 -4"><span class='ocrx_word' id='word_1_123' title='bbox 333 1253 532 1293; x_wconf 59' lang='lat' dir='ltr'>Perdam</span> <span class='ocrx_word' id='word_1_124' title='bbox 562 1256 730 1293; x_wconf 79' lang='lat' dir='ltr'>miseros</span> <span class='ocrx_word' id='word_1_125' title='bbox 765 1274 815 1279; x_wconf 78' lang='lat'><em>-</em></span> <span class='ocrx_word' id='word_1_126' title='bbox 935 1263 1067 1297; x_wconf 80' lang='lat' dir='ltr'>SCAL.</span> 
     </span>
    </p>

    <p class='ocr_par' dir='ltr' id='par_1_4' title="bbox 78 1333 1720 1725">
     <span class='ocr_line' id='line_1_16' title="bbox 79 1333 1719 1388; baseline 0.001 -16"><span class='ocrx_word' id='word_1_127' title='bbox 79 1334 251 1372; x_wconf 72' lang='lat' dir='ltr'>Euindeni</span> <span class='ocrx_word' id='word_1_128' title='bbox 285 1333 402 1371; x_wconf 83' lang='lat' dir='ltr'>locum</span> <span class='ocrx_word' id='word_1_129' title='bbox 434 1336 683 1371; x_wconf 79' lang='lat' dir='ltr'>annotaverat</span> <span class='ocrx_word' id='word_1_130' title='bbox 714 1333 869 1371; x_wconf 84' lang='lat' dir='ltr'>Badius.</span> <span class='ocrx_word' id='word_1_131' title='bbox 917 1333 1157 1373; x_wconf 85' lang='lat' dir='ltr'>Observetur</span> <span class='ocrx_word' id='word_1_132' title='bbox 1181 1335 1239 1372; x_wconf 86' lang='lat' dir='ltr'>vis</span> <span class='ocrx_word' id='word_1_133' title='bbox 1266 1349 1340 1388; x_wconf 81' lang='lat' dir='ltr'>que</span> <span class='ocrx_word' id='word_1_134' title='bbox 1363 1335 1584 1385; x_wconf 77' lang='lat' dir='ltr'>particulae.</span> <span class='ocrx_word' id='word_1_135' title='bbox 1631 1335 1719 1373; x_wconf 87' lang='lat' dir='ltr'>Sci-</span> 
     </span>
     <span class='ocr_line' id='line_1_17' title="bbox 80 1402 1718 1456; baseline 0.001 -16"><span class='ocrx_word' id='word_1_136' title='bbox 80 1402 167 1441; x_wconf 74' lang='lat' dir='ltr'>licet</span> <span class='ocrx_word' id='word_1_137' title='bbox 198 1415 305 1453; x_wconf 85' lang='lat' dir='ltr'>quum</span> <span class='ocrx_word' id='word_1_138' title='bbox 339 1402 410 1440; x_wconf 85' lang='lat' dir='ltr'>hoc</span> <span class='ocrx_word' id='word_1_139' title='bbox 441 1415 555 1440; x_wconf 65' lang='lat' dir='ltr'>vorsu</span> <span class='ocrx_word' id='word_1_140' title='bbox 587 1402 835 1441; x_wconf 77' lang='lat' dir='ltr'>discordiam</span> <span class='ocrx_word' id='word_1_141' title='bbox 860 1408 1014 1441; x_wconf 78' lang='lat' dir='ltr'>accusat</span> <span class='ocrx_word' id='word_1_142' title='bbox 1039 1403 1221 1443; x_wconf 66' lang='lat' dir='ltr'>cii-ilem.</span> <span class='ocrx_word' id='word_1_143' title='bbox 1254 1403 1288 1441; x_wconf 92' lang='lat' dir='ltr'>id</span> <span class='ocrx_word' id='word_1_144' title='bbox 1316 1415 1388 1441; x_wconf 92' lang='lat' dir='ltr'>non</span> <span class='ocrx_word' id='word_1_145' title='bbox 1416 1403 1510 1441; x_wconf 84' lang='lat' dir='ltr'>idem</span> <span class='ocrx_word' id='word_1_146' title='bbox 1537 1407 1596 1442; x_wconf 91' lang='lat' dir='ltr'>est</span> <span class='ocrx_word' id='word_1_147' title='bbox 1623 1405 1718 1456; x_wconf 84' lang='lat' dir='ltr'>quod</span> 
     </span>
     <span class='ocr_line' id='line_1_18' title="bbox 81 1471 1719 1522; baseline 0.001 -14"><span class='ocrx_word' id='word_1_148' title='bbox 81 1483 194 1509; x_wconf 84' lang='lat' dir='ltr'>versu</span> <span class='ocrx_word' id='word_1_149' title='bbox 228 1471 405 1521; x_wconf 77' lang='lat' dir='ltr'>praeced.</span> <span class='ocrx_word' id='word_1_150' title='bbox 439 1474 596 1522; x_wconf 81' lang='lat' dir='ltr'>questus</span> <span class='ocrx_word' id='word_1_151' title='bbox 629 1475 720 1509; x_wconf 77' lang='lat' dir='ltr'>erat.</span> <span class='ocrx_word' id='word_1_152' title='bbox 783 1471 823 1509; x_wconf 87' lang='lat' dir='ltr'>In</span> <span class='ocrx_word' id='word_1_153' title='bbox 856 1483 962 1509; x_wconf 83' lang='lat' dir='ltr'>unum</span> <span class='ocrx_word' id='word_1_154' title='bbox 996 1472 1192 1521; x_wconf 77' lang='lat' dir='ltr'>coniungit</span> <span class='ocrx_word' id='word_1_155' title='bbox 1231 1471 1302 1510; x_wconf 91' lang='lat' dir='ltr'>duo</span> <span class='ocrx_word' id='word_1_156' title='bbox 1343 1472 1496 1510; x_wconf 78' lang='lat' dir='ltr'>diversa</span> <span class='ocrx_word' id='word_1_157' title='bbox 1532 1472 1719 1519; x_wconf 73' lang='lat' dir='ltr'>facinora,</span> 
     </span>
     <span class='ocr_line' id='line_1_19' title="bbox 80 1539 1720 1591; baseline 0.001 -15"><span class='ocrx_word' id='word_1_158' title='bbox 80 1539 216 1591; x_wconf 84' lang='lat' dir='ltr'>quihus</span> <span class='ocrx_word' id='word_1_159' title='bbox 255 1542 411 1589; x_wconf 73' lang='lat' dir='ltr'>factum,</span> <span class='ocrx_word' id='word_1_160' title='bbox 458 1543 495 1577; x_wconf 93' lang='lat' dir='ltr'>ut</span> <span class='ocrx_word' id='word_1_161' title='bbox 534 1541 614 1589; x_wconf 83' lang='lat' dir='ltr'>ipse</span> <span class='ocrx_word' id='word_1_162' title='bbox 655 1540 803 1589; x_wconf 87' lang='lat' dir='ltr'>penitus</span> <span class='ocrx_word' id='word_1_163' title='bbox 842 1542 955 1591; x_wconf 81' lang='lat' dir='ltr'>atque</span> <span class='ocrx_word' id='word_1_164' title='bbox 995 1540 1028 1576; x_wconf 94' lang='lat' dir='ltr'>in</span> <span class='ocrx_word' id='word_1_165' title='bbox 1061 1542 1279 1590; x_wconf 71' lang='lat' dir='ltr'>perpetuum</span> <span class='ocrx_word' id='word_1_166' title='bbox 1320 1539 1506 1590; x_wconf 81' lang='lat' dir='ltr'>spoliatus</span> <span class='ocrx_word' id='word_1_167' title='bbox 1547 1541 1596 1579; x_wconf 86' lang='lat' dir='ltr'>sit</span> <span class='ocrx_word' id='word_1_168' title='bbox 1626 1554 1720 1590; x_wconf 78' lang='lat' dir='ltr'>agro</span> 
     </span>
     <span class='ocr_line' id='line_1_20' title="bbox 78 1606 1718 1661; baseline 0.001 -16"><span class='ocrx_word' id='word_1_169' title='bbox 78 1620 171 1647; x_wconf 87' lang='lat' dir='ltr'>suo:</span> <span class='ocrx_word' id='word_1_170' title='bbox 205 1609 330 1658; x_wconf 73' lang='lat' dir='ltr'>prius,</span> <span class='ocrx_word' id='word_1_171' title='bbox 365 1619 435 1659; x_wconf 87' lang='lat' dir='ltr'>quo</span> <span class='ocrx_word' id='word_1_172' title='bbox 468 1607 705 1646; x_wconf 76' lang='lat' dir='ltr'>abiudicatus</span> <span class='ocrx_word' id='word_1_173' title='bbox 737 1609 804 1646; x_wconf 85' lang='lat' dir='ltr'>suit</span> <span class='ocrx_word' id='word_1_174' title='bbox 835 1606 1002 1656; x_wconf 84' lang='lat' dir='ltr'>legitimo</span> <span class='ocrx_word' id='word_1_175' title='bbox 1029 1607 1176 1646; x_wconf 83' lang='lat' dir='ltr'>domino</span> <span class='ocrx_word' id='word_1_176' title='bbox 1202 1619 1319 1657; x_wconf 68' lang='lat' dir='ltr'>agerg</span> <span class='ocrx_word' id='word_1_177' title='bbox 1351 1608 1523 1656; x_wconf 79' lang='lat' dir='ltr'>alterurn,</span> <span class='ocrx_word' id='word_1_178' title='bbox 1557 1622 1628 1661; x_wconf 88' lang='lat' dir='ltr'>quo</span> <span class='ocrx_word' id='word_1_179' title='bbox 1653 1622 1718 1647; x_wconf 84' lang='lat' dir='ltr'>as-</span> 
     </span>
     <span class='ocr_line' id='line_1_21' title="bbox 78 1677 478 1725; baseline 0.003 -12"><span class='ocrx_word' id='word_1_180' title='bbox 78 1677 255 1725; x_wconf 77' lang='lat' dir='ltr'>signatus</span> <span class='ocrx_word' id='word_1_181' title='bbox 287 1677 478 1715; x_wconf 73' lang='lat' dir='ltr'>militibus.</span> 
     </span>
    </p>

    <p class='ocr_par' dir='ltr' id='par_1_5' title="bbox 76 1745 1718 2549">
     <span class='ocr_line' id='line_1_22' title="bbox 162 1745 1718 1794; baseline 0.001 -10"><span class='ocrx_word' id='word_1_182' title='bbox 162 1747 401 1785; x_wconf 82' lang='lat' dir='ltr'>discrimina</span> <span class='ocrx_word' id='word_1_183' title='bbox 433 1748 565 1785; x_wconf 81' lang='lat' dir='ltr'>cernis</span> <span class='ocrx_word' id='word_1_184' title='bbox 599 1747 740 1785; x_wconf 74' lang='lat' dir='ltr'>Medic.</span> <span class='ocrx_word' id='word_1_185' title='bbox 773 1749 889 1785; x_wconf 76' lang='lat' dir='ltr'>cuins</span> <span class='ocrx_word' id='word_1_186' title='bbox 922 1745 1081 1785; x_wconf 78' lang='lat' dir='ltr'>Vratisl.</span> <span class='ocrx_word' id='word_1_187' title='bbox 1111 1746 1139 1783; x_wconf 90' lang='grc' dir='ltr'>Ι.</span> <span class='ocrx_word' id='word_1_188' title='bbox 1173 1748 1303 1785; x_wconf 78' lang='lat' dir='ltr'>lni—</span> <span class='ocrx_word' id='word_1_189' title='bbox 1324 1748 1430 1785; x_wconf 82' lang='lat' dir='ltr'>civis</span> <span class='ocrx_word' id='word_1_190' title='bbox 1462 1747 1498 1785; x_wconf 89' lang='lat' dir='ltr'>in</span> <span class='ocrx_word' id='word_1_191' title='bbox 1530 1748 1718 1794; x_wconf 76' lang='lat' dir='ltr'>omnibus,</span> 
     </span>
     <span class='ocr_line' id='line_1_23' title="bbox 76 1813 1717 1867; baseline 0.001 -16"><span class='ocrx_word' id='word_1_192' title='bbox 76 1814 182 1852; x_wconf 83' lang='lat' dir='ltr'>etiam</span> <span class='ocrx_word' id='word_1_193' title='bbox 223 1813 394 1859; x_wconf 63' lang='lat' dir='ltr'>Animis,</span> <span class='ocrx_word' id='word_1_194' title='bbox 439 1827 506 1865; x_wconf 89' lang='lat' dir='ltr'>pro</span> <span class='ocrx_word' id='word_1_195' title='bbox 539 1828 609 1867; x_wconf 84' lang='lat' dir='ltr'>qno</span> <span class='ocrx_word' id='word_1_196' title='bbox 644 1815 827 1853; x_wconf 79' lang='lat' dir='ltr'>Heinsius</span> <span class='ocrx_word' id='word_1_197' title='bbox 859 1820 896 1854; x_wconf 89' lang='lat' dir='ltr'>et</span> <span class='ocrx_word' id='word_1_198' title='bbox 929 1815 1211 1854; x_wconf 79' lang='lat' dir='ltr'>Wernsdorfius</span> <span class='ocrx_word' id='word_1_199' title='bbox 1243 1815 1429 1854; x_wconf 81' lang='lat' dir='ltr'>malebant</span> <span class='ocrx_word' id='word_1_200' title='bbox 1462 1822 1528 1855; x_wconf 78' lang='lat' dir='ltr'>tuo</span> <span class='ocrx_word' id='word_1_201' title='bbox 1551 1818 1717 1855; x_wconf 59' lang='lat' dir='ltr'>——cimz</span> 
     </span>
     <span class='ocr_line' id='line_1_24' title="bbox 78 1882 1717 1935; baseline 0 -15"><span class='ocrx_word' id='word_1_202' title='bbox 78 1882 161 1921; x_wconf 86' lang='lat' dir='ltr'>Non</span> <span class='ocrx_word' id='word_1_203' title='bbox 195 1882 288 1921; x_wconf 81' lang='lat' dir='ltr'>male</span> <span class='ocrx_word' id='word_1_204' title='bbox 320 1882 522 1921; x_wconf 77' lang='lat' dir='ltr'>Putscliius</span> <span class='ocrx_word' id='word_1_205' title='bbox 554 1896 598 1922; x_wconf 78' lang='lat' dir='ltr'>eo</span> <span class='ocrx_word' id='word_1_206' title='bbox 632 1888 754 1922; x_wconf 81' lang='lat' dir='ltr'>tuetur</span> <span class='ocrx_word' id='word_1_207' title='bbox 785 1885 1014 1933; x_wconf 79' lang='lat' dir='ltr'>genitivum,</span> <span class='ocrx_word' id='word_1_208' title='bbox 1047 1883 1142 1935; x_wconf 83' lang='lat' dir='ltr'>quod</span> <span class='ocrx_word' id='word_1_209' title='bbox 1177 1884 1387 1923; x_wconf 71' lang='lat' dir='ltr'>discordia</span> <span class='ocrx_word' id='word_1_210' title='bbox 1419 1897 1717 1933; x_wconf 75' lang='grc' dir='ltr'><em>προσωποποι-</em></span> 
     </span>
     <span class='ocr_line' id='line_1_25' title="bbox 80 1951 1716 2002; baseline 0.004 -17"><span class='ocrx_word' id='word_1_211' title='bbox 80 1954 203 1988; x_wconf 61' lang='lat' dir='ltr'>estat.</span> <span class='ocrx_word' id='word_1_212' title='bbox 253 1951 323 1990; x_wconf 86' lang='lat' dir='ltr'>Vel</span> <span class='ocrx_word' id='word_1_213' title='bbox 356 1952 411 1990; x_wconf 82' lang='lat' dir='ltr'>sic</span> <span class='ocrx_word' id='word_1_214' title='bbox 443 1955 561 1990; x_wconf 75' lang='lat' dir='ltr'>tannen</span> <span class='ocrx_word' id='word_1_215' title='bbox 595 1952 781 1990; x_wconf 71' lang='lat' dir='ltr'>fatendum</span> <span class='ocrx_word' id='word_1_216' title='bbox 814 1954 894 2001; x_wconf 82' lang='lat' dir='ltr'>est,</span> <span class='ocrx_word' id='word_1_217' title='bbox 929 1951 1050 1989; x_wconf 83' lang='lat' dir='ltr'>rarius</span> <span class='ocrx_word' id='word_1_218' title='bbox 1082 1964 1170 1990; x_wconf 83' lang='lat' dir='ltr'>esse</span> <span class='ocrx_word' id='word_1_219' title='bbox 1202 1954 1385 1992; x_wconf 78' lang='lat' dir='ltr'>inimicus</span> <span class='ocrx_word' id='word_1_220' title='bbox 1415 1965 1494 1991; x_wconf 86' lang='lat' dir='ltr'>curn</span> <span class='ocrx_word' id='word_1_221' title='bbox 1518 1955 1716 2002; x_wconf 81' lang='lat' dir='ltr'>genitivo,</span> 
     </span>
     <span class='ocr_line' id='line_1_26' title="bbox 78 2018 1718 2072; baseline 0.003 -16"><span class='ocrx_word' id='word_1_222' title='bbox 78 2031 182 2070; x_wconf 77' lang='lat' dir='ltr'>quarn</span> <span class='ocrx_word' id='word_1_223' title='bbox 213 2020 381 2058; x_wconf 79' lang='lat' dir='ltr'>alterum.</span> <span class='ocrx_word' id='word_1_224' title='bbox 444 2021 568 2059; x_wconf 83' lang='lat' dir='ltr'>Veluti</span> <span class='ocrx_word' id='word_1_225' title='bbox 606 2022 640 2059; x_wconf 92' lang='lat' dir='ltr'>in</span> <span class='ocrx_word' id='word_1_226' title='bbox 673 2020 858 2070; x_wconf 79' lang='lat' dir='ltr'>Epistolis</span> <span class='ocrx_word' id='word_1_227' title='bbox 891 2018 1087 2059; x_wconf 75' lang='lat' dir='ltr'>Ciceronis</span> <span class='ocrx_word' id='word_1_228' title='bbox 1126 2034 1222 2072; x_wconf 70' lang='lat' dir='ltr'>quae</span> <span class='ocrx_word' id='word_1_229' title='bbox 1259 2021 1432 2060; x_wconf 86' lang='lat' dir='ltr'>dicuntur</span> <span class='ocrx_word' id='word_1_230' title='bbox 1469 2022 1514 2060; x_wconf 81' lang='lat' dir='ltr'>ad</span> <span class='ocrx_word' id='word_1_231' title='bbox 1546 2022 1718 2061; x_wconf 83' lang='lat' dir='ltr'>Familia-</span> 
     </span>
     <span class='ocr_line' id='line_1_27' title="bbox 79 2088 1718 2139; baseline 0.003 -14"><span class='ocrx_word' id='word_1_232' title='bbox 79 2100 161 2133; x_wconf 83' lang='lat' dir='ltr'>res,</span> <span class='ocrx_word' id='word_1_233' title='bbox 203 2089 355 2138; x_wconf 67' lang='lat' dir='ltr'>saepius</span> <span class='ocrx_word' id='word_1_234' title='bbox 386 2103 442 2128; x_wconf 84' lang='lat' dir='ltr'>me</span> <span class='ocrx_word' id='word_1_235' title='bbox 473 2092 657 2129; x_wconf 79' lang='lat' dir='ltr'>inimicus</span> <span class='ocrx_word' id='word_1_236' title='bbox 690 2101 768 2128; x_wconf 86' lang='lat' dir='ltr'>cum</span> <span class='ocrx_word' id='word_1_237' title='bbox 801 2089 928 2128; x_wconf 85' lang='lat' dir='ltr'>dativo</span> <span class='ocrx_word' id='word_1_238' title='bbox 970 2088 1104 2137; x_wconf 81' lang='lat' dir='ltr'>legere</span> <span class='ocrx_word' id='word_1_239' title='bbox 1136 2089 1302 2136; x_wconf 68' lang='lat' dir='ltr'>memini,</span> <span class='ocrx_word' id='word_1_240' title='bbox 1345 2102 1423 2128; x_wconf 76' lang='lat' dir='ltr'>cuni</span> <span class='ocrx_word' id='word_1_241' title='bbox 1464 2091 1639 2139; x_wconf 79' lang='lat' dir='ltr'>genitivo</span> <span class='ocrx_word' id='word_1_242' title='bbox 1672 2104 1718 2130; x_wconf 81' lang='lat' dir='ltr'>ne</span> 
     </span>
     <span class='ocr_line' id='line_1_28' title="bbox 79 2156 1715 2209; baseline 0.002 -14"><span class='ocrx_word' id='word_1_243' title='bbox 79 2156 192 2195; x_wconf 79' lang='lat' dir='ltr'>semel</span> <span class='ocrx_word' id='word_1_244' title='bbox 225 2158 385 2209; x_wconf 85' lang='lat' dir='ltr'>quidem.</span> <span class='ocrx_word' id='word_1_245' title='bbox 447 2159 524 2198; x_wconf 81' lang='lat' dir='ltr'>Sed</span> <span class='ocrx_word' id='word_1_246' title='bbox 557 2162 616 2198; x_wconf 87' lang='lat' dir='ltr'>est</span> <span class='ocrx_word' id='word_1_247' title='bbox 648 2162 767 2197; x_wconf 79' lang='lat' dir='ltr'>tamen</span> <span class='ocrx_word' id='word_1_248' title='bbox 800 2158 872 2196; x_wconf 85' lang='lat' dir='ltr'>hoc</span> <span class='ocrx_word' id='word_1_249' title='bbox 904 2157 1015 2207; x_wconf 75' lang='lat' dir='ltr'>alibi,</span> <span class='ocrx_word' id='word_1_250' title='bbox 1047 2159 1204 2196; x_wconf 75' lang='lat' dir='ltr'>maxime</span> <span class='ocrx_word' id='word_1_251' title='bbox 1237 2160 1271 2196; x_wconf 92' lang='lat' dir='ltr'>in</span> <span class='ocrx_word' id='word_1_252' title='bbox 1305 2159 1562 2209; x_wconf 81' lang='lat' dir='ltr'>superlativo:</span> <span class='ocrx_word' id='word_1_253' title='bbox 1609 2161 1715 2199; x_wconf 85' lang='lat' dir='ltr'>Orat.</span> 
     </span>
     <span class='ocr_line' id='line_1_29' title="bbox 79 2226 1717 2281; baseline 0.004 -18"><span class='ocrx_word' id='word_1_254' title='bbox 79 2226 126 2263; x_wconf 89' lang='lat' dir='ltr'>dc</span> <span class='ocrx_word' id='word_1_255' title='bbox 157 2226 366 2265; x_wconf 81' lang='lat' dir='ltr'>Provinciis</span> <span class='ocrx_word' id='word_1_256' title='bbox 398 2227 542 2266; x_wconf 86' lang='lat' dir='ltr'>consul.</span> <span class='ocrx_word' id='word_1_257' title='bbox 576 2242 614 2276; x_wconf 76' lang='lat' dir='ltr'>v,</span> <span class='ocrx_word' id='word_1_258' title='bbox 640 2231 703 2265; x_wconf 92' lang='grc'>11.</span> <span class='ocrx_word' id='word_1_259' title='bbox 736 2229 1049 2266; x_wconf 76' lang='lat' dir='ltr'>inimicissimum</span> <span class='ocrx_word' id='word_1_260' title='bbox 1076 2228 1228 2266; x_wconf 79' lang='lat' dir='ltr'>ordinis</span> <span class='ocrx_word' id='word_1_261' title='bbox 1252 2230 1477 2281; x_wconf 74' lang='lat' dir='ltr'>equestris,</span> <span class='ocrx_word' id='word_1_262' title='bbox 1512 2229 1717 2269; x_wconf 77' lang='lat' dir='ltr'>bonorum-</span> 
     </span>
     <span class='ocr_line' id='line_1_30' title="bbox 81 2296 1714 2349; baseline 0.004 -16"><span class='ocrx_word' id='word_1_263' title='bbox 81 2309 156 2349; x_wconf 77' lang='lat' dir='ltr'>que</span> <span class='ocrx_word' id='word_1_264' title='bbox 185 2297 360 2334; x_wconf 70' lang='lat' dir='ltr'>(manium.</span> <span class='ocrx_word' id='word_1_265' title='bbox 416 2296 505 2334; x_wconf 89' lang='lat' dir='ltr'>ibid.</span> <span class='ocrx_word' id='word_1_266' title='bbox 540 2312 625 2345; x_wconf 60' lang='lat' dir='ltr'>viu.</span> <span class='ocrx_word' id='word_1_267' title='bbox 662 2299 725 2335; x_wconf 74' lang='lat'>18.</span> <span class='ocrx_word' id='word_1_268' title='bbox 760 2297 1061 2335; x_wconf 74' lang='lat' dir='ltr'>inimicissimus</span> <span class='ocrx_word' id='word_1_269' title='bbox 1093 2301 1130 2335; x_wconf 82' lang='lat' dir='ltr'>et</span> <span class='ocrx_word' id='word_1_270' title='bbox 1162 2299 1320 2347; x_wconf 73' lang='lat' dir='ltr'>ipsius,</span> <span class='ocrx_word' id='word_1_271' title='bbox 1353 2303 1392 2336; x_wconf 80' lang='lat' dir='ltr'>et</span> <span class='ocrx_word' id='word_1_272' title='bbox 1420 2298 1571 2349; x_wconf 79' lang='lat' dir='ltr'>fratris</span> <span class='ocrx_word' id='word_1_273' title='bbox 1602 2301 1714 2348; x_wconf 77' lang='lat' dir='ltr'>eius,</span> 
     </span>
     <span class='ocr_line' id='line_1_31' title="bbox 80 2362 1715 2419; baseline 0.003 -18"><span class='ocrx_word' id='word_1_274' title='bbox 80 2363 286 2414; x_wconf 71' lang='lat' dir='ltr'>Africani.</span> <span class='ocrx_word' id='word_1_275' title='bbox 348 2362 454 2403; x_wconf 87' lang='lat' dir='ltr'>Unde</span> <span class='ocrx_word' id='word_1_276' title='bbox 485 2364 573 2403; x_wconf 91' lang='lat' dir='ltr'>illud</span> <span class='ocrx_word' id='word_1_277' title='bbox 607 2378 691 2404; x_wconf 73' lang='lat' dir='ltr'>cum</span> <span class='ocrx_word' id='word_1_278' title='bbox 722 2367 811 2404; x_wconf 79' lang='lat' dir='ltr'>suis</span> <span class='ocrx_word' id='word_1_279' title='bbox 844 2367 1130 2404; x_wconf 73' lang='lat' dir='ltr'>inimicissimis</span> <span class='ocrx_word' id='word_1_280' title='bbox 1163 2366 1252 2403; x_wconf 82' lang='lat' dir='ltr'>ibid.</span> <span class='ocrx_word' id='word_1_281' title='bbox 1287 2381 1342 2408; x_wconf 57' lang='grc' dir='ltr'>ιχ,</span> <span class='ocrx_word' id='word_1_282' title='bbox 1377 2369 1444 2404; x_wconf 82' lang='lat'>21.</span> <span class='ocrx_word' id='word_1_283' title='bbox 1478 2368 1715 2419; x_wconf 76' lang='lat' dir='ltr'>quemadmo-</span> 
     </span>
     <span class='ocr_line' id='line_1_32' title="bbox 80 2431 1715 2484; baseline 0.003 -15"><span class='ocrx_word' id='word_1_284' title='bbox 80 2431 161 2469; x_wconf 85' lang='lat' dir='ltr'>dum</span> <span class='ocrx_word' id='word_1_285' title='bbox 193 2434 266 2471; x_wconf 78' lang='lat' dir='ltr'>mei</span> <span class='ocrx_word' id='word_1_286' title='bbox 294 2433 611 2484; x_wconf 76' lang='lat' dir='ltr'>familiarissimi</span> <span class='ocrx_word' id='word_1_287' title='bbox 641 2433 800 2482; x_wconf 88' lang='lat' dir='ltr'>dicitur,</span> <span class='ocrx_word' id='word_1_288' title='bbox 833 2437 871 2472; x_wconf 83' lang='lat' dir='ltr'>ot</span> <span class='ocrx_word' id='word_1_289' title='bbox 902 2446 1015 2473; x_wconf 75' lang='lat' dir='ltr'>suam</span> <span class='ocrx_word' id='word_1_290' title='bbox 1048 2434 1332 2475; x_wconf 76' lang='lat' dir='ltr'>benevolentem</span> <span class='ocrx_word' id='word_1_291' title='bbox 1354 2434 1476 2474; x_wconf 78' lang='lat' dir='ltr'>Plaut.</span> <span class='ocrx_word' id='word_1_292' title='bbox 1501 2435 1715 2476; x_wconf 72' lang='lat' dir='ltr'>Cistelml.</span> 
     </span>
     <span class='ocr_line' id='line_1_33' title="bbox 83 2500 976 2549; baseline 0.002 -11"><span class='ocrx_word' id='word_1_293' title='bbox 83 2517 138 2549; x_wconf 81' lang='grc' dir='ltr'>ιιι,</span> <span class='ocrx_word' id='word_1_294' title='bbox 173 2504 237 2539; x_wconf 77' lang='grc'>43.</span> <span class='ocrx_word' id='word_1_295' title='bbox 269 2503 328 2539; x_wconf 78' lang='lat' dir='ltr'>tui</span> <span class='ocrx_word' id='word_1_296' title='bbox 360 2500 625 2541; x_wconf 79' lang='lat' dir='ltr'>benevolentis</span> <span class='ocrx_word' id='word_1_297' title='bbox 656 2502 767 2540; x_wconf 88' lang='lat' dir='ltr'>Trin.</span> <span class='ocrx_word' id='word_1_298' title='bbox 799 2501 829 2540; x_wconf 90' lang='lat'>1.</span> <span class='ocrx_word' id='word_1_299' title='bbox 864 2518 903 2548; x_wconf 84' lang='lat'>11,</span> <span class='ocrx_word' id='word_1_300' title='bbox 939 2508 976 2541; x_wconf 84' lang='grc'>8.</span> 
     </span>
    </p>
   </div>
   <div class='ocr_carea' id='block_1_4' title="bbox 82 2667 1712 2792">
    <p class='ocr_par' dir='ltr' id='par_1_6' title="bbox 82 2667 1712 2792">
     <span class='ocr_line' id='line_1_34' title="bbox 165 2667 1712 2721; baseline 0.007 -17"><span class='ocrx_word' id='word_1_301' title='bbox 165 2667 214 2704; x_wconf 88' lang='lat' dir='ltr'>V.</span> <span class='ocrx_word' id='word_1_302' title='bbox 247 2669 313 2706; x_wconf 72' lang='lat'>84.</span> <span class='ocrx_word' id='word_1_303' title='bbox 347 2669 413 2704; x_wconf 70' lang='lat'>85.</span> <span class='ocrx_word' id='word_1_304' title='bbox 470 2676 624 2710; x_wconf 83' lang='lat' dir='ltr'>EXSUL</span> <span class='ocrx_word' id='word_1_305' title='bbox 651 2677 762 2717; x_wconf 82' lang='lat' dir='ltr'>EGO,</span> <span class='ocrx_word' id='word_1_306' title='bbox 796 2678 1130 2718; x_wconf 75' lang='lat' dir='ltr'>INDEMNATUS,</span> <span class='ocrx_word' id='word_1_307' title='bbox 1167 2679 1342 2721; x_wconf 82' lang='lat' dir='ltr'>EGENS,</span> <span class='ocrx_word' id='word_1_308' title='bbox 1376 2680 1475 2714; x_wconf 85' lang='grc' dir='ltr'>ΜΕΑ</span> <span class='ocrx_word' id='word_1_309' title='bbox 1502 2681 1543 2715; x_wconf 81' lang='lat' dir='ltr'>R.</span> <span class='ocrx_word' id='word_1_310' title='bbox 1571 2682 1611 2715; x_wconf 89' lang='lat' dir='ltr'>R.</span> <span class='ocrx_word' id='word_1_311' title='bbox 1643 2684 1712 2715; x_wconf 83' lang='lat' dir='ltr'>etc.</span> 
     </span>
     <span class='ocr_line' id='line_1_35' title="bbox 82 2735 1712 2792; baseline 0.001 -16"><span class='ocrx_word' id='word_1_312' title='bbox 82 2736 215 2776; x_wconf 67' lang='lat' dir='ltr'>Essul</span> <span class='ocrx_word' id='word_1_313' title='bbox 247 2737 283 2774; x_wconf 86' lang='lat' dir='ltr'>in</span> <span class='ocrx_word' id='word_1_314' title='bbox 315 2735 415 2773; x_wconf 82' lang='lat' dir='ltr'>nulla</span> <span class='ocrx_word' id='word_1_315' title='bbox 445 2738 531 2774; x_wconf 79' lang='lat' dir='ltr'>ante</span> <span class='ocrx_word' id='word_1_316' title='bbox 563 2736 834 2786; x_wconf 80' lang='lat' dir='ltr'>Scaligeranas</span> <span class='ocrx_word' id='word_1_317' title='bbox 867 2741 905 2776; x_wconf 84' lang='lat' dir='ltr'>et</span> <span class='ocrx_word' id='word_1_318' title='bbox 932 2738 1030 2776; x_wconf 80' lang='lat' dir='ltr'>Pith.</span> <span class='ocrx_word' id='word_1_319' title='bbox 1063 2739 1225 2788; x_wconf 70' lang='lat' dir='ltr'>reperio.</span> <span class='ocrx_word' id='word_1_320' title='bbox 1286 2740 1395 2779; x_wconf 70' lang='lat' dir='ltr'><em>Exul</em></span> <span class='ocrx_word' id='word_1_321' title='bbox 1426 2741 1460 2777; x_wconf 89' lang='lat' dir='ltr'>in</span> <span class='ocrx_word' id='word_1_322' title='bbox 1492 2741 1712 2792; x_wconf 81' lang='lat' dir='ltr'>antiquiori-</span> 
     </span>
    </p>
   </div>
   <div class='ocr_carea' id='block_1_5' title="bbox 81 2804 1714 3067">
    <p class='ocr_par' dir='ltr' id='par_1_7' title="bbox 81 2804 1714 3067">
     <span class='ocr_line' id='line_1_36' title="bbox 81 2804 1714 2859; baseline 0.002 -15"><span class='ocrx_word' id='word_1_323' title='bbox 81 2805 152 2844; x_wconf 91' lang='lat' dir='ltr'>bus</span> <span class='ocrx_word' id='word_1_324' title='bbox 184 2805 378 2850; x_wconf 81' lang='lat' dir='ltr'>omnibus‚</span> <span class='ocrx_word' id='word_1_325' title='bbox 410 2807 449 2842; x_wconf 89' lang='lat' dir='ltr'>et</span> <span class='ocrx_word' id='word_1_326' title='bbox 480 2804 515 2842; x_wconf 93' lang='lat' dir='ltr'>in</span> <span class='ocrx_word' id='word_1_327' title='bbox 549 2806 798 2856; x_wconf 77' lang='lat' dir='ltr'>Augustano,</span> <span class='ocrx_word' id='word_1_328' title='bbox 840 2807 1092 2859; x_wconf 79' lang='lat' dir='ltr'>scriptisque,</span> <span class='ocrx_word' id='word_1_329' title='bbox 1125 2812 1164 2846; x_wconf 90' lang='lat' dir='ltr'>ut</span> <span class='ocrx_word' id='word_1_330' title='bbox 1193 2810 1303 2858; x_wconf 87' lang='lat' dir='ltr'>puto,</span> <span class='ocrx_word' id='word_1_331' title='bbox 1336 2811 1510 2847; x_wconf 77' lang='lat' dir='ltr'>caeteris.</span> <span class='ocrx_word' id='word_1_332' title='bbox 1572 2809 1714 2848; x_wconf 82' lang='lat' dir='ltr'>Deinde</span> 
     </span>
     <span class='ocr_line' id='line_1_37' title="bbox 82 2872 1711 2927; baseline 0.002 -15"><span class='ocrx_word' id='word_1_333' title='bbox 82 2874 331 2913; x_wconf 77' lang='lat' dir='ltr'>indemnalus</span> <span class='ocrx_word' id='word_1_334' title='bbox 365 2874 399 2910; x_wconf 88' lang='lat' dir='ltr'>in</span> <span class='ocrx_word' id='word_1_335' title='bbox 432 2872 594 2911; x_wconf 76' lang='lat' dir='ltr'>editione</span> <span class='ocrx_word' id='word_1_336' title='bbox 625 2875 719 2912; x_wconf 87' lang='lat' dir='ltr'>omni</span> <span class='ocrx_word' id='word_1_337' title='bbox 750 2877 788 2913; x_wconf 87' lang='lat' dir='ltr'>et</span> <span class='ocrx_word' id='word_1_338' title='bbox 818 2875 853 2912; x_wconf 91' lang='lat' dir='ltr'>in</span> <span class='ocrx_word' id='word_1_339' title='bbox 884 2875 1039 2926; x_wconf 87' lang='lat' dir='ltr'>scriptis</span> <span class='ocrx_word' id='word_1_340' title='bbox 1064 2876 1358 2927; x_wconf 81' lang='lat' dir='ltr'>recentioribus3</span> <span class='ocrx_word' id='word_1_341' title='bbox 1391 2879 1643 2917; x_wconf 78' lang='lat' dir='ltr'>indamnatus</span> <span class='ocrx_word' id='word_1_342' title='bbox 1677 2879 1711 2916; x_wconf 87' lang='lat' dir='ltr'>in</span> 
     </span>
     <span class='ocr_line' id='line_1_38' title="bbox 81 2940 1709 2998; baseline 0.003 -18"><span class='ocrx_word' id='word_1_343' title='bbox 81 2942 223 2981; x_wconf 84' lang='lat' dir='ltr'>Medic.</span> <span class='ocrx_word' id='word_1_344' title='bbox 246 2942 366 2981; x_wconf 81' lang='lat' dir='ltr'>Paris.</span> <span class='ocrx_word' id='word_1_345' title='bbox 386 2941 456 2981; x_wconf 83' lang='lat' dir='ltr'>Ill.</span> <span class='ocrx_word' id='word_1_346' title='bbox 474 2940 542 2979; x_wconf 81' lang='lat' dir='ltr'>lv.</span> <span class='ocrx_word' id='word_1_347' title='bbox 569 2940 688 2990; x_wconf 83' lang='lat' dir='ltr'>Angl.</span> <span class='ocrx_word' id='word_1_348' title='bbox 706 2942 874 2993; x_wconf 84' lang='lat' dir='ltr'>August.</span> <span class='ocrx_word' id='word_1_349' title='bbox 896 2945 1179 2998; x_wconf 78' lang='lat' dir='ltr'>indampnatus</span> <span class='ocrx_word' id='word_1_350' title='bbox 1201 2947 1234 2983; x_wconf 90' lang='lat' dir='ltr'>in</span> <span class='ocrx_word' id='word_1_351' title='bbox 1256 2945 1404 2985; x_wconf 73' lang='lat' dir='ltr'>Thumi.</span> <span class='ocrx_word' id='word_1_352' title='bbox 1431 2946 1532 2984; x_wconf 65' lang='lat' dir='ltr'>hvid.</span> <span class='ocrx_word' id='word_1_353' title='bbox 1555 2949 1592 2985; x_wconf 80' lang='lat' dir='ltr'>et</span> <span class='ocrx_word' id='word_1_354' title='bbox 1613 2948 1709 2998; x_wconf 84' lang='lat' dir='ltr'>quod</span> 
     </span>
     <span class='ocr_line' id='line_1_39' title="bbox 83 3010 1709 3067; baseline 0.003 -19"><span class='ocrx_word' id='word_1_355' title='bbox 83 3010 176 3049; x_wconf 86' lang='lat' dir='ltr'>idem</span> <span class='ocrx_word' id='word_1_356' title='bbox 214 3015 299 3060; x_wconf 80' lang='lat' dir='ltr'>est,</span> <span class='ocrx_word' id='word_1_357' title='bbox 341 3011 695 3063; x_wconf 73' lang='lat' dir='ltr'>eyomdampnalus</span> <span class='ocrx_word' id='word_1_358' title='bbox 735 3011 772 3049; x_wconf 89' lang='lat' dir='ltr'>in</span> <span class='ocrx_word' id='word_1_359' title='bbox 812 3013 933 3051; x_wconf 81' lang='lat' dir='ltr'>Paris.</span> <span class='ocrx_word' id='word_1_360' title='bbox 967 3013 1017 3052; x_wconf 91' lang='lat' dir='ltr'>ll.</span> <span class='ocrx_word' id='word_1_361' title='bbox 1078 3014 1354 3067; x_wconf 79' lang='lat' dir='ltr'>indempnatus</span> <span class='ocrx_word' id='word_1_362' title='bbox 1397 3015 1429 3052; x_wconf 94' lang='lat' dir='ltr'>in</span> <span class='ocrx_word' id='word_1_363' title='bbox 1462 3013 1565 3053; x_wconf 82' lang='lat' dir='ltr'>Mon.</span> <span class='ocrx_word' id='word_1_364' title='bbox 1600 3016 1628 3055; x_wconf 91' lang='grc' dir='ltr'>Ι.</span> <span class='ocrx_word' id='word_1_365' title='bbox 1662 3017 1709 3055; x_wconf 89' lang='lat' dir='ltr'>ll.</span> 
     </span>
    </p>
   </div>
  </div>
 </body>
</html>
