2006 3365
271 147 373 194 364
877 140 1237 182 DISSERTATIO
1269 141 1338 180 1V.

270 260 414 311 potuit,
460 262 498 297 ut
528 258 589 310 qui
621 257 821 306 Virgilium
853 256 1013 296 aliumve
1044 257 1267 306 scriptorem
1300 267 1366 305 pro
1398 256 1570 294 mercede
1602 256 1838 295 scribendum
1874 255 1911 293 in

269 342 313 368 se
344 328 578 377 recepisset,
622 339 703 364 eum
735 339 785 364 ex
816 326 912 364 libro
945 325 1071 373 edito,
1118 325 1215 377 quod
1248 324 1361 363 multo
1394 324 1562 372 facilius,
1594 338 1700 378 quam
1734 338 1783 364 ex
1815 323 1911 362 libro

270 398 441 446 scripto,
488 394 613 433 mallet
643 395 827 433 scribere.
890 394 929 433 ld
971 394 1157 432 accidisse
1188 395 1364 444 suspicor
1395 394 1430 431 in
1463 393 1800 444 Guelpherbytano
1834 390 1912 432 Ca-

270 464 373 512 tulli,
425 462 566 501 Tibulli
608 466 645 501 et
685 463 873 513 Propertii
914 463 1071 506 codice,
1099 465 1165 501 65.
1199 467 1236 500 2.
1256 461 1355 500 Μ88.
1398 475 1503 513 quem
1545 463 1708 500 codicem
1747 474 1853 513 quum
1891 473 1913 498 a

271 531 390 571 Gallis
421 535 649 582 asportatum
670 533 839 570 Parisios
873 533 908 570 in
935 531 1209 570 Bibliothecam
1242 534 1329 569 tunc
1351 529 1605 580 Imperialem,
1640 543 1717 569 cum
1736 529 1913 578 Langero

270 600 330 637 diu
362 612 407 638 ac
439 599 679 638 vehementer
720 600 944 649 doluissem,
978 603 1136 651 postea,
1180 600 1261 637 dum
1305 604 1494 649 receptum
1526 612 1569 637 ac
1601 600 1811 638 restitutum
1844 598 1910 636 Bi-

270 668 488 707 bliothecae
520 668 882 720 Guelpherbytanae
912 669 1105 715 examino,
1149 668 1361 717 elegantem
1405 680 1449 706 ac
1491 668 1602 706 valde
1642 667 1794 706 nitidum
1826 678 1915 705 0880

271 736 468 785 intellexi,
501 742 538 776 at
569 750 609 776 re
642 751 734 776 vera
766 739 911 777 duobus
942 737 1027 775 aliis
1059 738 1281 781 codicibus,
1314 737 1382 775 Nr.
1404 740 1497 775 283.
1531 736 1626 775 Gud.
1661 740 1698 775 et
1729 736 1796 774 Nr.
1818 737 1914 774 332.

272 805 368 845 Gud.
403 819 498 858 quos
530 810 602 845 tum
627 806 724 845 Galli
746 806 991 858 reliquissent
1011 805 1309 857 Guelpherbyti,
1343 805 1455 843 multo
1487 805 1723 843 deteriorem.
1765 804 1917 856 Quippe

272 879 345 913 tam
376 875 509 913 similis
542 880 601 914 est
632 876 787 913 editioni
821 875 948 913 horum
980 880 1171 926 poetarum
1216 875 1421 913 Brixianae
1455 872 1468 920 (
1494 875 1664 922 laisa),
1706 876 1743 912 ut
1773 876 1836 911 aut
1867 884 1917 909 ex

272 943 345 983 hoc
377 945 507 982 codice
539 945 653 983 editio
686 944 867 981 Brixiana
899 956 1087 994 expressa
1120 956 1234 994 esse,
1265 947 1355 987 aut,
1390 941 1487 994 quod
1519 942 1632 981 multo
1664 941 1916 993 probabilius,

274 1013 396 1051 codex
428 1012 643 1063 descriptus
682 1025 730 1049 ex
766 1012 944 1049 ssrixiana
977 1025 1064 1050 esse
1096 1012 1246 1050 debeat.
1315 1012 1437 1061 Igitur
1469 1024 1576 1064 quum
1609 1012 1668 1050 uni
1700 1024 1721 1050 e
1752 1012 1918 1061 scripto-

274 1082 401 1130 ribus,
433 1094 528 1133 quos
559 1081 694 1119 multos
735 1079 917 1119 Matthias
951 1081 1142 1121 Corvinus
1174 1082 1209 1118 in
1241 1080 1370 1127 ltalia,
1414 1083 1452 1118 et
1489 1081 1645 1118 maxime
1676 1079 1917 1127 Florentiae,

273 1149 421 1199 alebat,
455 1152 494 1188 ut
525 1149 774 1200 locupletaret
815 1149 1090 1188 Bibliothecam
1130 1150 1371 1188 Budensem:
1416 1162 1497 1187 nam
1530 1162 1608 1188 eam
1641 1150 1823 1198 originem
1856 1147 1920 1186 vi-

275 1219 354 1257 deri
386 1218 495 1257 huius
528 1218 668 1256 codicis
702 1231 790 1257 esse
823 1218 949 1257 docuit
980 1231 1035 1256 me
1058 1218 1285 1267 Langerus:
1319 1218 1435 1267 igitur
1467 1232 1573 1270 quum
1607 1219 1665 1255 uni
1700 1231 1719 1256 e
1751 1218 1920 1267 scripto-

276 1289 380 1326 ribus
412 1288 495 1326 istis
528 1287 738 1338 impositum
771 1289 933 1335 suisset,
968 1291 1005 1325 ut
1022 1286 1228 1331 Catullum,
1262 1286 1450 1324 Tibullum
1483 1291 1520 1325 ct
1552 1286 1788 1337 Propertium
1820 1286 1920 1324 scri-

275 1357 405 1404 beret,
438 1356 500 1394 ille
534 1369 633 1405 non,
667 1357 763 1409 quod
798 1357 1051 1407 exspectabat
1076 1356 1191 1403 Rex,
1226 1368 1275 1393 ex
1309 1356 1428 1393 veteri
1461 1355 1633 1405 exemplo
1665 1356 1831 1404 scripto,
1852 1353 1918 1392 sed

276 1439 326 1464 ex
359 1427 523 1465 editione
556 1427 736 1464 Brixiana
767 1431 905 1477 poetas
938 1438 1005 1464 eos
1044 1425 1267 1474 descripsit,
1307 1426 1345 1462 at
1376 1436 1526 1474 operam
1558 1423 1690 1471 dedit,
1738 1426 1776 1461 ut
1808 1422 1922 1461 nitide

278 1495 528 1534 describeret.
590 1495 697 1533 Haec
728 1495 872 1547 quidem
914 1494 961 1533 de
1000 1493 1340 1544 Guelpherhytano
1381 1492 1444 1531 illo
1478 1493 1695 1531 coniectura
1725 1496 1784 1531 est
1815 1504 1921 1540 mea,

280 1576 375 1615 quae
408 1576 499 1602 vera
532 1576 619 1602 esse
651 1565 800 1616 nequit,
844 1564 875 1601 si
909 1562 995 1600 illud
1030 1574 1156 1599 verum
1189 1563 1263 1609 sit,
1297 1561 1393 1613 quod
1426 1574 1521 1600 nune
1554 1562 1718 1600 Ebertus
1749 1561 1844 1600 libro
1877 1561 1923 1599 dc

281 1631 455 1671 Codieib.
490 1631 751 1670 Bibliothecae
783 1630 1061 1681 Guelpherhyt.
1095 1643 1132 1680 p.
1174 1634 1238 1668 43.
1281 1630 1413 1679 tradit,
1453 1644 1540 1669 esse
1581 1643 1661 1669 eum
1703 1631 1870 1669 codicem
1902 1644 1923 1668 a

281 1700 475 1741 Clemente
507 1700 744 1740 Salernitano
783 1699 936 1738 saeculo
968 1699 1056 1737 XV.
1091 1699 1209 1736 medio
1243 1699 1436 1749 scriptum.
1500 1700 1576 1738 Sed
1616 1712 1782 1749 graecos
1814 1700 1922 1738 etiam

282 1771 432 1808 codices
465 1773 641 1813 exstare,
677 1782 725 1807 ex
759 1769 873 1807 editis
906 1768 1183 1818 exemplaribus
1216 1768 1402 1817 scriptos,
1436 1769 1505 1806 nisi
1539 1770 1606 1806 iam
1627 1768 1923 1806 animffllversum

282 1843 387 1877 esset
417 1839 463 1876 ab
498 1838 607 1886 aliiS,
642 1842 778 1888 Sponte
811 1837 1028 1875 crederem:
1063 1838 1110 1874 es.
1145 1836 1339 1876 Welcker.
1371 1837 1415 1874 ad
1450 1837 1665 1887 Theognid.
1697 1837 1852 1885 Proteg-
1885 1849 1924 1886 l).

282 1923 408 1945 cxxv.
484 1907 583 1945 Idem
618 1919 681 1946 cur
715 1910 839 1957 putem
872 1908 906 1944 in
941 1906 1105 1955 Virgilio
1144 1906 1354 1954 accidisse,
1397 1911 1434 1945 et
1473 1908 1516 1944 de
1558 1907 1691 1958 quibus
1733 1906 1925 1944 codicibus

282 1981 433 2028 putem,
479 1976 594 2015 semel
627 1976 743 2014 dicam
784 1974 856 2013 hoc
895 1974 991 2013 loco.
1071 1975 1132 2013 Ac
1164 1975 1280 2025 primo
1313 1989 1417 2014 unum
1449 1988 1620 2024 magnum
1653 1977 1822 2027 omnique
1854 1974 1926 2012 du·-

282 2047 468 2084 bitatione
500 2049 683 2083 exemtum
716 2044 970 2082 documentum
1005 2044 1126 2081 codex
1160 2044 1392 2083 Basilecnsis
1426 2048 1497 2083 est.
1570 2045 1630 2083 De
1661 2045 1854 2084 Vossiano
1876 2043 1924 2082 ll.

284 2118 321 2153 et
354 2114 649 2152 Vratislaviensi
674 2112 751 2163 II.,
784 2113 819 2150 in
853 2114 995 2164 quilius.
1022 2125 1092 2150 non
1125 2116 1210 2151 sunt
1242 2116 1312 2151 tam
1346 2117 1472 2159 certa,
1505 2127 1610 2165 quam
1643 2114 1677 2151 in
1698 2112 1925 2160 Basileensi,

285 2184 446 2231 indicia,
481 2184 531 2220 ita
561 2186 817 2231 argumentor.
882 2182 985 2220 Inter
1017 2182 1170 2220 codices
1202 2194 1305 2219 manu
1339 2183 1504 2232 scriptos
1527 2181 1785 2230 Virgilianos,
1818 2186 1927 2233 quot-

286 2258 375 2305 quot
408 2251 467 2289 vel
502 2263 597 2288 nunc
638 2255 815 2298 exstant,
860 2249 920 2288 vel
963 2263 1114 2301 quorum
1155 2250 1199 2288 ad
1246 2263 1314 2288 nos
1354 2252 1530 2300 pervenit
1575 2251 1734 2298 notitia,
1777 2250 1927 2300 nullus,

287 2325 458 2373 quantum
491 2321 598 2364 scio,
630 2319 805 2370 antiquus
838 2320 1015 2357 inventus
1048 2323 1133 2365 est,
1166 2320 1226 2370 qui
1249 2318 1523 2369 opusculorum
1556 2319 1827 2371 carminumque
1858 2321 1928 2357 mi-

290 2403 416 2428 norum
449 2388 707 2427 collectionem
748 2391 818 2426 tam
857 2387 1002 2439 plenam
1043 2387 1206 2430 habeat,
1246 2387 1365 2439 qualis
1407 2391 1466 2426 est
1498 2388 1530 2425 in
1565 2388 1730 2426 editione
1761 2388 1930 2427 Romana

287 2459 480 2504 secunda,
523 2457 653 2495 nedum
686 2457 746 2508 qui
780 2456 910 2505 talem,
950 2456 1071 2508 qualis
1103 2456 1136 2494 in
1171 2455 1330 2493 Venetis
1363 2456 1488 2494 Rubei
1521 2460 1558 2494 et
1589 2455 1751 2494 Iensoni.
1813 2457 1929 2495 Anti-

289 2540 396 2579 quum
427 2525 488 2563 hic
520 2525 603 2563 dico
636 2537 738 2568 eum,
780 2538 886 2576 quem
917 2528 1004 2562 ante
1037 2526 1223 2562 inventam
1255 2528 1368 2561 artem
1402 2524 1719 2574 typographicam
1751 2525 1929 2575 scriptum

289 2608 378 2634 csse
410 2597 570 2633 constet.
632 2593 766 2632 Nullus
799 2594 858 2644 qui
890 2597 1041 2643 praeter
1074 2593 1214 2644 reliqua
1245 2592 1514 2643 complectatur
1545 2594 1652 2632 etiam
1680 2591 1807 2642 Cirin‚
1828 2594 1930 2631 Aet-

289 2678 392 2712 nam,
426 2663 636 2704 Catalecta.
697 2663 738 2701 In
772 2662 974 2700 Romanam
992 2663 1041 2701 11.
1074 2664 1192 2712 ipsam
1227 2674 1297 2699 non
1330 2674 1379 2699 ex
1413 2674 1483 2700 uno
1517 2661 1673 2714 quodam
1706 2661 1833 2699 codice
1856 2661 1931 2699 ista

290 2733 519 2772 confluxisse
551 2733 696 2779 omnia,
731 2732 797 2769 sed
832 2745 880 2769 ex
914 2732 1028 2769 variis
1062 2731 1276 2771 codicibus,
1313 2734 1495 2779 congesta
1529 2744 1616 2768 esse
1649 2733 1811 2768 constat.
1851 2730 1930 2767 Eo-

291 2803 447 2852 demque
479 2801 585 2839 modo
619 2801 827 2847 editiones,
867 2812 959 2851 quae
991 2804 1158 2848 auctam,
1201 2802 1287 2849 post
1324 2800 1523 2838 numnam
1557 2799 1777 2846 secundam,
1812 2797 1930 2835 colle-

292 2871 449 2907 ctionem
482 2870 701 2916 contineut,
747 2868 841 2906 haud
885 2868 995 2906 dubie
1029 2881 1098 2905 non
1132 2882 1179 2906 ex
1213 2881 1282 2906 uno
1316 2868 1467 2914 codIce,
1508 2869 1567 2919 qui
1615 2867 1676 2906 illa
1708 2867 1932 2905 continuerit

292 2939 437 2987 omnia,
471 2939 537 2977 sed
572 2952 621 2977 ex
653 2939 768 2976 variis
801 2938 1017 2984 codicibus,
1051 2950 1202 2988 quorum
1235 2950 1328 2975 unus
1356 2937 1471 2984 haec,
1497 2937 1591 2974 alius
1618 2935 1689 2974 alia
1707 2935 1931 2982 contineret,

293 3011 436 3046 auctam
470 3007 623 3047 habent.
696 3009 825 3060 ltaque
857 3009 918 3060 qui
958 3008 1079 3046 codex
1122 3011 1159 3046 et
1198 3006 1456 3046 collectionem
1498 3006 1692 3044 carminmn
1736 3004 1796 3052 ei,
1838 3017 1931 3055 quae
