2006 3365
435 137 505 176 DE
535 135 756 178 VIRGlLll
776 137 871 177 LlB.
905 135 1192 178 IUVENALIS
1223 134 1358 175 LUDI.
1625 134 1728 179 249

99 255 176 294 tota
206 251 251 290 ad
283 252 444 290 amasiae
468 251 610 302 Lydiae
641 253 881 291 amissionem
899 254 1060 302 spectat.
1121 252 1227 304 Quae
1257 249 1402 302 quidem
1431 246 1588 300 quanuis
1607 258 1725 295 egre-

93 321 161 371 gia
191 321 266 358 sint
296 322 334 358 et
365 319 572 366 luculenta,
607 325 726 360 tamen
759 334 883 359 eorum
916 321 1026 358 nitori
1059 320 1214 358 maxime
1245 318 1413 357 officiunt
1442 315 1595 364 menda,
1629 327 1724 367 quae

93 391 131 428 in
162 388 237 427 illis
270 389 400 427 iniuria
422 392 625 440 temporum
646 390 891 428 inoleuerunt.
952 389 1044 427 Nam
1075 388 1160 440 quid
1191 388 1246 426 eis
1267 388 1441 425 vetustas
1470 397 1543 423 non
1575 383 1724 429 nocuit,

92 470 199 510 quum
231 459 267 496 et
299 460 487 495 auctorem
519 470 666 509 quoque
696 453 927 497 abstulerit?
966 456 1044 495 Sed
1084 458 1122 494 et
1166 467 1233 493 nos
1264 453 1350 492 huic
1380 453 1565 504 poematio
1595 463 1722 504 parum

90 525 276 577 prodesse
307 538 526 575 possumus,
558 539 631 576 ope
662 526 839 564 bonorum
872 525 1039 564 codicum
1071 523 1256 562 destituti.

174 594 280 632 Ilaec
312 593 387 632 ille.
449 594 555 647 Quae
585 595 715 633 merito
748 595 782 632 in
813 593 1069 632 assensionem
1101 594 1213 643 atque
1244 591 1278 629 in
1311 589 1472 629 eamdem
1498 589 1722 628 sententiam

88 667 239 702 traxere
273 663 376 700 viros
406 663 585 701 cruditos.
649 662 697 701 Ut
727 662 885 701 Hieron.
910 660 1149 708 Columnam,
1182 659 1218 696 in
1251 658 1361 697 Ennii
1393 658 1540 707 Fragm.
1562 670 1600 708 p.
1627 658 1721 696 275.

87 731 145 770 ed.
184 730 337 769 llessel.
397 731 445 769 In
489 744 563 785 quo
606 744 747 782 yenere
786 732 981 781 eqreqiura
1020 728 1121 767 illud
1155 732 1380 780 poemate‘orz
1411 728 1720 777 scriptumest,

87 800 192 854 quod
223 812 305 838 cum
345 799 584 851 Vityilianis
617 799 763 850 leyitur
800 798 915 837 Dirae
947 799 1208 850 inscriptum,-
1247 798 1361 835 cuias
1394 784 1592 834 auctorem
1628 793 1720 833 Val.

84 869 274 908 Catonem
306 868 609 907 Grammctticzcm
638 868 776 919 fm‘sse
805 867 953 906 eruditi
983 866 1160 905 credant.
1220 865 1336 904 Mart.
1368 863 1420 902 A.
1444 862 1610 902 Delrium
1632 862 1720 900 Ad-

84 949 231 975 versar.
264 937 299 975 in
334 937 507 976 Senecae
537 936 658 988 Trag.
690 949 726 987 p.
763 938 829 974 4⁴.
870 941 1035 974 exstant
1066 938 1183 974 etlam
1214 933 1329 973 dirae
1361 932 1503 973 Ovidii
1534 933 1572 970 in
1603 930 1721 979 Ibin,-

80 1012 120 1045 et
137 1006 328 1053 Catonis,
361 1018 436 1044 non
466 1005 646 1057 Viryilii,
679 1008 718 1044 in
737 1005 876 1043 Arium
896 1005 1170 1043 centurionem.
1233 1001 1506 1050 Salvagnium,
1538 1001 1573 1038 in
1601 998 1718 1039 Ovid.

82 1074 164 1113 Ibin
196 1073 414 1122 Prolegom.
448 1072 543 1125 Cap.
581 1073 631 1112 ΙΙ.
673 1075 872 1125 eyreqium
910 1072 1012 1112 illud
1052 1072 1307 1120 Poemation,
1349 1072 1463 1109 cuius
1506 1069 1719 1107 Auctorem

79 1157 174 1183 esse
212 1142 412 1182 Valerium
433 1143 620 1182 Catonem
647 1144 952 1182 Grammaticnm
979 1143 1305 1195 perspicaciores
1337 1140 1580 1179 existimant.
1612 1136 1716 1176 Add.

79 1211 217 1250 laudati
254 1212 446 1259 Arnoldo,
486 1213 644 1262 Proleg.
684 1213 719 1250 in
758 1211 894 1260 Diras,
927 1211 1023 1250 Dan.
1066 1210 1267 1258 Heinsius,
1308 1208 1562 1247 Passeratius·
1622 1205 1715 1244 Item

78 1281 277 1320 Acidalius
308 1281 479 1320 Divinat.
513 1282 547 1320 ln
580 1281 702 1320 Plaut.
728 1281 812 1320 Mil.
843 1293 879 1331 p.
897 1281 992 1319 278.
1017 1279 1137 1318 Thes.
1171 1279 1252 1317 crit.
1286 1276 1394 1317 Grut.
1426 1276 1474 1316 T.
1497 1274 1566 1316 VI.
1600 1275 1649 1315 G.
1682 1274 1714 1312 Ι.

76 1350 243 1389 Vossius
289 1350 335 1389 de
381 1354 463 1388 arte
501 1349 699 1389 Grammat.
742 1348 791 1388 ΙΙ.
834 1361 1035 1399 xxv11.p.
1079 1350 1171 1386 274.
1213 1346 1413 1387 Valerium
1452 1346 1641 1385 Catonem
1673 1344 1711 1382 in

76 1418 197 1458 Diris
230 1418 355 1457 laudat
385 1418 587 1471 aliquoties
631 1418 676 1458 C.
709 1417 887 1457 Bartliius
924 1418 959 1455 in
999 1417 1317 1456 Adversariorum
1358 1415 1487 1464 libris,
1526 1413 1594 1452 sed
1633 1412 1717 1464 ple-

79 1499 229 1539 rumque
261 1500 340 1525 cum
372 1488 501 1526 nescio
532 1500 603 1539 qua
634 1487 888 1535 dubitatione,
921 1489 959 1525 ut
982 1485 1109 1524 XVII.
1144 1500 1200 1523 XI.
1260 1485 1292 1523 E
1324 1482 1596 1522 recentioribus
1616 1480 1717 1521 Cor-

79 1557 151 1594 tius
183 1556 416 1596 dubitanter:
467 1557 570 1596 Cato
618 1557 752 1597 Valer.
791 1559 881 1596 sive
921 1558 1009 1610 quis
1049 1555 1159 1594 alius
1199 1558 1362 1602 auctor,
1404 1554 1444 1590 in
1473 1552 1622 1591 Diris:
1668 1550 1716 1589 ad

78 1625 221 1665 Lucan.
262 1625 328 1663 ΙΙΙ.
374 1627 466 1663 127.
537 1626 781 1673 Dissensum,
822 1637 900 1663 cum
941 1624 1089 1662 caussis
1130 1622 1398 1671 dissensionis,
1447 1632 1575 1669 nemo,
1618 1619 1714 1672 quod

77 1695 212 1742 sciam,
238 1693 460 1732 declaravit.
511 1693 630 1733 Plene
657 1694 912 1732 assentiuntur
933 1692 1135 1741 Scaligero
1161 1692 1191 1730 1.
1215 1690 1274 1730 Fr.
1301 1689 1542 1736 Gronovius,
1562 1687 1715 1728 Brouk-

76 1761 234 1810 husius,
269 1761 557 1801 Wakefieldius.
619 1762 689 1817 Qui
735 1774 828 1800 vero
876 1762 1025 1800 edidere
1056 1760 1196 1808 Diras,
1235 1759 1321 1798 inde
1351 1771 1373 1797 a
1405 1757 1586 1807 pithoeo,
1617 1769 1714 1795 non-

77 1831 188 1869 nullis
229 1833 427 1882 exceptis,
475 1832 535 1884 qui
576 1832 728 1884 antiqua
768 1829 997 1881 exemplaria
1030 1818 1210 1880 'repetere
1250 1829 1332 1867 sine
1372 1827 1576 1865 mutatione
1621 1826 1715 1864 satis

77 1898 266 1949 habuere,
309 1905 346 1938 ut
383 1901 555 1949 Lugdun.
596 1900 648 1938 A.
693 1898 841 1950 Gryph.
886 1902 1029 1947 1592„
1063 1900 1178 1948 igitur
1209 1897 1415 1945 Pithoeus,
1447 1894 1712 1942 Boxhornius,

78 1968 302 2016 Dillierrus,
347 1969 563 2017 Arnoldus,
604 1969 835 2007 Burmannus
866 1967 956 2007 Sec.
991 1980 1069 2007 cum
1101 1967 1149 2006 N.
1182 1966 1366 2015 Heinsio,
1406 1963 1713 2011 Wernsdortius,

78 2035 346 2085 Eielistadius,
382 2036 605 2084 Putseliius‚
643 2049 799 2083 omnes,
843 2036 1082 2086 Scaligerum
1113 2035 1262 2088 sequuti
1292 2036 1392 2072 sunt.
1452 2034 1582 2084 Atque
1614 2032 1715 2071 Sca-

79 2104 236 2153 ligernm
271 2105 306 2143 in
339 2118 406 2143 sua
437 2106 511 2143 sihi
544 2106 729 2144 sententia
761 2106 1005 2153 constitisse,
1038 2117 1087 2143 ex
1120 2104 1449 2153 Castigationibus
1481 2101 1646 2141 eiusdem
1679 2102 1715 2139 in

79 2173 218 2213 Catull.
251 2187 286 2224 p.
306 2177 371 2212 52.
405 2174 438 2212 in
471 2175 578 2212 istum
611 2173 729 2213 locum
763 2174 797 2214 O
827 2189 906 2214 rem
935 2173 1145 2212 ridiculam
1176 2172 1303 2222 Cato,
1336 2171 1596 2221 cognoscitur,
1630 2170 1713 2208 ubi:

79 2244 183 2282 Calo
217 2244 294 2281 isle
325 2249 441 2281 (tritor
471 2243 686 2292 Damam,
731 2249 775 2283 vt
806 2257 878 2283 sno
910 2243 996 2282 loco
1026 2242 1285 2281 ostendimus.
1346 2241 1395 2279 Et
1425 2242 1597 2291 profecto
1630 2239 1714 2291 quid

80 2315 217 2349 certum
250 2311 284 2348 in
316 2310 375 2349 his
407 2312 547 2350 nostris
590 2311 727 2351 litteris
759 2313 853 2361 erit,
894 2313 926 2350 si
964 2310 1039 2350 hoc
1070 2323 1142 2349 non
1174 2312 1224 2350 sit
1255 2306 1422 2349 certum?
1482 2308 1622 2347 Verum
1654 2307 1716 2346 ille

78 2378 250 2417 breviter
290 2391 500 2428 proponere
538 2392 639 2418 suam
680 2381 904 2420 sententiam
951 2382 1044 2419 satis
1083 2379 1227 2419 habuit.
1296 2379 1379 2418 Nos
1412 2391 1505 2430 quae
1538 2377 1716 2426 Scaliger

79 2460 186 2499 quum
217 2448 375 2485 sentiret
406 2448 637 2498 rectissime,
669 2449 864 2488 sentienda
901 2450 1025 2488 itidem
1058 2449 1140 2487 aliis
1171 2449 1348 2501 reliquit,
1380 2448 1511 2486 verbis
1543 2445 1715 2485 declara-

77 2516 198 2555 bimus
233 2516 339 2554 Diss.
372 2515 420 2553 ll.
453 2521 492 2555 ct
521 2517 627 2555 Diss.
660 2517 728 2557 ΙΙΙ.
790 2519 887 2558 Sunt
917 2522 1037 2558 autem
1076 2519 1170 2557 duo:
1202 2519 1378 2569 primum,
1421 2529 1514 2568 quae
1546 2516 1579 2553 in
1613 2515 1715 2553 Diris

78 2587 191 2636 poeta
223 2585 268 2622 de
301 2586 387 2623 satis
419 2586 497 2623 suis
525 2586 698 2638 vitaeque
725 2588 934 2627 rationibus
960 2588 1108 2638 prodit,
1143 2587 1264 2626 omnia
1296 2587 1499 2625 convenire
1529 2597 1607 2623 cum
1626 2583 1716 2622 fatis

78 2665 123 2692 ac
154 2654 233 2691 vita
266 2651 446 2701 Catonis,
479 2652 619 2705 qualem
652 2667 701 2693 ex
724 2655 906 2695 Suetonio
939 2657 1131 2705 novimus3
1163 2655 1340 2704 alterum,
1373 2665 1452 2692 eum
1478 2665 1567 2692 esse
1584 2651 1715 2703 poesis

79 2723 116 2761 in
146 2723 250 2761 Diris
282 2722 443 2761 colorem
475 2726 586 2774 atquc
619 2722 806 2773 habitum,
839 2728 877 2763 ut
909 2726 1017 2764 unice
1049 2723 1208 2764 Catonis
1241 2724 1442 2763 conveniat
1473 2722 1600 2761 aetati.

164 2792 302 2831 Verum
344 2796 538 2842 antequam
579 2791 664 2831 illuc
703 2795 1010 2844 progrediamur,
1052 2794 1150 2832 Frid.
1191 2793 1357 2832 lacohsii
1389 2790 1614 2831 celebranda
1645 2788 1714 2828 ob-

81 2862 248 2900 servatio
267 2864 347 2910 est,
382 2864 471 2912 post
496 2859 688 2910 Scaligeri
719 2862 909 2902 inventum
940 2864 1182 2913 gravissima.
1244 2857 1370 2915 Quid?
1401 2860 1497 2913 quod
1530 2871 1574 2897 ea
1605 2859 1715 2897 etiam

81 2931 202 2979 magis
233 2934 358 2979 certa,
392 2931 423 2968 si
455 2931 545 2980 pote
577 2929 678 2978 lieri,
723 2942 827 2981 (luam
859 2932 1078 2972 observatio
1111 2931 1301 2982 Scaligcri
1341 2932 1413 2969 est.
1473 2928 1578 2967 Vera
1617 2928 1714 2967 enim

81 3002 267 3050 maneret,
308 2999 473 3046 etiamsi,
515 2997 613 3051 quod
654 3001 773 3038 tamen
811 3011 884 3039 non
916 3001 1212 3053 exspectandum
1256 3003 1316 3040 est
1362 3001 1400 3038 ut
1427 2998 1514 3048 fiat,
1555 2997 1715 3037 dubitari
