2006 3365
491 156 546 196 NI
577 155 803 198 VALERII
838 154 1078 196 CATONIS
1109 154 1380 196 ECLOGAM.
1644 155 1745 199 185

106 274 142 311 in
170 271 453 320 Scaligeranis‚
486 270 655 320 pithoei,
687 271 808 321 Lugd.
843 274 962 310 1592.
992 275 1030 310 et
1062 270 1347 310 recentioribus.
1406 269 1454 308 Et
1480 267 1514 306 in
1542 266 1743 305 Basileon-

106 353 183 379 sem
215 340 359 392 quidem
393 340 500 378 istam
540 352 613 378 non
645 341 717 378 nisi
758 352 904 388 errore,
942 341 1009 378 sed
1042 339 1167 388 felici,
1206 338 1292 377 illud
1326 338 1481 376 venisse
1511 335 1744 386 suspiceris,

105 409 190 461 quia
228 408 277 446 ibi
320 407 460 456 legitur
501 409 581 447 sine
620 409 858 447 ‹listinctione
889 408 942 446 H.
977 422 1014 461 q.
1051 413 1259 460 praetereo
1298 413 1427 446 uotum
1457 405 1521 444 M.
1562 418 1601 443 a.
1663 402 1741 442 Sed

105 477 168 516 illa
209 479 287 515 sere
318 480 443 515 aetate
475 478 664 515 inventum
696 477 813 514 fuisse
844 489 865 514 a
898 478 981 514 viro
1013 476 1124 514 docto
1154 481 1386 527 praetereo,
1418 488 1467 513 ex
1499 486 1543 512 eo
1576 471 1741 520 collIgo,

105 545 199 597 quod
235 545 400 593 Pierius,
445 545 503 584 vel
537 546 707 598 quisquis
739 544 802 582 ille
834 545 922 593 sint,
967 544 1174 582 Burmanno
1206 546 1325 584 teste,
1365 549 1574 596 praetereo
1614 547 1744 580 notum

105 614 316 653 Minoidos
348 614 616 664 adscrIpserat.
672 619 887 665 praeterea
927 611 988 649 vel
1018 618 1225 663 preterea,
1267 612 1503 659 pateamus,
1552 611 1667 649 Voss.
1710 609 1741 647 l.
1774 630 1777 631 ν

104 683 136 722 si
167 684 193 721 f.
233 697 265 722 s.
305 682 408 721 Leid.
453 682 599 721 'I'huan.
633 683 802 730 August.
838 683 875 718 et
917 681 1054 718 caeteri
1095 681 1189 728 mei,
1234 681 1393 731 itemque
1448 678 1537 717 editi
1588 682 1743 717 veteres

104 764 245 790 omnes.
308 751 350 790 In
392 752 558 790 Ascens.
599 750 630 789 1.
663 748 813 788 11.111.
847 746 989 787 Cronll.
1030 747 1153 797 bugd.
1202 751 1319 786 1529.
1361 747 1459 785 Ven.
1506 750 1622 785 1555.
1661 759 1741 785 cum

103 819 175 859 hac
213 821 477 859 distinetione:
518 818 756 859 mortalibus
797 817 883 856 illis
914 816 1032 855 Haec
1065 829 1248 870 qnoque:
1279 822 1495 869 praeterea
1534 829 1572 853 n.
1608 815 1668 854 M.
1701 827 1741 852 a.

104 901 256 940 eamque
290 889 566 927 distinctionem
598 888 742 925 vetusti
775 885 915 924 codicis
950 886 1179 923 auctoritate
1211 885 1397 935 probabat
1431 884 1649 923 Scriverius
1679 895 1741 933 ap.

102 958 225 996 Burni.
289 963 426 996 motum
453 957 586 995 petav.
613 954 759 994 Thuan.
788 953 929 992 Medic.
958 954 1079 992 Paris.
1112 954 1159 992 11.
1194 954 1263 993 IV.
1293 954 1461 1002 August.
1492 958 1594 991 motu
1621 950 1740 1000 Angl.

100 1027 296 1067 minosdus
329 1025 478 1064 Thuan.
511 1024 650 1063 Medic.
684 1023 788 1062 Leid.
821 1022 930 1061 Paris
963 1022 1013 1062 ΙΙ.
1054 1023 1123 1061 Ill.
1167 1022 1233 1061 IV.
1272 1024 1441 1071 August.
1531 1020 1740 1073 nzinoydus

102 1095 223 1144 Angl.
292 1095 486 1134 minoidos
518 1094 653 1132 Petav.
685 1092 790 1131 Mon.
824 1092 854 1130 Ι.
886 1091 935 1131 lI.
1011 1092 1213 1131 fflinoidis
1246 1091 1334 1129 editi
1369 1091 1453 1129 inde
1483 1102 1505 1128 a
1536 1089 1738 1137 Romanis,

103 1177 181 1203 cum
214 1165 303 1202 Bas.
337 1162 494 1201 Vratisl.
536 1161 585 1200 ΙΙ.
619 1161 737 1200 Voss.
779 1161 826 1199 Il.
869 1164 906 1199 et
949 1160 1020 1199 hoc
1057 1161 1153 1211 apud
1189 1160 1427 1210 Pomponium
1461 1159 1638 1198 Sabinum
1680 1158 1738 1197 le-

101 1234 227 1282 gitur:
259 1232 328 1271 sed
356 1233 564 1270 restitutum
594 1230 802 1270 Minoidos
830 1230 863 1268 in
894 1229 1059 1279 Virgilio
1088 1229 1198 1278 Alai,
1224 1229 1341 1268 Taur.
1367 1227 1534 1267 Aldinis.
1557 1227 1606 1266 al.
1663 1227 1737 1265 Pro

102 1302 219 1341 Haec
251 1315 405 1355 quoque
443 1301 477 1338 in
517 1300 691 1340 Parisino
723 1299 793 1338 IV.
826 1299 916 1338 Nee
956 1312 1067 1352 quom
1098 1298 1254 1347 legitur.
1328 1303 1508 1335 anstrum
1540 1296 1646 1335 Vrat.
1681 1295 1709 1334 Ι.

188 1368 385 1410 Caeterum
424 1369 484 1407 hic
524 1368 630 1407 locus
670 1368 799 1406 similis
840 1368 1101 1419 praecedenti,
1146 1381 1249 1420 quae
1292 1367 1425 1405 dicere
1464 1366 1618 1417 lonqum
1660 1371 1738 1404 est.

103 1439 196 1479 Nam
228 1439 356 1477 dicere
388 1441 424 1476 te
449 1437 584 1490 aliquid
613 1438 820 1487 praeterire
845 1440 1024 1488 tamquam
1056 1439 1204 1484 notum,
1239 1438 1277 1474 et
1307 1439 1426 1473 tamen
1452 1433 1623 1485 exempla
1645 1446 1736 1483 pro-

105 1520 269 1559 ponere,
303 1508 439 1559 quihus
467 1506 554 1544 illud
586 1510 710 1544 notum
742 1518 830 1544 esse
862 1505 1120 1551 demonstres,
1154 1504 1188 1542 id
1220 1504 1377 1542 ieiunum
1406 1506 1484 1553 est,
1518 1505 1556 1541 et
1587 1502 1741 1540 demon-

105 1577 277 1616 strationi
309 1575 596 1627 philosophicae
627 1573 713 1623 vel,
746 1577 784 1613 ut
814 1573 908 1612 haec
938 1586 1019 1611 mea
1050 1575 1129 1621 est,
1162 1572 1439 1623 philologieae‚
1480 1571 1603 1621 magis
1636 1583 1742 1623 quam

104 1646 214 1697 poesi
246 1645 490 1683 conveniens.
551 1643 699 1682 Deinde
729 1646 843 1693 poeta
875 1642 1120 1680 eruditionem
1152 1642 1333 1680 affectans
1351 1641 1562 1680 Minoidos
1590 1647 1745 1679 astrum

106 1713 220 1762 dicit,
253 1712 420 1764 prolepsi
453 1725 524 1751 non
549 1713 642 1750 satis
667 1714 768 1762 apta.
831 1710 948 1764 Quum
975 1710 1164 1749 Theseum
1192 1710 1446 1762 sequebatur,
1479 1710 1525 1748 de
1551 1722 1622 1761 quo
1647 1711 1741 1747 tem-

104 1795 197 1834 pore
229 1782 391 1834 loquitur
423 1781 543 1828 Cato,
576 1780 730 1819 nondum
764 1783 845 1818 erat
876 1780 910 1818 in
943 1780 1057 1818 astris
1089 1779 1269 1819 Ariadne.

192 1851 238 1891 C.
279 1865 314 1891 s.
351 1852 490 1903 fuerat
528 1850 762 1889 mortalibus
809 1850 896 1888 illis
936 1849 1030 1887 Huic
1070 1862 1234 1903 quoque.
1271 1854 1482 1901 praetereo
1523 1849 1597 1887 etc.
1645 1848 1742 1886 coni.

106 1919 239 1958 Heius.
300 1920 389 1960 Nec
421 1933 575 1974 quoque
601 1925 810 1971 praetereo
843 1919 941 1957 coni.
973 1918 1102 1967 Sillig.

193 2056 243 2096 V.
272 2061 337 2096 50.
363 2056 497 2106 (153.)
518 2065 738 2107 QUAEQUE
760 2065 906 2098 vunnu
926 2063 1070 2097 vinc-o
1085 2064 1222 2098 sleuT
1244 2063 1446 2097 CAPTWA
1470 2062 1685 2105 SEQUU'PA
1703 2062 1742 2095 E.

111 2127 233 2165 Docta
257 2127 509 2172 obscuritate,
544 2124 604 2164 vel
633 2125 760 2175 potius
778 2124 988 2163 brevitate:
1022 2136 1101 2162 nam
1128 2123 1326 2162 obscurum
1351 2124 1506 2171 nemini,
1540 2123 1600 2174 qui
1633 2121 1743 2172 paul-

111 2195 219 2234 lulum
248 2195 421 2242 cogitare
451 2193 636 2240 voluerit,
669 2193 789 2230 videri
822 2196 970 2242 potest,
1004 2205 1108 2244 quam
1140 2191 1298 2242 puellam
1330 2191 1533 2241 intelligat.
1596 2190 1741 2229 111ῑυίΙί-

110 2265 169 2314 git
202 2263 409 2305 Medeam.
443 2275 514 2315 qua
545 2262 642 2300 nulla
675 2261 796 2312 puella
828 2262 1023 2311 cupidius,
1067 2261 1166 2299 nulla
1198 2272 1276 2299 cum
1308 2261 1436 2298 maiori
1467 2260 1648 2308 levitate,
1680 2262 1742 2298 at-

112 2346 184 2386 que
202 2333 351 2379 domus,
374 2333 538 2382 patriae,
566 2335 756 2382 parentum
782 2330 999 2379 oblivione,
1025 2331 1142 2368 virum
1173 2330 1434 2381 peregrinum,
1460 2330 1649 2377 ignotum,
1673 2341 1741 2366 se-

113 2404 227 2455 quuta
258 2404 330 2440 est.
392 2401 487 2440 Hinc
517 2401 552 2438 in
593 2399 833 2450 proverbium
875 2399 1014 2438 Medea
1043 2399 1151 2437 abiit.
1192 2396 1266 2448 τῆς
1296 2393 1579 2447 ξεινοβάκχης
1611 2397 1743 2447 Lyco..

112 2470 207 2522 phro
250 2486 287 2507 v.
324 2472 414 2507 175.
457 2465 673 2517 α’λήτιὸος,
726 2467 786 2506 vel
829 2465 1060 2517 ὀλήμονος,
1103 2464 1314 2516 Αἰητιίἠς
1345 2467 1556 2516 Dionysius
1590 2466 1740 2514 Perieg.

115 2543 209 2579 490.
242 2541 432 2592 sequacis
465 2538 560 2588 apud
595 2538 851 2588 Propertium:
884 2537 954 2577 1V.
987 2553 1025 2576 v.
1059 2539 1126 2575 41.
1159 2537 1247 2576 Nec
1278 2544 1316 2576 te
1344 2535 1518 2576 Medeae
1549 2536 1743 2574 delectent

112 2608 261 2661 probra
293 2610 497 2660 sequacis.
558 2606 713 2645 Nonnus
753 2603 1006 2654 λιπσὶπατριν
1035 2605 1202 2657 appellat
1234 2604 1391 2655 puellam
1430 2604 1663 2651 istiusmodi,
1706 2606 1744 2641 ut

116 2677 306 2716 Ariadnen
329 2674 487 2714 XLVII.
514 2678 606 2713 270.
636 2677 730 2714 354.
763 2688 834 2727 quo
861 2674 1047 2714 vocabulo
1073 2676 1181 2713 etlam
1205 2675 1252 2712 de
1277 2674 1427 2724 Europa
1452 2674 1565 2711 utitur
1590 2674 1621 2711 1.
1651 2675 1742 2710 131.

117 2749 156 2784 et
181 2745 226 2783 de
256 2744 453 2784 Harmonia
481 2742 549 2782 IV.
579 2746 643 2781 ⁴1.
664 2746 758 2782 222.
782 2742 922 2783 XLVI.
948 2746 1043 2783 365.
1069 2744 1103 2781 in
1129 2755 1222 2795 quas
1252 2755 1322 2780 non
1348 2742 1447 2780 cadit
1473 2742 1624 2792 proprie
1648 2752 1741 2777 con-

117 2815 265 2853 vicimn.
334 2813 536 2851 Praeterea
579 2812 767 2850 Ariadnen
809 2813 906 2851 idem
939 2810 1185 2860 ἁνὸρομανῆ
1227 2812 1317 2849 dicit
1354 2809 1518 2849 XLVII.
1559 2807 1652 2845 514.
1693 2821 1742 2846 ex

119 2884 377 2921 emendatione
417 2880 567 2919 Graetii.
608 2877 684 2915 τάν
724 2878 988 2929 λιποπάτορα
1028 2876 1265 2929 λιπόγαμόιν
1296 2876 1356 2924 θ’,
1400 2878 1577 2917 Helenam
1614 2876 1741 2927 Eurip.

120 2950 249 2990 Orest.
287 2952 403 2989 1305.
465 2949 523 2987 De
554 2949 690 2988 Medea
722 2949 826 2989 locos
858 2962 1067 2999 congerere
1097 2949 1170 2988 huc
1206 2950 1440 3000 pertinentes
1474 2945 1561 2984 nihil
1593 2945 1742 2986 attinet.

120 3018 261 3059 Verbis
293 3018 430 3059 Catoni
463 3018 725 3071 quodammodo
756 3018 886 3058 similis
917 3019 1139 3071 Propertius
1172 3017 1219 3057 II.
1254 3031 1400 3055 xxxiv.
1431 3018 1470 3054 8.
