2006 3365
284 114 385 158 266
885 105 1244 146 DISSERTATIO
1288 105 1337 144 11.

285 224 444 265 Catonis
475 223 599 260 aetate
629 221 833 272 scriptum,
865 222 901 260 in
933 223 1100 260 furentes
1130 222 1243 272 atque
1274 221 1504 270 importunos
1535 219 1757 259 creditores.
1804 217 1919 271 Quam

284 296 420 345 postea
452 293 582 329 contra
612 289 642 329 Ι.
675 290 735 329 Fr.
768 289 1023 338 Gronovium,
1058 291 1118 342 qui
1151 301 1230 328 eam
1262 289 1393 327 merito
1426 288 1755 339 reprehendisset,
1786 287 1920 327 defen-

285 360 439 399 dendam
469 359 662 409 suscepit,
694 359 818 410 Epist.
842 372 879 409 p.
902 362 967 397 41.
987 371 1070 411 sqq.
1104 357 1389 397 Wernsdorfius
1419 361 1538 396 autem
1563 370 1600 408 p.
1624 372 1766 396 xnvm.
1792 369 1922 407 agrum

285 427 466 477 Catonis,
497 440 604 479 quem
636 428 809 466 amissum
841 428 1009 466 devovet
1040 428 1163 471 Diris,
1212 426 1282 465 hac
1313 427 1397 477 ipsa
1427 427 1587 475 regione
1618 430 1923 464 commemoratae

286 510 308 536 a
339 496 522 536 Suetonio
546 495 661 534 villae
681 495 920 535 Tusculanae
944 496 1190 549 quaerendum
1211 507 1300 534 esse
1324 495 1529 534 iudicabat.
1593 494 1642 534 Ut
1659 494 1750 533 villa
1771 494 1923 533 'ruscu-

285 566 393 615 lana,
426 565 458 603 si
492 568 596 604 recte
626 566 796 616 percipio
827 568 983 604 mentem
1016 564 1286 609 Wernsdorfii‚
1337 562 1517 615 reliquiae
1555 563 1692 602 fuerint
1722 562 1807 601 olim
1838 562 1922 601 lon-

286 636 375 685 gius
406 635 629 686 patcntium,
671 635 739 673 sed
780 638 1044 685 occupatorum
1085 634 1276 672 maximam
1321 636 1463 684 partem
1494 646 1516 672 a
1546 632 1724 671 militibus
1757 631 1926 671 Sullanis

289 703 446 744 Catonis
473 716 663 753 agrorum.
724 703 830 756 Quae
861 707 921 742 est
952 704 1167 742 coniectura
1198 714 1266 753 per
1297 715 1340 741 se
1372 702 1514 740 minime
1545 701 1826 740 contemnenda.
1859 700 1926 739 Sic

287 772 441 812 Tibullo
472 785 567 821 ager
599 784 669 810 non
702 775 804 810 totus
836 774 1011 822 ereptus,
1052 770 1120 809 sed
1154 769 1398 809 vehementer
1429 771 1604 809 concisus
1636 771 1717 808 fuit.
1779 771 1826 809 Et
1857 768 1926 810 Ci-

288 853 376 880 cero
407 841 454 880 ad
485 841 672 892 Papirium
704 841 857 880 Pactum
892 840 1011 890 Epist.
1045 840 1114 878 lx.
1148 854 1248 877 xvu.
1282 851 1389 891 quum
1420 837 1637 877 Tusculano
1675 839 1823 888 metuit,
1855 851 1927 877 non

288 911 439 956 metuit,
473 923 518 949 ne
550 913 662 949 totum
696 910 892 960 eripiatur,
935 910 1001 947 sed
1035 909 1128 958 hoc,
1170 921 1216 947 ne
1247 908 1371 960 aliqua
1403 908 1459 946 sui
1492 910 1600 958 parte
1633 907 1927 946 circumcidatur.

289 979 517 1018 Adscribam
550 978 690 1028 locum,
723 990 794 1030 quo
826 978 978 1029 penitus
1010 980 1288 1027 cognoscatur,
1322 980 1481 1029 quantus
1507 979 1580 1015 tum
1611 977 1780 1027 perticae
1810 981 1930 1015 metus

289 1048 403 1086 fuerit
434 1048 541 1086 etiam
573 1047 669 1098 apud
702 1059 795 1094 eos,
830 1047 890 1097 qui
922 1045 1054 1084 nullam
1086 1045 1313 1095 singularem
1345 1045 1493 1084 timendi
1526 1058 1694 1084 caussam
1727 1045 1929 1084 habebant.

297 1116 489 1156 Veientem
521 1116 673 1168 quidem
705 1129 841 1167 ayrum
871 1122 910 1153 et
939 1115 1183 1167 Capenatem
1212 1116 1436 1153 metiuntur.
1467 1115 1541 1153 hoc
1570 1128 1647 1153 non
1676 1114 1792 1165 lonqe
1815 1114 1932 1153 abest

291 1198 317 1224 a
346 1186 589 1224 Tusculano.
650 1184 768 1224 Nihil
797 1190 926 1223 tamen
952 1187 1088 1222 timeo:
1118 1183 1257 1234 fruor,
1290 1183 1377 1221 dum
1403 1183 1528 1234 licec;
1560 1189 1673 1236 opto,
1707 1189 1749 1222 ut
1780 1196 1933 1236 semper

292 1254 430 1293 liceat.
491 1253 616 1292 Nobis
646 1265 743 1302 ager
775 1251 860 1301 ille,
894 1254 932 1290 ut
962 1252 1199 1297 dictumest,
1232 1252 1267 1289 in
1286 1250 1409 1290 Gallia
1441 1252 1558 1290 fuisse
1579 1252 1746 1301 videtur3
1779 1250 1931 1290 Tuscu-

292 1323 410 1362 lanam
443 1335 536 1361 vero
568 1322 693 1361 villam
726 1325 862 1372 postea
900 1320 1155 1372 acquisivisse
1196 1318 1314 1367 Cato,
1356 1320 1441 1358 sive
1479 1319 1743 1371 discipulorum
1783 1331 1932 1358 suorum

293 1392 356 1431 vel
389 1392 623 1431 Maecenatis
653 1390 810 1429 alieuius
842 1389 1092 1435 liberalitate,
1126 1390 1232 1438 sive,
1264 1388 1361 1440 quod
1393 1387 1534 1437 malim,
1578 1391 1732 1428 servata
1762 1401 1812 1427 ex
1843 1401 1931 1427 nau-

293 1462 418 1510 fragio
450 1460 663 1511 patrimonii
705 1460 762 1497 sui
806 1458 980 1509 pecunia.
1043 1458 1241 1498 Caeterum
1281 1469 1386 1509 quam
1425 1469 1471 1495 ea
1507 1456 1599 1496 villa
1640 1457 1761 1508 ampla
1799 1458 1931 1505 suerit,

292 1534 355 1568 aut
388 1542 458 1567 non
490 1527 630 1579 ampla,
671 1529 849 1566 incertum
890 1530 974 1565 est:
1017 1528 1137 1577 potuit
1177 1527 1284 1564 etiam
1324 1527 1466 1576 exigua
1509 1529 1547 1566 et
1584 1525 1696 1564 valde
1727 1538 1813 1564 cara
1845 1538 1933 1564 esse

294 1598 428 1638 Catoni
455 1600 605 1645 nostro,
637 1599 675 1635 et
698 1595 868 1644 multum,
901 1609 1007 1647 quum
1041 1608 1085 1633 ca
1117 1595 1319 1633 cedendum
1353 1595 1606 1634 creditoribus
1630 1599 1758 1643 esset,
1791 1593 1933 1633 doloris

293 1667 439 1706 afferre.
512 1665 587 1705 Sed
628 1666 695 1703 iam
735 1665 782 1703 de
819 1663 966 1704 Catone
1003 1664 1203 1702 videndum
1244 1665 1524 1703 Grammatico.
1594 1662 1654 1702 Ac
1685 1665 1801 1714 primo
1833 1663 1930 1715 quod

293 1735 418 1787 paullo
451 1739 538 1774 ante
570 1735 647 1773 dixi
679 1733 857 1773 Catonem
891 1733 1055 1778 Romae,
1097 1733 1201 1783 prius
1233 1745 1338 1785 quam
1371 1733 1545 1781 doceret,
1577 1732 1755 1770 didicisse
1786 1731 1933 1771 litteras

295 1804 531 1853 accuratius,
564 1815 637 1841 non
669 1806 810 1842 temere
842 1802 934 1839 dixi.
995 1801 1139 1840 Refero
1171 1802 1215 1840 ad
1248 1801 1318 1841 hos
1350 1814 1468 1840 annos
1500 1802 1598 1854 quod
1631 1802 1838 1841 Suetonius
1875 1799 1934 1839 lll.

297 1872 456 1912 Gramm.
492 1888 531 1910 11.
563 1872 610 1910 ab
643 1872 726 1922 ipso
758 1869 903 1910 Catone
936 1871 1105 1909 traditum
1148 1873 1332 1919 testatur,
1373 1870 1505 1909 Lucilii
1543 1871 1680 1908 satiras
1710 1869 1806 1920 apud
1841 1867 1934 1908 Phi-

298 1940 475 1979 locomum
508 1941 654 1990 legisse
688 1939 874 1978 Valerium
908 1940 1101 1980 Catonem.
1174 1940 1289 1979 Simul
1330 1940 1426 1978 ratio
1459 1939 1649 1978 reddenda
1680 1942 1740 1977 est
1770 1950 1884 1988 supra
1914 1949 1936 1976 a

296 2023 354 2048 mc
386 2010 581 2049 exhibitae
613 2010 647 2048 in
680 2008 751 2048 hoc
783 2009 957 2048 Suetonii
990 2008 1072 2047 loco
1105 2009 1330 2059 scripturae.
1390 2006 1522 2057 Vulgo
1552 2007 1605 2045 ibi
1638 2007 1723 2046 sic:
1768 2014 1810 2046 ut
1840 2006 1934 2045 Lae-

298 2079 370 2118 lius
404 2079 638 2129 Archelaus,
672 2077 778 2127 (vel,
812 2079 908 2131 quod
934 2080 1042 2117 etiam
1071 2078 1203 2129 peius:
1239 2077 1433 2126 Laelius,
1461 2077 1728 2126 Archelaus)
1754 2075 1936 2125 Vectius,

299 2149 459 2201 Quintus
502 2147 741 2186 Philocomus
782 2148 937 2186 Lucilii
976 2149 1134 2186 satiras
1174 2147 1399 2198 familiaris
1440 2148 1532 2185 sui:
1574 2159 1678 2200 quas
1710 2144 1862 2195 leyisse
1892 2157 1939 2183 se

299 2223 372 2256 etc.
407 2219 446 2255 ut
476 2221 554 2255 tres
586 2217 661 2254 sint
692 2215 944 2254 Grannnatici.
1006 2216 1092 2264 Ego
1118 2229 1138 2253 e
1162 2215 1365 2264 Gronovii,
1396 2213 1673 2264 Oudendorpii,
1698 2213 1826 2252 Wolfii
1847 2225 1935 2252 scn-

300 2286 419 2326 tentia
450 2286 537 2323 sic:
572 2284 741 2323 Laelius
774 2285 1027 2333 Archelaus,
1077 2284 1317 2338 Vectiusque
1348 2282 1624 2331 Philocomus,
1666 2284 1739 2321 tum
1782 2283 1938 2332 propter

302 2368 369 2395 eas
400 2355 586 2401 rationes,
618 2366 711 2404 quas
743 2353 795 2392 illi
828 2353 1066 2402 habuerunt,
1108 2356 1181 2392 tum
1222 2355 1378 2403 propter
1423 2351 1542 2390 aliam.
1603 2350 1806 2390 Probabile
1851 2353 1936 2397 cst,

302 2436 346 2464 ac
378 2423 529 2461 videtur
559 2423 627 2460 iam
662 2422 790 2460 Dousa
822 2422 873 2460 ita
905 2423 1076 2460 sensisse
1107 2423 1151 2460 ad
1185 2421 1316 2460 Lucilii
1342 2422 1489 2470 Fragm.
1524 2434 1574 2459 ex
1605 2421 1759 2459 incertis
1789 2419 1935 2458 satirar.

301 2495 368 2534 lib.
402 2507 525 2531 ccxx.
559 2505 594 2542 p.
621 2494 716 2530 247.
749 2491 912 2529 cumdem
944 2503 965 2529 a
998 2491 1182 2530 Suetonio
1214 2489 1395 2529 hominem
1427 2490 1522 2535 dici,
1556 2489 1602 2529 de
1633 2502 1705 2542 quo
1737 2486 1937 2540 Quintilia-

303 2577 373 2603 nus
404 2562 434 2601 Ι.
456 2577 496 2610 v,
527 2564 593 2599 56.
626 2560 706 2599 ita:
744 2561 874 2598 Taceo
908 2561 957 2599 de
992 2560 1138 2599 Tuscis
1170 2567 1207 2599 et
1237 2559 1425 2608 Sabinis,
1459 2566 1496 2598 ec
1520 2558 1804 2598 Praenestinis
1839 2569 1937 2609 qao-

305 2645 415 2688 que:
447 2645 536 2671 nam
576 2637 618 2669 ut
666 2643 794 2669 eorum
838 2643 1013 2668 sermone
1060 2635 1224 2668 utentem
1264 2628 1438 2667 Vectium
1476 2627 1661 2667 Lucilius
1701 2628 1936 2664 insectatur.

304 2701 568 2741 Insectabatur
598 2701 718 2738 autem
750 2697 923 2736 Vectium
955 2697 1205 2737 Philocomum
1237 2696 1403 2736 Lucilius
1434 2709 1506 2735 non
1540 2695 1747 2743 violenter,
1779 2692 1846 2732 sed
1878 2693 1938 2731 io-

306 2782 419 2817 cose,
450 2771 490 2808 ut
521 2767 747 2807 familiarem.
823 2767 972 2805 Rursus
1011 2766 1174 2805 eumdem
1215 2766 1388 2805 Vectium
1420 2779 1441 2805 a
1472 2764 1658 2805 Cicerone
1689 2763 1793 2801 Brut.
1828 2776 1937 2801 vax.

305 2837 490 2888 intelligi,
531 2836 745 2876 coniectura
777 2838 858 2874 erat
888 2835 1058 2874 Deusac.
1119 2836 1324 2875 Praeterea
1363 2833 1624 2873 observandus
1663 2830 1759 2891 apud
1794 2830 1937 2870 Sueto-

306 2908 402 2946 nium
446 2907 576 2945 modus
617 2903 814 2956 loquendi,
858 2904 1008 2956 leqisse
1045 2905 1156 2956 apud
1191 2904 1454 2952 Archelaum,
1496 2901 1606 2954 apud
1641 2899 1936 2939 Philocomum:

306 2988 379 3029 quo
411 2975 506 3015 idem
537 2974 634 3013 inl'ra
664 2973 778 3013 utitur
808 2984 892 3024 cap.
915 2988 1030 3015 xxrv.
1058 2973 1235 3026 Leqcrat
1259 2976 1301 3013 in
1328 2972 1541 3026 provincia
1563 2968 1756 3023 quosdam
1780 2976 1937 3009 veteres
