2006 3365
243 161 347 207 382
848 155 1210 198 DISSERTATIO
1242 155 1311 198 IV.

247 273 333 322 (sic
349 274 520 323 Tabula)
554 274 657 313 Vere
686 274 781 312 rosa.
843 272 978 312 Obiter
1007 284 1137 311 moneo
1169 283 1242 310 non
1273 283 1420 322 semper
1451 273 1654 311 convenire
1675 272 1772 312 inter
1797 284 1883 311 car-

244 344 375 381 minum
408 342 675 392 inscriptiones
707 354 795 388 eas,
830 354 925 392 quae
956 342 992 379 in
1024 340 1172 379 Tabula
1204 340 1431 386 recitantur,
1465 344 1502 380 et
1533 340 1637 389 illas,
1671 353 1766 393 quae
1797 353 1884 379 car-

245 412 402 449 minibus
434 410 530 459 ipsis
562 410 755 460 praefixae
787 413 886 448 sunt.
949 410 1007 449 Ac
1048 408 1215 447 Romana
1254 408 1356 459 prior
1401 408 1512 459 plane
1544 410 1665 448 nullas
1697 409 1887 460 praefixas

244 479 340 529 ipsis
373 477 596 515 carminibus
638 479 904 529 inscriptiones
937 478 1075 525 habet,
1120 480 1224 516 certe
1269 478 1304 515 in
1347 477 1404 515 liis
1437 477 1654 528 Opusculis.
1728 477 1769 515 In
1802 478 1886 516 Ro-

244 559 348 584 mana
380 546 499 584 altera
518 544 643 585 Culex
674 545 770 585 lianc
804 547 1056 598 praepositam
1089 545 1223 584 babet:
1259 546 1300 584 P.
1321 545 1461 595 uirgilii
1494 546 1662 584 Maronis
1693 546 1737 584 ad
1766 545 1887 585 Octa-

243 615 340 652 uium
374 612 510 653 Culex.
574 614 691 653 Dirae
724 614 874 664 longam
908 615 1029 663 illam,
1074 627 1161 653 sero
1194 615 1403 664 inventam,
1437 628 1541 667 quam
1573 628 1640 653 suo
1673 614 1755 653 loco
1789 613 1888 653 vidi-

243 696 335 721 mus.
397 683 469 722 Vir
501 684 645 721 bonus:
686 684 729 722 P.
763 683 918 732 Virgilii
952 683 1137 721 Maronis.
1178 682 1248 720 Vir
1279 684 1414 722 bonus,
1476 681 1632 722 Carmen
1665 684 1712 721 de
1742 683 1886 721 Rosis:

243 751 286 789 P.
319 751 477 800 Virgilii
511 751 696 789 Maronis.
730 752 843 790 Rose.
907 750 1064 790 (larmen
1099 753 1144 790 ‹le
1170 752 1293 790 Musis
1326 764 1419 790 non:
1452 752 1498 790 de
1530 752 1720 790 Musarum
1752 752 1888 789 inven-

242 820 322 869 tis,
355 824 394 859 ut
434 823 494 859 est
532 821 566 858 in
607 820 779 868 Tabula,
824 820 924 858 sed:
970 820 1162 859 Musarum
1204 821 1348 859 nomina
1388 823 1420 859 ἁ
1451 820 1587 859 ostie-ia.
1649 820 1801 859 Aetnae
1832 821 1888 858 in-

243 889 487 939 scriptionem
520 902 608 928 esse
640 890 803 927 eamdem
837 890 1014 938 coniicio,
1049 902 1143 941 quae
1176 892 1235 928 est
1267 890 1301 927 in
1335 889 1419 928 cod.
1456 889 1693 927 Basileensi:
1728 890 1770 928 P.
1795 889 1890 928 Vir-

242 957 326 1007 gilii
358 957 529 996 Maronis
562 957 714 996 Aethna
754 957 844 1005 (vel
878 957 1032 1007 Aetna)
1067 972 1163 1010 quim
1195 959 1240 996 ab
1275 958 1462 1010 aliquibus
1496 955 1672 996 Cornelio
1704 957 1890 996 tribuitur.

245 1027 384 1078 qnippe
417 1027 516 1064 facta
548 1038 592 1064 ea
624 1016 844 1075 inscriptio,
878 1028 917 1064 ut
949 1027 1021 1064 ista
1054 1027 1087 1063 in
1125 1027 1258 1075 Diras,
1299 1029 1335 1064 et
1368 1028 1531 1064 sortasse
1574 1025 1699 1075 aliae,
1745 1026 1892 1064 videtur

243 1095 290 1132 ab
323 1094 510 1145 Episcopo
560 1094 780 1132 Aleriensi:
824 1097 861 1133 et
900 1093 992 1132 haec
1032 1095 1176 1146 quidem
1216 1095 1251 1132 in
1297 1095 1472 1133 bonorem
1516 1095 1736 1146 Pomponii,
1785 1095 1892 1133 cuius

245 1164 319 1202 ista
367 1164 554 1201 sententia
601 1163 692 1207 suit,
745 1175 835 1201 esse
888 1163 1050 1201 Aetnam
1091 1162 1270 1202 Cornelio
1312 1164 1462 1202 Severo
1508 1163 1754 1202 tribuendam.
1830 1162 1892 1201 Ad

242 1232 464 1282 Episcopum
498 1230 737 1269 Aleriensem
769 1233 891 1270 resero
925 1233 1034 1270 etiam
1071 1231 1237 1281 titulum,
1280 1244 1384 1283 quem
1428 1231 1535 1269 modo
1575 1232 1753 1280 vidimus,
1800 1231 1891 1269 Ele-

242 1301 331 1350 giae
363 1301 398 1338 in
431 1300 608 1339 Maccen.
642 1300 705 1338 ob.
770 1302 881 1352 atque
913 1299 1008 1339 lianc
1043 1301 1162 1338 fuisse
1196 1301 1382 1351 propriam
1409 1300 1590 1350 Episcopi
1621 1300 1890 1338 dubitationem

244 1381 415 1408 censeo:
448 1369 493 1407 ad
526 1381 630 1420 quam
663 1371 799 1418 postea
830 1369 1201 1408 accessitDomitius
1220 1367 1466 1417 Camerinus,
1502 1370 1593 1421 qui:
1626 1382 1701 1408 non
1732 1369 1891 1416 desmat,

244 1438 382 1489 inquit,
430 1439 497 1491 (μιί
528 1437 741 1476 Lactante'i
775 1438 967 1477 Firmiani
999 1452 1100 1491 opus
1136 1439 1286 1477 dicant.
1350 1439 1578 1489 Pomponius
1611 1452 1689 1478 eam
1723 1439 1894 1488 Elegiam

245 1506 411 1555 Virgilio
445 1506 646 1545 tribuebat.
708 1506 748 1544 In
782 1507 865 1544 cod.
909 1507 1026 1545 Basil.
1071 1506 1155 1545 aliis
1201 1507 1357 1556 verbis,
1399 1520 1505 1559 quam
1548 1509 1582 1546 in
1622 1508 1789 1547 Romana
1827 1519 1893 1545 se-

248 1575 388 1623 cunda,
420 1574 487 1612 sed
521 1576 640 1612 tamen
673 1586 788 1613 sensu
821 1575 978 1613 eodem:
1020 1575 1156 1614 Incerti
1198 1577 1340 1614 autoris
1373 1576 1524 1625 Elegia.
1585 1575 1701 1629 Quam
1734 1567 1892 1615 conume-

245 1643 387 1681 moravi
421 1642 544 1681 Vitam
591 1642 774 1691 Virgilii,
814 1656 885 1682 non
935 1644 1064 1683 dubito
1109 1645 1194 1696 quin
1229 1657 1385 1695 prorsus
1417 1645 1545 1684 eadem
1578 1646 1613 1683 in
1646 1645 1812 1684 Romana
1843 1644 1893 1683 ll.

246 1712 321 1760 sit,
355 1724 449 1763 quae
483 1712 517 1749 in
551 1712 681 1750 codice
716 1711 958 1750 Basileensi:
1002 1726 1095 1764 quae
1128 1716 1207 1751 tota
1239 1726 1288 1751 ex
1321 1714 1461 1752 Probo.
1495 1716 1542 1752 cs.
1575 1715 1751 1765 Episcopi
1784 1713 1893 1752 Aler.

245 1780 370 1831 Epist.
391 1781 435 1819 ad
456 1781 718 1831 Pomponium3
751 1782 869 1819 fuisse
893 1782 1056 1820 Probum
1106 1781 1183 1819 Ms.
1208 1794 1325 1831 penes
1351 1783 1591 1833 Pomponium
1619 1795 1669 1821 ex
1695 1782 1893 1823 Commen-

246 1850 377 1897 tariis,
412 1850 472 1901 qui
495 1849 686 1899 dicuntur,
719 1850 884 1887 eiusdem
907 1851 941 1888 in
972 1850 1174 1899 Virgilium
1209 1853 1373 1890 constat.
1435 1851 1784 1903 Typographorum
1809 1851 1894 1902 epi-

245 1931 438 1967 grannna,
471 1918 564 1956 idem
596 1918 706 1966 illud,
742 1918 838 1971 quod
872 1931 921 1956 ex
954 1919 1122 1958 Romana
1153 1919 1182 1957 Ι.
1217 1919 1408 1967 dedimus,
1445 1920 1480 1957 in
1514 1919 1683 1959 Romana
1703 1919 1753 1958 ll.
1799 1918 1895 1972 Qui—

246 1988 326 2025 rino
358 2000 394 2037 p.
431 1990 523 2026 169.
556 1989 741 2035 testante,
784 1989 873 2037 post
912 1987 1083 2036 Elegiam
1118 1988 1153 2026 in
1190 1988 1425 2026 Maecenatis
1457 1989 1562 2027 obitu
1594 1988 1755 2038 legitur,
1787 1991 1826 2027 ut
1857 1988 1894 2026 in

246 2056 413 2095 Romana
444 2056 473 2094 1.
506 2056 700 2095 Lassenus
733 2055 845 2103 illud,
890 2056 927 2094 in
960 2056 1129 2095 Romana
1161 2056 1209 2094 ll.
1246 2057 1409 2108 quidem,
1456 2060 1545 2108 post
1585 2069 1750 2104 carmen,
1790 2057 1895 2096 cuius

247 2125 354 2163 modo
387 2125 608 2163 mentionem
641 2125 733 2169 seci,
769 2124 815 2162 de
848 2125 999 2173 Musis,
1031 2127 1190 2175 positum
1225 2139 1313 2164 esse
1344 2127 1552 2165 annotavit.

333 2192 552 2243 Exemplum
586 2193 778 2232 Romanae
810 2192 858 2231 11.
892 2194 989 2244 quod
1023 2194 1182 2233 Parisiis
1214 2198 1391 2233 servatur
1423 2197 1457 2233 in
1492 2195 1589 2233 Bihl.
1622 2194 1775 2244 Regia,
1809 2193 1893 2233 olim

247 2261 393 2311 Angeli
422 2261 596 2299 Politiani
629 2263 721 2310 snit,
753 2265 790 2300 et
822 2261 1044 2300 illustratum
1079 2266 1138 2301 est
1170 2264 1217 2302 ab
1250 2263 1398 2310 eodem,
1433 2267 1472 2302 ut
1503 2263 1743 2314 perhibetur,
1775 2262 1893 2301 scho-

248 2330 323 2368 liis.
383 2329 477 2368 Nam
510 2330 689 2379 scriptum
722 2333 781 2368 est
814 2330 848 2367 in
881 2331 1005 2368 fronte
1038 2330 1154 2369 libri:
1188 2333 1338 2382 Anyeli
1371 2333 1569 2371 Politiam'
1598 2338 1636 2372 et
1667 2335 1890 2372 amicorum.

250 2395 426 2447 ἄγγε’).ου
474 2397 550 2434 τοῦ
590 2397 854 2433 πωλιτιαιόῦ
887 2397 1027 2448 κτῆμα
1060 2399 1133 2435 καί
1162 2399 1245 2436 τῶν
1278 2400 1431 2449 φίλων.
1494 2403 1532 2439 et
1569 2401 1616 2440 ab
1649 2401 1721 2440 alia
1758 2413 1891 2439 manu:

255 2468 425 2519 Virqilio
457 2480 528 2506 con
559 2467 706 2519 Scleoly
739 2467 881 2515 Greci,
915 2481 937 2506 e
967 2467 1110 2506 Latini
1140 2470 1182 2508 ali
1212 2483 1325 2508 mano
1358 2469 1422 2509 det
1453 2469 1677 2509 Politz'cmo.
1738 2471 1817 2510 Vix
1852 2471 1892 2508 ut
1922 2456 1925 2457 ⁷

250 2537 419 2576 dubitare
450 2536 584 2585 liceat,
618 2536 706 2588 quin
739 2535 811 2574 hoc
843 2537 936 2574 idem
970 2536 1057 2575 illud
1092 2538 1299 2588 exemplum
1341 2538 1419 2586 sit,
1459 2539 1557 2590 quod
1599 2538 1778 2591 Quirinus
1810 2540 1890 2577 tra-

250 2608 398 2645 ctavit:
443 2606 491 2644 ef.
534 2605 677 2658 Quirin.
711 2604 734 2643 l.
768 2605 792 2643 1.
826 2619 863 2656 p.
900 2609 991 2644 165.
1063 2606 1122 2644 Ad
1157 2606 1268 2644 Diras
1301 2606 1389 2644 nihil
1422 2608 1617 2646 annotavit
1647 2606 1889 2646 Politianus:

251 2678 353 2713 certe
384 2674 474 2712 nihil
514 2676 706 2727 quicquam
748 2677 1056 2723 commemorant,
1105 2675 1165 2726 qui
1204 2687 1271 2725 pro
1311 2688 1367 2713 me
1408 2676 1659 2726 inspexerunt
1698 2674 1890 2725 exemplar

251 2743 484 2791 Parisinum‚
517 2746 555 2783 et
599 2743 777 2795 Quirinus
822 2743 967 2781 diserte
1013 2744 1152 2782 intacta
1193 2744 1392 2796 reliquisse
1434 2744 1658 2783 Politianum
1697 2743 1891 2795 opuscula

252 2812 386 2860 tradit⁷
418 2816 567 2862 praeter
598 2811 778 2863 pauculas
818 2811 862 2849 ad
897 2811 1070 2862 Priapeia
1104 2812 1263 2851 notulas.

338 2880 539 2933 Utramque
570 2881 771 2920 Romanam
804 2881 837 2918 in
870 2880 974 2918 Diris
1005 2883 1287 2921 accuratissime
1333 2883 1504 2921 collatam
1535 2882 1691 2921 habeo:
1737 2881 1890 2932 primum

254 2959 274 2985 a
306 2948 499 2997 Lasseno,
542 2950 677 2987 deinde
715 2951 871 2998 rogatus
912 2962 990 2988 meo
1032 2951 1174 2987 nornine
1205 2963 1225 2988 a
1267 2952 1348 2989 viro
1391 2950 1717 3001 praestantissimo
1765 2947 1810 2988 C.
1844 2950 1888 2987 Β.

256 3016 394 3061 llasio,
430 3018 682 3057 Donndortius
710 3018 778 3057 Ph.
799 3018 845 3057 D.
881 3031 928 3056 ex
960 3018 1127 3058 Romana
1156 3019 1184 3057 l.
1221 3024 1336 3059 totum
1368 3032 1513 3058 carmen
1547 3018 1631 3056 mihi
1663 3017 1887 3069 descripsit,
