2006 3365
241 121 340 164 232
838 115 1202 156 DISSERTATIO
1234 117 1265 157 1.

243 234 379 270 frustra
411 242 571 282 quaero:
615 229 688 268 nisi
727 230 824 281 quod
856 230 968 268 nobis
999 231 1182 280 obscura,
1222 244 1267 271 ac
1308 244 1432 283 parum
1476 232 1635 272 iucunda
1673 235 1759 271 sunt
1790 234 1875 283 epi-

242 302 470 349 grammata,
504 298 612 336 etiam
644 297 721 336 illis
753 299 985 348 temporibus
1014 299 1176 338 obscura
1207 301 1350 350 fuisse,
1382 305 1445 341 aut
1476 315 1553 340 eam
1577 301 1694 339 fuisse
1718 301 1754 339 in
1781 302 1875 341 Vir-

240 367 333 416 gilio
375 366 635 404 verecundiam
677 368 890 417 putaverit,
931 367 1022 405 nihil
1064 371 1103 405 ut
1134 380 1288 420 unquam
1321 370 1417 421 qnod
1452 369 1624 408 acerbum
1657 373 1783 417 esset,
1813 372 1877 407 aut

240 435 398 473 ludibrio
420 433 648 473 licentiaeve
669 435 806 484 simile,
826 435 995 473 scribere
1019 438 1193 486 potuerit.
1306 438 1423 477 Porro
1444 438 1610 484 Virgilio
1631 437 1874 486 dignissima,

240 503 312 541 lioc
343 506 421 551 est,
455 504 505 541 ita
527 507 590 542 aut
616 503 826 551 suavitate,
852 508 914 542 aut
937 505 1090 556 antiqua
1117 505 1357 556 simplicitate
1383 504 1705 549 eonnmnndabiIIa,
1743 509 1780 543 ut
1804 518 1875 544 nou

236 572 398 610 debeant
429 572 524 622 eripi
557 571 742 621 Virgilio,
780 571 873 611 haec
905 577 1012 611 sunt:
1054 572 1176 613 Carni.
1209 574 1239 613 l.
1272 574 1339 613 VI.
1372 574 1460 614 Vll.
1494 574 1561 612 lx.
1593 574 1644 612 X.
1675 573 1783 613 Mil.
1816 574 1875 613 ed.

236 639 362 690 Heyn.
398 639 536 687 (Anth.
561 640 642 679 Lat.
670 640 738 679 III.
772 656 857 679 CCL.
890 641 920 680 I.
954 657 1068 680 Lxffl.
1100 642 1150 681 II.
1183 658 1348 681 ccxmu.
1382 643 1450 682 III.
1483 658 1676 681 CCXLVIII.
1709 657 1873 680 ccxmx.

234 707 284 747 Π.
317 711 479 760 cxxw.)

462 779 611 828 Delia,
650 778 807 828 Tucca,
840 780 912 819 tibi
941 782 1073 829 venit,
1108 780 1185 819 sed
1215 794 1341 832 saepe
1371 780 1522 819 videre.

462 848 509 887 Si
538 849 630 887 milii
660 856 889 901 suseeplum
917 850 1045 900 fuerit
1075 850 1286 888 decurrere
1314 863 1468 888 meatus.

461 916 524 956 Ite
553 918 644 956 hinc
675 919 816 956 inanes
847 918 1043 956 rhetorum
1073 919 1260 970 rrianipli,
1295 922 1360 957 ite.

460 985 626 1024 Scilicet
655 986 728 1024 hoc
759 987 846 1024 sine
875 986 1049 1037 fraude,
1089 985 1188 1025 Vari
1220 987 1474 1034 dulcissime,
1509 986 1652 1025 dicam.

470 1053 623 1093 Viltula
655 1067 759 1108 quae
788 1054 969 1093 Scironis·
1002 1068 1122 1102 eras,
1155 1061 1191 1094 et
1220 1068 1379 1107 pauper
1409 1055 1552 1105 agletle.

464 1122 715 1177 Quocumque
745 1125 803 1162 ire
831 1124 967 1174 ferunt
999 1125 1144 1162 variae
1173 1137 1245 1162 nos
1278 1130 1456 1176 tempora
1487 1126 1611 1162 vitae.

235 1188 396 1242 Quorum
435 1189 547 1229 illud:
587 1192 635 1230 Si
663 1193 757 1230 milti
787 1198 1021 1243 susceptum
1063 1194 1135 1228 etc.
1179 1192 1247 1229 iam
1288 1192 1441 1241 Heynio
1484 1193 1614 1230 merito
1656 1192 1775 1229 visum
1816 1195 1876 1232 est

234 1258 506 1297 dulcissimum:
547 1259 642 1298 addo
682 1261 1018 1310 perfectissimum,
1066 1259 1137 1298 hoc
1176 1262 1254 1309 est,
1296 1259 1514 1308 elegantiae
1552 1261 1638 1298 aevi
1680 1260 1874 1309 Augusti,

235 1327 355 1378 qualis
388 1329 554 1367 cernItur
584 1329 620 1366 in
651 1329 828 1375 Tibullo,
862 1329 970 1375 aliis,
1004 1329 1221 1379 proximum.
1284 1330 1339 1367 At
1370 1341 1441 1366 non
1474 1329 1593 1367 miuus
1634 1328 1757 1367 ducha
1788 1331 1876 1368 sunt

235 1396 298 1435 Ile
317 1397 408 1435 hine
432 1398 572 1436 inanes
595 1398 791 1437 rhetorum
815 1398 1005 1450 manipli,
1034 1399 1111 1445 ite,
1145 1402 1182 1435 et
1209 1398 1243 1435 in
1269 1409 1406 1434 sunima
1429 1397 1692 1447 simplicitate,
1723 1397 1875 1437 Villula

239 1478 342 1517 (sitae
378 1466 562 1505 Scironis
602 1480 711 1505 eras.
772 1466 864 1505 Nam
905 1467 963 1505 sic
994 1465 1193 1515 legendum
1225 1464 1288 1503 hic
1319 1470 1356 1504 et
1387 1466 1422 1503 in
1453 1465 1572 1504 altero
1605 1467 1789 1514 carmine,
1837 1470 1876 1506 ut

238 1534 346 1571 etiam
379 1534 414 1571 in
439 1533 613 1583 Aldinis,
647 1537 750 1573 certe
772 1535 807 1573 in
842 1535 980 1573 Aldina
1012 1534 1062 1573 ll.
1094 1546 1165 1572 non
1197 1535 1382 1586 Syronis.
1444 1534 1503 1572 Ex
1534 1535 1625 1572 meis
1651 1546 1743 1573 uuus
1769 1536 1874 1574 Vos-

237 1603 364 1640 sianus
395 1602 425 1640 l.
458 1606 613 1655 utroque
645 1602 728 1642 loco
759 1604 942 1653 Sironis,
975 1604 1009 1641 in
1043 1615 1114 1654 quo
1140 1603 1318 1641 incertum
1353 1606 1469 1641 utrum
1499 1604 1668 1655 Syronis
1701 1615 1745 1641 an
1779 1603 1874 1643 Sci-

238 1673 348 1710 ronis
382 1670 509 1710 lateat.
571 1669 733 1711 Caetera
760 1684 853 1723 quae
885 1671 961 1709 dixi
993 1671 1022 1710 1.
1054 1671 1123 1710 lx.
1157 1671 1253 1722 quod
1289 1671 1461 1721 lleynius
1493 1672 1621 1709 nescio
1650 1685 1721 1723 quo
1746 1684 1875 1711 errore

238 1740 389 1790 primum
421 1740 588 1778 edidisse
621 1740 856 1789 Scaligerum
882 1739 1079 1791 perhibet,
1112 1742 1149 1778 ct
1178 1739 1288 1779 XIII.
1315 1745 1351 1778 ut
1376 1752 1447 1778 non
1473 1741 1592 1778 omnia
1615 1740 1744 1778 eodem
1766 1741 1876 1780 modo

238 1809 393 1857 suavia,
426 1811 545 1847 tamen
579 1811 698 1848 omnia
728 1810 980 1860 simplicitatis
1010 1810 1184 1860 antiquae
1216 1813 1451 1847 venustatem
1483 1808 1644 1856 habent,
1686 1812 1725 1847 ut
1756 1809 1876 1847 verbo

238 1876 378 1922 (licam,
414 1874 673 1916 Catullianam.
738 1879 864 1930 Atque
897 1881 956 1916 est
987 1890 1031 1915 ea
1062 1877 1285 1924 similitudo,
1327 1889 1431 1928 quam
1463 1877 1622 1914 maxime
1654 1877 1689 1914 in
1722 1880 1875 1915 senteu-

238 1945 369 1983 tiarum
403 1946 689 1995 coniunctione,
721 1960 816 1999 quae
846 1947 1037 1985 admodum
1071 1946 1232 1996 simplex
1264 1957 1351 1983 esse
1383 1945 1505 1993 solet,
1537 1948 1575 1983 et
1607 1945 1642 1982 in
1666 1947 1877 1984 conforma--

240 2014 340 2052 tione
371 2015 607 2065 periodorum
639 2017 894 2061 metricorum,
928 2016 1088 2066 positam
1115 2026 1277 2061 censeo,
1310 2013 1416 2062 talis,
1449 2025 1564 2064 saepe
1588 2017 1628 2052 nt
1655 2015 1773 2064 ipsum
1800 2012 1877 2053 Ca-

241 2082 371 2120 tullum
413 2084 538 2121 audire
571 2084 639 2123 tibi
681 2084 860 2123 videaris.
923 2085 1141 2135 Exemplum
1181 2097 1312 2135 ponam
1352 2083 1535 2123 Carminis
1567 2083 1675 2122 XIII.
1713 2084 1757 2121 ad
1792 2085 1876 2122 An-

242 2152 378 2188 tonium
410 2151 556 2190 Musam
590 2165 726 2191 versus
757 2152 925 2191 ultimos:
989 2154 1125 2211 Quare
1155 2154 1256 2193 illud
1288 2156 1396 2192 satis
1428 2159 1512 2201 est,
1546 2156 1584 2191 si
1613 2160 1652 2191 te
1678 2155 1878 2205 permittis

244 2221 396 2259 amari:
456 2221 549 2260 ,Non
580 2227 720 2260 eontra
751 2229 793 2260 ut
824 2224 880 2260 sit
911 2235 1017 2260 amor
1047 2228 1203 2261 medicus
1235 2223 1326 2260 inde
1354 2223 1457 2260 mihi.
1521 2220 1648 2273 Usque
1682 2223 1726 2259 ad
1760 2222 1879 2259 verba

243 2288 361 2326 simile
389 2287 538 2327 Catullo
564 2289 675 2338 Eleg.
705 2290 740 2327 in
767 2289 944 2328 Manlium
973 2304 1009 2328 v.
1038 2294 1129 2329 147.
1164 2290 1300 2348 Quare
1324 2290 1427 2329 illud
1453 2293 1561 2329 satis
1585 2297 1669 2338 est,
1704 2293 1743 2329 si
1764 2289 1877 2328 nobis

244 2359 280 2396 is
322 2357 443 2397 (latur
480 2372 596 2397 unus.
656 2359 705 2397 Et
742 2358 814 2397 hoc
846 2360 1010 2411 quidem,
1054 2359 1190 2417 Quare
1221 2359 1322 2398 illud
1353 2362 1459 2397 satis
1491 2365 1577 2408 est,
1609 2360 1661 2397 ita
1692 2358 1877 2409 simplex,

242 2428 283 2464 ut
314 2438 451 2476 prosae
482 2427 640 2465 orationi
680 2428 801 2475 magis
833 2440 937 2479 quam
969 2429 1076 2479 poesi
1109 2429 1310 2466 convenire
1342 2428 1464 2465 dicas.
1525 2427 1635 2467 Talia
1666 2430 1753 2465 sunt
1776 2426 1878 2477 apud

246 2493 429 2534 Catullum
461 2507 531 2532 non
561 2507 702 2545 pauca:
737 2500 774 2534 ut
806 2496 917 2545 Elvg.
951 2497 995 2535 ad
1027 2495 1147 2535 Manl.
1182 2501 1246 2535 27.
1281 2497 1418 2553 Quare
1449 2498 1555 2551 quod
1585 2496 1756 2544 scribis,
1801 2495 1877 2535 Ve-

243 2576 366 2602 ronae
395 2570 510 2617 turpe
540 2564 701 2603 Catullo
733 2568 806 2602 ete.
839 2566 899 2615 qni
931 2577 1087 2615 prorsus
1110 2565 1283 2613 vulgaris
1316 2565 1426 2604 stilus
1457 2565 1696 2616 epistolarum
1728 2567 1808 2610 est,
1842 2576 1876 2602 e.

243 2645 286 2681 g.
326 2630 544 2679 Ciceronis,
585 2632 629 2670 ad
673 2631 717 2672 C.
759 2631 930 2672 Cassium
972 2634 1095 2683 Epist.
1127 2633 1215 2672 Mi.
1252 2650 1291 2671 11.
1336 2635 1473 2689 Quare
1505 2635 1609 2688 quod
1639 2633 1810 2681 scribis,
1842 2640 1880 2672 te

246 2701 444 2753 confidere
473 2702 546 2738 etc.
606 2700 669 2739 Ad
711 2713 861 2738 versum
902 2700 1022 2738 illum:
1056 2702 1148 2741 IVon
1188 2709 1327 2741 eontra
1366 2710 1408 2742 ut
1439 2705 1495 2742 sit
1526 2716 1634 2742 amor
1663 2709 1818 2740 niutuus
1850 2704 1877 2740 i.

244 2784 291 2809 m.
322 2770 522 2808 admovere
562 2770 648 2807 licet
689 2769 826 2809 Catull.
861 2784 1002 2807 Lxxvr.
1037 2773 1103 2808 23.
1150 2772 1243 2810 Non
1276 2775 1352 2810 iam
1391 2772 1493 2810 illud
1533 2784 1702 2825 quaero,
1736 2777 1878 2809 contra

243 2846 285 2878 ut
315 2853 372 2878 me
403 2839 548 2889 ‹litiyat
579 2839 667 2877 illa.
728 2838 842 2877 Mitto
875 2839 1092 2882 minutiora,
1136 2842 1175 2878 ut
1206 2840 1302 2892 quod
1337 2842 1561 2893 dispeream
1592 2842 1649 2885 si,
1691 2839 1754 2877 vel
1787 2840 1878 2879 dis-

242 2922 401 2961 peream
439 2910 540 2958 nisi,
580 2906 744 2957 Virgilio
789 2906 861 2945 hoc
902 2907 946 2945 ad
980 2907 1030 2945 A.
1063 2907 1210 2946 Musam
1243 2910 1420 2955 carmine,
1461 2912 1499 2948 et
1538 2908 1697 2946 carmine
1728 2907 1798 2946 lX.
1831 2908 1877 2947 ad

246 2976 419 3026 Varium,
447 2989 634 3015 commune
659 2988 737 3015 cum
761 2973 909 3016 Catullo
935 2990 1033 3016 sen.
1060 2980 1097 3014 2.
1123 2976 1161 3015 4.
1222 2978 1360 3018 Verum
1386 2977 1482 3017 hunc
1506 2975 1681 3029 loquendi
1707 2977 1873 3024 modum,
