2006 3365
486 163 540 203 IN
571 164 789 204 VALERH
823 163 1061 205 CATONIS
1091 163 1362 206 ECLOGAM.
1647 169 1746 213 173

111 280 175 317 aut
205 290 255 317 ex
284 278 483 317 arboribus
515 278 745 332 floribusque
770 282 1054 328 coronamenta,
1086 280 1314 329 imaginibus
1337 279 1478 318 illorum
1502 279 1587 319 addi
1613 279 1746 330 solita,

111 346 173 384 vel
206 359 301 399 quos
332 348 430 386 saeta
461 359 509 385 ex
540 348 677 398 puellis
717 349 845 387 sidera
875 361 1021 386 amores
1060 350 1281 387 exercuisse
1318 349 1404 387 inde
1443 348 1490 388 ah
1527 349 1746 400 antiquissi-

110 416 179 454 mis
211 416 440 466 temporibus
483 419 621 455 testata
654 419 784 467 erant,
825 421 863 456 et
903 416 1139 456 testabantur
1170 415 1325 455 Catonis
1365 419 1504 456 aetate.
1565 417 1620 456 At
1650 429 1746 469 quo-

111 484 203 522 niam
230 496 275 522 ne
306 484 364 523 sic
394 485 540 536 quidem
573 489 678 525 certa
709 499 771 525 res
803 488 882 524 est:
916 497 1021 523 nemo
1053 485 1146 522 enim
1178 485 1343 524 mortalis
1375 486 1496 524 oculis
1527 485 1622 524 vidit
1652 486 1747 525 istas

110 552 313 603 puellarum
340 566 611 606 puerorumque
643 555 678 593 in
711 555 846 601 flores,
878 553 1058 600 arbores,
1091 553 1237 601 sidera,
1269 555 1515 593 mutationes:
1549 554 1594 593 ad
1627 554 1747 593 silvas

110 624 314 671 provocat,
348 622 470 661 silvis
503 622 596 661 liaeo
627 623 747 661 omnia
778 625 865 661 nota
897 634 986 660 esse
1017 621 1120 660 addit
1152 634 1190 659 v.
1224 624 1289 659 «Η.

199 689 379 740 Daphnes
411 691 583 742 exemplo
615 693 778 730 sortasse
810 690 939 728 melius
978 690 1252 728 abstinuisset:
1295 702 1375 727 nam
1406 690 1451 728 ad
1484 703 1558 729 rem
1590 690 1749 731 Catonis

109 759 231 806 magis
270 758 403 797 felices
442 760 588 798 deorum
627 771 772 797 amores
815 759 975 806 faciunt,
1022 770 1126 810 (luam
1168 757 1359 808 inl'elices3
1406 757 1589 809 Daphnes
1628 764 1748 798 autem

109 839 211 865 amor
249 827 416 877 Apollini
454 827 586 866 infelix
625 828 711 875 suit,
759 839 879 878 neque
918 825 1050 866 habuit
1091 828 1253 875 exitum,
1301 839 1406 879 quein
1447 827 1510 867 ille
1557 827 1747 878 cupiebat.

111 893 226 934 Certe
260 900 298 934 ut
331 895 448 944 vulgo
488 896 658 934 tradit-ur.
718 894 795 933 Sed
837 894 924 933 illud
964 899 1050 934 ante
1086 895 1217 934 oeulos
1255 894 1372 935 habet
1401 898 1536 946 poeta,
1581 901 1619 936 ut
1650 896 1748 936 dixi:

110 965 299 1002 amavisse
332 965 439 1002 deos.
486 963 615 1015 Atque
647 964 727 1002 eius
758 964 970 1003 sententiae
1001 964 1256 1004 documentum
1287 976 1379 1003 sane
1410 963 1634 1004 luculentum
1666 964 1749 1004 lau-

111 1046 173 1070 rus
205 1035 275 1072 est.

195 1102 271 1141 Sed
312 1115 452 1141 recens
494 1105 657 1140 nostrum
696 1102 884 1140 inventum
919 1104 991 1140 est.
1059 1100 1218 1141 Scilicet
1256 1103 1343 1141 ante
1381 1113 1543 1142 amorem
1581 1101 1749 1152 Phoebi,

109 1171 277 1210 nondum
315 1171 456 1209 laurus
497 1177 609 1217 erat,
655 1173 694 1209 ut
735 1171 786 1208 ait
825 1170 986 1210 Ovidius
1018 1169 1047 1208 I.
1082 1173 1176 1209 450.
1237 1170 1415 1221 Apparet
1454 1175 1598 1220 autem,
1643 1184 1749 1224 quam

110 1240 211 1278 l'aeili
244 1240 503 1279 emendatione
535 1243 717 1277 RECENS
750 1240 946 1277 fecerimus
978 1251 1026 1277 ex
1058 1243 1266 1277 GERENS:
1299 1252 1379 1278 nam
1409 1253 1554 1291 gerens
1581 1244 1640 1280 est
1664 1240 1749 1279 vul-

109 1313 201 1359 gata
232 1308 407 1347 librorum
439 1311 509 1347 tam
543 1309 723 1347 editorum
755 1308 982 1359 antiquitus,
1015 1321 1118 1360 quani
1145 1309 1390 1359 scriptorum,
1423 1310 1600 1359 omnium,
1632 1321 1748 1360 prae-

109 1380 168 1416 ter
203 1377 413 1416 Mediceum
445 1383 482 1417 et
513 1377 786 1426 Anglieanum‚
829 1377 866 1414 in
903 1377 1038 1429 quihus
1077 1391 1252 1425 merens,
1297 1389 1341 1416 ac
1372 1378 1578 1417 Parisinum
1610 1378 1678 1418 lV.
1711 1379 1747 1417 in

111 1459 184 1499 quo
215 1460 391 1486 moerens
423 1446 578 1495 legitur.
638 1446 687 1485 Et
718 1458 784 1496 pro
817 1447 856 1484 in
895 1453 933 1485 te
964 1445 1161 1484 Medic-eus
1202 1448 1335 1495 vitae,
1375 1447 1496 1486 Paris.
1528 1446 1598 1485 IV.
1639 1449 1749 1487 intae

110 1515 174 1554 vel
207 1517 318 1554 uitae
349 1514 473 1554 habet.
535 1515 739 1554 Praeterea
772 1515 882 1552 mirus
915 1517 975 1554 est
1005 1516 1172 1553 codicum
1204 1514 1480 1558 nonnullorum,
1522 1515 1748 1566 petaviani,

110 1583 303 1633 Thuanei,
337 1584 580 1632 Augustani,
612 1583 774 1622 Parisini
793 1582 842 1621 11.
877 1585 915 1621 et
938 1582 1136 1621 Leidensis
1168 1597 1228 1635 ap.
1263 1584 1386 1622 Burm-
1418 1596 1543 1634 error,
1576 1584 1750 1624 Phoebo.

111 1652 284 1705 Denique
316 1653 496 1691 editorum
528 1654 613 1691 ante
645 1651 830 1697 Aldinas‚
864 1651 949 1690 inde
979 1664 1000 1690 a
1028 1652 1230 1702 Romanis,
1263 1654 1390 1692 vitium
1418 1657 1478 1693 est
1508 1653 1748 1704 celebrabit,

112 1722 209 1774 quod
242 1723 277 1760 in
309 1720 409 1759 nullo
440 1721 591 1773 antiquo
623 1719 716 1758 libro
749 1721 892 1771 scripto
924 1722 1131 1771 reperitur,
1170 1722 1237 1761 sed
1270 1723 1457 1773 reperitur
1487 1725 1523 1761 in
1556 1723 1750 1762 codicibus

112 1791 289 1838 novitiis,
323 1789 556 1839 Basileensi‚
599 1788 756 1828 Vratisl.
789 1790 841 1828 11.
882 1792 919 1829 et
951 1790 1140 1830 Vossiano
1173 1790 1223 1830 ΙΙ.
1266 1791 1487 1831 celebravit
1523 1804 1603 1831 cum
1641 1792 1750 1831 libris

112 1860 273 1911 antiquis
317 1859 415 1898 bona
462 1858 526 1897 illa
565 1858 815 1908 Mutinensis,
866 1858 1052 1905 Aldinae,
1102 1862 1140 1898 et
1189 1863 1277 1911 post
1322 1860 1486 1899 Aldinas
1532 1860 1748 1913 pleraeque.

113 1927 208 1966 Post
237 1927 332 1966 haec
363 1928 534 1977 ingratus
566 1927 672 1965 labor
704 1931 763 1966 est
802 1928 898 1966 vitia
936 1929 1072 1968 minuta
1111 1941 1334 1978 recensere,
1376 1932 1414 1968 et
1453 1932 1610 1968 conatus
1642 1931 1750 1968 viro-

114 2008 190 2034 rum
222 1996 432 2044 doctorum,
464 1996 524 2047 qui
556 1998 695 2034 frustra
724 1996 886 2034 fuerunt.
929 1996 1205 2047 Augustanus,
1239 2001 1276 2035 ut
1301 1996 1421 2045 solet,
1455 1997 1627 2048 syllabas
1655 2010 1748 2036 con-

114 2064 254 2111 fundit,
287 2065 369 2102 sie:
405 2064 706 2115 Phoebogserens
739 2064 965 2104 intelaurus
999 2079 1033 2103 e.
1065 2078 1105 2103 α.
1168 2067 1205 2104 et
1245 2068 1327 2104 inte
1355 2066 1610 2116 Mutinensis,
1651 2067 1749 2105 unde

115 2132 226 2182 illud,
268 2133 364 2185 quod
397 2146 446 2171 ex
477 2133 649 2171 Medieeo
689 2136 726 2172 et
758 2133 877 2172 Paris.
911 2133 980 2172 lV.
1022 2135 1389 2173 conuncmoravimus
1429 2135 1578 2185 vitium,
1616 2138 1746 2184 uitae,

115 2205 231 2241 ortum
272 2215 358 2240 esse
396 2205 567 2253 apparet.
636 2202 798 2242 leebe
835 2202 943 2241 Rom.
986 2204 1017 2242 l.
1087 2203 1219 2243 Phebe
1258 2202 1366 2242 Rom.
1409 2203 1459 2242 11.
1505 2203 1665 2243 Vratisl.
1700 2204 1747 2243 ll.

116 2271 264 2309 Veneta
296 2270 433 2310 Acliat.
552 2271 743 2320 Scaligeri
775 2273 1025 2310 coniecturam
1058 2272 1240 2322 Phoebe,
1279 2284 1397 2322 geres
1436 2274 1475 2311 in
1513 2280 1551 2312 te
1581 2273 1747 2313 laurus:

117 2339 331 2378 celebrabis
363 2353 401 2379 α.
445 2341 590 2391 reecpit
628 2340 836 2379 Arnoldus.
898 2340 1125 2386 Salmasius,
1167 2341 1198 2379 si
1237 2344 1341 2380 recte
1379 2342 1494 2381 refert
1533 2341 1747 2381 Arnoldus:

116 2409 191 2448 Pb.
223 2422 365 2460 {serens
398 2411 438 2448 in
468 2416 506 2448 te
537 2410 564 2448 l.
596 2408 821 2448 celebrabis
854 2423 891 2448 a.
925 2413 963 2449 ut
994 2409 1148 2459 legebat
1170 2411 1277 2449 etiam
1301 2411 1595 2449 Wernsdortius.
1630 2412 1748 2450 Hein-

115 2478 194 2516 sius
226 2478 331 2515 varia
361 2480 598 2517 tentaverat:
640 2478 716 2517 Ph.
747 2481 883 2519 virens
916 2481 955 2517 in
986 2485 1014 2517 t.
1047 2479 1074 2517 l.
1135 2478 1196 2517 vel
1227 2478 1303 2518 Ph.
1335 2485 1425 2518 tuos
1457 2481 1573 2531 viryo
1605 2480 1747 2520 laurus

117 2547 337 2586 celebrarit
368 2560 535 2587 amores.
585 2546 658 2585 alio
691 2551 878 2598 tempore:
912 2549 967 2587 Ee
1000 2549 1274 2599 Peneiyencce,
1307 2548 1370 2586 vel
1404 2549 1534 2588 Peneo
1565 2552 1745 2601 yenitue,

115 2616 272 2655 laurus.
335 2615 516 2666 denique,
554 2615 649 2667 quod
680 2615 889 2655 Burmanno
929 2617 1054 2667 placet
1090 2629 1181 2667 prae
1213 2618 1401 2656 caeteris:
1441 2617 1748 2670 Emlymionenm

115 2684 285 2724 Latmus
317 2684 535 2724 celebravit
565 2697 741 2724 amorem.
773 2698 878 2737 quarn
910 2686 945 2724 in
976 2698 1050 2724 rem
1081 2685 1209 2725 laudat
1240 2686 1446 2725 Ausonium
1480 2685 1614 2737 Cupid.
1635 2686 1746 2726 Cruc.

116 2767 154 2791 v.
180 2757 245 2792 40.
278 2755 343 2793 sed
375 2753 498 2792 addit:
532 2753 704 2793 Ilaereo.
765 2754 909 2804 Silligii
941 2755 1155 2794 coniectura
1185 2757 1267 2794 est:
1304 2755 1380 2794 Pk.
1413 2755 1551 2794 decens
1583 2759 1621 2795 in
1650 2761 1689 2794 te
1718 2755 1746 2794 l.

116 2823 336 2862 celebravit
375 2836 414 2861 a.
474 2820 676 2860 Putschius
717 2823 958 2862 distinctione
996 2823 1244 2862 adiuvandum
1284 2836 1371 2863 esse
1412 2823 1530 2863 locum
1566 2824 1744 2874 putabat,

116 2889 213 2930 hunc
252 2892 288 2930 in
327 2892 498 2929 niodum:
543 2890 684 2939 Lama,
728 2891 840 2931 dolor
877 2896 984 2932 nosti
1024 2893 1121 2947 quid
1160 2895 1228 2933 sit.
1303 2893 1510 2933 ,Miserere
1550 2893 1743 2941 dolentis,

117 2960 297 3010 Phoebe,
348 2974 489 3013 yerens
532 2961 571 2999 in
611 2967 650 2999 te
690 2957 863 3001 laurus!
923 2964 996 3001 tum
1027 2962 1249 3003 celebravit
1293 2976 1458 3002 amorem
1504 2961 1627 3011 iungit
1667 2974 1745 3001 cuin

117 3041 234 3068 versu
265 3041 346 3083 seq.
