2006 3365
270 162 370 208 342
874 153 1235 195 DISSERTATIO
1268 155 1337 194 IV.

273 280 371 325 tum,
404 276 451 313 de
481 285 553 324 quo
586 271 765 309 Heinsius
796 270 840 309 ad
873 269 903 308 I.
936 270 995 309 Fr.
1029 269 1258 308 Gronovium
1290 269 1336 308 T.
1360 268 1429 308 lli.
1461 269 1562 320 Syll.
1595 271 1718 310 Rurm.
1752 283 1788 320 p.
1807 273 1900 308 280.

274 347 368 382 284.
402 347 439 382 et
468 342 520 380 Is.
553 339 717 378 Vossius
748 339 793 377 ad
826 339 1020 378 Heinsium
1052 338 1142 376 ibid.
1177 351 1212 388 p.
1247 341 1340 376 562.
1374 342 1412 376 et
1438 341 1532 376 563.
1592 339 1630 377 ls
1663 339 1757 377 baud
1791 338 1903 376 dubie
1961 373 1964 375 Α

270 411 333 450 iiie
364 413 443 457 est,
475 409 536 461 qui
569 409 602 445 in
636 407 826 456 Catalogo
859 407 903 446 B.
935 406 1008 446 Tb.
1051 420 1088 456 p.
1121 410 1213 444 ⁴59.
1249 407 1298 444 ita
1330 407 1583 445 describitur:
1616 409 1824 458 Eseerpta
1855 419 1905 444 ex

269 477 488 525 Iuvenale,
530 475 700 525 Persio,
731 476 782 515 B.
815 477 996 527 Enyem‘o
1028 476 1172 527 Episc-
1209 475 1421 523 Toletano,
1454 475 1673 524 Martiali,
1717 475 1901 522 Camlllo,

267 548 440 594 Seneca,
481 546 639 585 Gratz'o.
722 544 846 585 Varia
888 545 1194 598 Epigrammata
1233 547 1415 596 ιιηῐίᾳαα.
1475 544 1740 596 Perviffl‘lium
1779 544 1903 583 Vene-

267 616 340 653 ris.
370 614 445 665 sol.

356 683 433 723 Sed
466 684 511 721 de
542 681 744 733 exemplari
772 682 947 722 Leidensi
975 681 1114 732 primae
1132 681 1309 719 editionis
1335 679 1545 729 Scaligeri‚
1568 681 1663 733 quod
1691 681 1743 719 is.
1763 681 1904 719 Vossi-

269 765 313 790 us
345 764 425 790 cum
457 752 665 790 Petaviano
698 754 734 790 ct
764 750 946 790 Thuaneo
979 749 1157 797 contulit,
1190 748 1288 786 aliud
1321 749 1478 786 inseram
1511 748 1580 786 hac
1611 750 1904 800 opportunitate,

268 821 364 874 quod
397 821 486 860 utile
526 821 596 859 erit
636 821 690 868 ei,
733 820 794 872 qui
833 824 897 858 aut
935 820 971 857 in
1015 817 1252 869 Anthologia
1291 817 1428 856 Latina
1460 816 1655 856 elaborare
1688 823 1775 868 post
1806 818 1904 856 Bur-

267 903 454 935 mannum,
488 893 550 928 aut
581 890 616 927 in
649 889 779 930 Culice
810 893 899 940 post
919 889 1108 938 Heynium
1142 887 1317 926 voluerit.
1378 886 1421 926 Id
1454 886 1667 937 exemplar,
1699 886 1795 938 quod
1828 898 1905 935 ego

268 971 341 997 non
372 959 514 1009 primus
545 959 723 1007 versavi,
757 957 824 996 sed
855 957 918 995 alii
950 968 1021 994 non
1055 968 1116 998 ea,
1147 969 1218 1008 qua
1249 969 1317 1007 par
1348 959 1450 1004 erat,
1483 955 1683 1004 diligentia
1706 957 1907 993 versarunt

268 1030 355 1066 ante
386 1041 464 1074 me,
497 1028 609 1065 miros
642 1025 792 1065 errores
824 1026 1054 1077 procreavit.
1117 1024 1232 1078 Quum
1265 1025 1357 1062 enim
1389 1024 1607 1063 'Phuaneum
1648 1036 1757 1072 esse,
1799 1035 1905 1075 quem

269 1095 322 1133 ihi
355 1096 563 1134 contulerat
594 1095 645 1133 Is.
678 1095 861 1140 Vossius,
894 1095 1136 1143 ignorarent,
1171 1097 1209 1132 ut
1240 1094 1300 1145 qui
1340 1092 1532 1143 exemplar
1564 1092 1653 1130 illud
1688 1104 1758 1130 non
1791 1096 1905 1130 totum

268 1164 611 1212 examinavissent,
654 1175 703 1202 ex
734 1163 835 1213 sigla
871 1162 916 1203 V.
949 1162 1011 1201 vel
1058 1161 1161 1201 V.C.
1201 1176 1273 1214 qua
1314 1163 1364 1201 uti
1403 1161 1501 1200 solet
1541 1162 1725 1209 Vossius,
1770 1173 1905 1199 novum

269 1232 461 1282 codicem,
500 1232 766 1281 Vossianum,
812 1233 899 1271 sive
930 1231 1189 1277 Leidensem,
1233 1231 1306 1269 sihi
1348 1231 1554 1278 effinxere,
1597 1234 1634 1268 et
1665 1231 1721 1268 sic
1753 1243 1800 1268 ex
1835 1242 1906 1268 nno

268 1301 400 1340 codice
432 1303 556 1340 fecere
587 1302 672 1340 duo.
732 1301 774 1340 Id
802 1302 1010 1339 Burmanno
1050 1300 1185 1338 accidit
1225 1298 1345 1338 Antii.
1384 1299 1465 1337 Lat.
1513 1299 1577 1337 lib.
1610 1298 1678 1337 ΠΙ.
1713 1315 1809 1337 xcu.
1842 1299 1906 1337 ubi

268 1370 548 1420 inscriptionem
581 1371 615 1410 in
648 1371 777 1409 codice
817 1370 1017 1410 Vossicmo
1050 1369 1140 1407 dicit
1170 1367 1266 1406 lianc
1297 1380 1410 1417 esse,
1443 1374 1503 1406 DE
1529 1374 1737 1408 INTERNO
1763 1374 1906 1408 LAsso-

269 1445 328 1478 RE
356 1445 614 1479 VOMANVS:
648 1452 719 1478 non
764 1439 800 1477 in
833 1437 1044 1483 vossiano,
1084 1440 1266 1488 utputo,
1308 1437 1375 1475 sed
1417 1438 1452 1476 in
1491 1437 1697 1486 Tbuaneo,
1739 1450 1788 1476 ex
1833 1451 1905 1490 quo

268 1521 346 1547 cam
387 1510 666 1559 inscriptionem
707 1508 879 1546 enotavit
921 1505 1082 1544 Vossius
1124 1506 1157 1543 in
1198 1505 1405 1556 exemplari
1443 1506 1632 1545 Leidensi.
1702 1506 1773 1559 Qui
1806 1508 1908 1546 Bur-

268 1590 398 1616 manno
430 1577 548 1616 Antii.
581 1577 663 1616 Lat.
697 1577 761 1614 lib.
793 1575 843 1614 ΙΙ.
877 1591 1023 1614 chvn.
1054 1574 1246 1623 laudatur,
1282 1575 1387 1614 alter
1419 1575 1670 1624 Vossianus,
1701 1575 1907 1615 Thuaneus

268 1650 326 1685 est
361 1647 453 1684 baud
488 1646 626 1684 dubie:
674 1647 834 1697 itemque
865 1645 954 1682 ibid.
989 1659 1149 1682 ccuvnr.
1183 1650 1298 1682 vetus
1332 1644 1458 1683 codes:
1490 1644 1744 1695 Oudendorpii
1774 1644 1908 1683 Thua-

268 1728 361 1754 neus
393 1719 467 1754 cst.
528 1714 645 1755 Antii.
680 1714 760 1753 Lat.
793 1714 856 1752 lib.
889 1714 918 1752 Ι.
952 1728 1060 1751 cxm.
1093 1726 1153 1750 vs.
1188 1716 1224 1750 4.
1276 1712 1326 1751 Ut
1363 1726 1464 1764 puer
1504 1716 1542 1750 et
1576 1717 1711 1764 poscit
1750 1726 1771 1750 a
1812 1714 1907 1751 Bur-

269 1797 399 1822 manno
432 1797 479 1823 ex
512 1784 728 1833 vossiano,
769 1795 790 1821 a
820 1783 965 1822 Vossio
998 1795 1045 1821 ex
1077 1781 1259 1820 Thuaneo
1300 1781 1480 1819 affertur:
1524 1793 1596 1819 non
1638 1781 1817 1819 credibile
1849 1784 1909 1821 est

270 1856 340 1892 tam
371 1854 461 1891 mira
492 1854 527 1891 in
560 1853 705 1890 duobus
737 1852 932 1890 codicibus
965 1851 1092 1890 cadem
1125 1852 1254 1888 fuisse.
1301 1862 1416 1901 quare
1447 1851 1674 1889 Vossianum
1708 1850 1908 1889 Burmanni

269 1922 367 1960 iilum
401 1923 519 1972 ipsum
552 1933 641 1960 esse
671 1923 784 1971 puto,
830 1932 935 1971 quem
968 1918 1125 1957 contulit
1157 1918 1343 1966 Vossius,
1376 1917 1610 1956 Thuaneum.
1672 1919 1809 1957 Eadem
1841 1932 1908 1957 su-

268 1992 387 2040 spicio
419 1995 478 2029 est
510 1991 546 2028 in
577 1990 659 2028 aliis
692 1989 917 2028 carminibus
949 1986 1066 2026 Anth.
1102 1987 1183 2026 Lat.
1227 1987 1293 2024 lib.
1326 1986 1356 2025 Ι.
1390 2002 1563 2025 cxxxw.
1610 1987 1673 2026 iil).
1706 1987 1754 2026 ll.
1788 2003 1907 2026 cxcv.

268 2059 331 2098 lib.
367 2060 414 2098 V.
449 2074 622 2097 mxxiv.
684 2058 761 2098 Sed
794 2057 1126 2096 luculentissimum
1160 2055 1369 2106 exemplum
1401 2059 1460 2093 est
1491 2056 1534 2094 ad
1574 2056 1694 2095 Antii.
1727 2056 1808 2095 Lat.
1841 2056 1907 2095 lib.

269 2128 317 2167 V.
352 2143 488 2166 xxxu.
523 2128 582 2166 ubi
616 2128 661 2166 de
692 2127 823 2166 eodem
855 2126 986 2165 codice
1016 2124 1198 2163 Tbuaneo
1240 2125 1300 2163 bis
1338 2126 1455 2163 refert
1494 2126 1748 2174 Burmannus,
1793 2125 1906 2165 semel

269 2210 318 2235 ex
350 2197 551 2236 collatione
583 2197 755 2243 Ileinsii,
790 2194 966 2242 aiterum,
1014 2196 1194 2244 tamquam
1227 2194 1273 2231 de
1307 2198 1438 2232 vetere
1470 2183 1599 2232 codice
1631 2194 1827 2243 Leidensi,
1859 2207 1909 2232 ex

268 2265 340 2304 hoc
373 2264 577 2315 exemplari
609 2264 847 2314 Appendicis
881 2262 1028 2311 Scalig.
1062 2263 1261 2311 Leidensi,
1294 2275 1365 2313 quo
1399 2274 1474 2310 ego
1508 2275 1597 2300 usus
1629 2276 1720 2300 sum.
1782 2263 1909 2313 Propo

269 2347 290 2372 a
323 2334 487 2372 veritate
518 2333 637 2371 abfuit
668 2333 900 2371 Burmannus
931 2331 976 2368 ad
1010 2330 1128 2370 Antii.
1161 2331 1243 2369 Lat.
1276 2330 1340 2368 lib.
1363 2330 1412 2369 ΙΙ.
1435 2346 1601 2369 cnxvm.
1635 2332 1695 2369 ubi
1728 2332 1779 2370 ita
1809 2332 1908 2370 scri-

269 2403 353 2442 bit:
400 2402 558 2453 Eloquio
602 2402 799 2449 Puteani,
850 2401 1031 2447 leuani,
1079 2399 1258 2437 Pontam'
1297 2407 1334 2438 ec
1364 2399 1522 2439 Rolmn.
1555 2401 1728 2439 codices.
1771 2408 1808 2439 et
1839 2401 1909 2439 itte

272 2486 382 2524 quem
420 2471 593 2510 Vossius
625 2470 813 2516 contulit,
846 2469 989 2521 ubi-'sue
1019 2482 1102 2507 cnm
1124 2469 1309 2507 lemmeo
1342 2471 1598 2521 conspirans.
1658 2469 1804 2520 Nempe
1837 2481 1908 2507 non

270 2542 396 2578 mirum
428 2542 537 2588 erat,
571 2539 814 2588 conspirare,
846 2550 952 2588 quum
985 2550 1077 2574 unus
1110 2538 1278 2588 idemque
1311 2538 1373 2575 sit.
1434 2537 1570 2575 Eadem
1603 2550 1662 2576 res
1696 2539 1729 2575 in
1763 2536 1905 2577 Culice.

270 2609 413 2647 Moneo
446 2609 676 2650 accuratius,
712 2607 795 2658 quia
827 2619 899 2644 rem
933 2618 1003 2644 non
1036 2606 1235 2656 expedivit
1257 2606 1458 2656 lleynius:
1492 2619 1570 2644 nam
1603 2607 1737 2644 iniuria
1769 2607 1907 2645 erroris

270 2679 397 2726 arguit-
428 2678 722 2715 Friesemannum
756 2676 789 2712 in
824 2675 906 2714 Cul.
940 2677 1035 2713 235.
1069 2678 1163 2714 307.
1188 2677 1280 2712 354.
1343 2673 1599 2721 Schraderus,
1633 2678 1671 2713 ut
1702 2687 1751 2713 ex
1772 2675 1906 2712 Emen-

274 2748 460 2785 dationum
491 2745 587 2783 libro
620 2745 891 2792 cognoscitur,
924 2746 1002 2781 tres
1035 2743 1198 2781 habebat
1230 2742 1273 2780 ad
1294 2741 1459 2782 Culicem
1493 2744 1674 2792 codices,
1707 2742 1768 2781 vel
1801 2744 1907 2781 trium

274 2816 439 2853 codicum
472 2814 705 2852 collationes·
769 2814 906 2851 Horum
939 2825 1049 2858 unus,
1083 2824 1189 2863 quem
1221 2812 1325 2862 ipse,
1367 2814 1405 2851 ut
1445 2812 1615 2857 videtur,
1662 2813 1906 2861 inspexerat,

276 2887 312 2922 et
344 2898 448 2936 quem
489 2884 740 2931 Vossianum,
780 2881 842 2920 vei
884 2882 992 2919 etiam
1031 2881 1275 2929 Leidensem,
1317 2880 1500 2931 appeliat,
1547 2883 1585 2919 et
1625 2892 1907 2919 commemorare

276 2964 353 2990 cum
384 2952 491 2991 laude
510 2982 521 3000 ,
554 2964 674 3003 neque
705 2963 749 2989 ea
780 2950 985 2999 immerita,
1018 2950 1136 2997 solet,
1168 2952 1227 2987 est
1252 2949 1464 2987 Vossianus
1495 2949 1645 2987 membr.
1672 2951 1746 2986 oct.
1765 2948 1813 2986 N.
1840 2953 1906 2988 81.

277 3018 397 3059 catal.
429 3021 529 3060 Bibl.
555 3021 665 3061 Univ.
688 3020 808 3069 Lugd.
836 3020 920 3059 Bar.
942 3032 1033 3071 pag.
1054 3024 1147 3059 389.
1208 3019 1270 3058 Ad
1301 3018 1399 3058 hunc
1430 3020 1545 3068 igitur
1576 3018 1770 3057 reserenda
1798 3021 1905 3067 sunt,
