2006 3365
526 191 579 230 IN
610 190 831 230 VALERII
866 189 1102 232 CATONIS
1132 189 1313 231 DIRAS.
1636 191 1737 236 105

98 303 240 343 dulces.
288 304 484 344 Exclamat
514 303 634 344 Cato:
667 305 811 344 dulcius
842 305 914 344 boc
945 317 1094 345 carmen
1126 306 1336 353 revocasti,
1368 304 1546 343 Battare:
1578 303 1737 341 memini.

96 372 262 422 memini,
294 384 400 425 quum
432 372 523 411 talia
553 373 637 412 olim
670 374 933 413 modulabaris.
995 373 1109 412 Nulla
1139 373 1176 411 in
1209 373 1278 412 hac
1312 372 1584 411 exclamatione
1615 371 1737 409 casti-

95 441 202 490 gatio
234 440 399 480 Battari:
440 444 500 480 est
531 445 669 481 tantum
700 442 840 481 acerba
872 442 1050 492 temporis
1080 445 1166 480 ante
1197 443 1292 489 acti,
1334 444 1372 480 et
1402 440 1584 492 pristinae
1615 438 1737 477 felici-

97 509 203 558 tatis,
234 509 461 548 recordatio.

181 581 387 617 revocasti
418 577 453 616 h.
485 578 509 616 l.
544 578 579 616 in
612 577 720 616 libris
759 577 948 622 omnibus,
993 578 1031 615 et
1072 590 1163 616 vera
1204 577 1416 620 distinctio,
1460 577 1634 616 Dulcius
1664 577 1738 615 hoc

97 646 283 696 (memini)
315 661 349 685 r.
383 647 418 685 h.
450 660 483 686 e.
526 646 562 684 in
594 646 756 685 Venetis
788 645 888 683 Rub.
922 648 960 683 et
991 645 1091 684 lens.
1133 649 1195 683 aut
1225 645 1399 684 Dulcius
1431 647 1524 684 hoe:
1566 647 1735 684 memini:

96 718 135 753 ut
175 715 211 752 in
241 714 411 753 Norimb.
471 715 621 754 Vicent.
666 726 744 752 cum
784 713 901 751 Voss.
936 713 984 751 ll.
1028 713 1176 752 Veneta
1219 715 1337 751 1482.
1378 711 1496 761 aliae,
1540 724 1735 763 perperam

96 783 363 832 distinguendo
394 784 467 822 lzoc
496 785 646 822 memini
677 783 848 831 iungunt.

178 920 230 960 V·
265 924 330 959 72·
400 928 631 962 EMANENT
657 928 825 962 SUBl'ro
853 928 988 962 SICCA
1016 927 1232 961 TELLURE
1259 926 1488 960 PALUDES.
1558 918 1613 956 El
1651 931 1738 956 ma-

94 995 184 1028 nent
225 988 361 1028 Pctav.
401 987 549 1027 Thuan.
590 987 694 1026 Med.
736 986 841 1027 Leid.
885 989 991 1036 Aug.
1035 991 1072 1026 et
1102 987 1212 1026 Vrat.
1247 986 1296 1025 ll.
1356 987 1409 1025 Et
1446 992 1574 1025 manet
1616 987 1737 1025 Paris.

95 1056 164 1096 lv.
227 1061 264 1095 ut
305 1057 400 1108 apud
434 1056 642 1096 Lucretium
677 1055 743 1094 ΙΙΙ.
778 1058 873 1094 582.
921 1057 976 1095 Et
1011 1057 1186 1094 manarit
1224 1059 1284 1094 est
1325 1055 1361 1093 in
1401 1054 1507 1093 libris
1538 1056 1739 1107 antiquitus

95 1125 217 1163 editis.
281 1126 475 1165 Emanent
517 1126 551 1163 in
591 1125 724 1174 editis,
768 1124 852 1163 inde
892 1137 912 1163 a
946 1124 1138 1163 Romanis.
1196 1125 1372 1177 paludes
1413 1124 1555 1164 tellure
1584 1124 1739 1162 inverso

94 1194 246 1243 ordine,
280 1194 386 1233 Mon.
419 1194 469 1233 11.

179 1263 339 1303 subitae
370 1264 465 1301 coni.
491 1262 626 1301 Heins.
669 1261 830 1301 Scilicet
861 1260 931 1300 hoe
964 1262 1190 1313 exquisitius
1219 1274 1324 1313 quam
1351 1261 1482 1301 subito
1507 1261 1738 1300 adverbium.

180 1400 228 1439 V.
274 1402 338 1438 73.
413 1409 472 1442 ΕΤ
504 1408 666 1441 ΜΕΤΑΤ
700 1408 776 1441 HIC
812 1407 1003 1446 IUNCOS,
1041 1407 1207 1441 SPICAS
1245 1408 1320 1440 UBI
1357 1407 1569 1441 LEGIMUS
1607 1407 1739 1441 0111111.

96 1467 232 1507 Altera
262 1468 461 1519 praeclara
491 1468 680 1506 restitutio
712 1467 855 1506 Bembi.
897 1468 945 1506 Et
975 1468 1032 1505 sic
1063 1467 1198 1506 editum
1230 1468 1263 1505 in
1296 1466 1472 1515 Aldinis,
1506 1468 1594 1506 Bas.
1617 1469 1737 1506 1543.

95 1537 193 1576 Ven-
230 1540 348 1576 1544.
386 1539 507 1575 1555.
546 1539 661 1575 1558.
696 1536 819 1585 Lugd.
856 1539 976 1574 1556.
1009 1535 1131 1574 Antv.
1168 1538 1288 1574 1556.
1329 1537 1420 1574 Bas.
1456 1538 1575 1573 1561.
1612 1535 1737 1575 Scali-

91 1606 272 1655 gemnis,
305 1605 473 1657 reliquis.
536 1604 667 1653 Vulgo
700 1603 905 1652 edebatur,
938 1604 1022 1642 inde
1053 1616 1075 1641 a
1106 1604 1310 1643 Romanis:

603 1674 658 1712 Et
687 1681 806 1712 metat
838 1672 924 1711 hinc
955 1673 1086 1712 miles:

92 1744 131 1781 et
161 1742 220 1781 sic
251 1742 361 1781 codd.
394 1742 485 1781 Bas.
517 1741 626 1780 Vrat.
658 1742 710 1780 ll.
744 1742 860 1780 Voss.
894 1741 942 1780 ll.
991 1744 1055 1782 hie
1084 1743 1196 1782 miles
1228 1742 1265 1780 in
1297 1741 1412 1792 Virg.
1446 1741 1534 1781 Aldi
1565 1745 1603 1781 et
1632 1743 1739 1782 Tau-

91 1811 162 1850 rin.
201 1813 319 1850 1518.
440 1810 517 1850 Sed
551 1823 621 1849 una
653 1815 771 1849 tamen
806 1810 893 1848 illud
927 1811 1052 1850 multis
1083 1812 1192 1849 annis
1224 1814 1311 1850 ante
1341 1812 1518 1850 Bembum
1552 1811 1739 1850 Aldinas-

38 1870 40 1872 ¹
91 1892 163 1932 que
194 1879 345 1930 habuit,
377 1880 619 1919 Mutinensis.
663 1881 865 1919 Praeterea
890 1880 1062 1932 quicquid
1096 1879 1275 1918 librorum
1306 1881 1531 1931 scriptorum
1562 1881 1738 1932 antiquo-

93 1961 169 1987 rum
199 1952 279 1994 est,
323 1961 451 1987 omnes
483 1949 699 1987 confirmant
732 1949 1022 1987 enwndationem
1056 1948 1209 1995 ssemhi,
1250 1961 1354 2000 quam
1396 1949 1554 1999 proinde
1585 1961 1657 1987 non
1689 1960 1738 1987 ex

92 2017 245 2065 ingenio
277 2019 432 2063 tactam,
465 2017 534 2056 sed
569 2030 588 2056 e
621 2018 751 2056 codice
783 2018 934 2067 petitam
971 2016 1098 2055 Bembi
1132 2030 1220 2055 esse
1252 2021 1390 2055 certum
1423 2021 1494 2056 est.
1552 2017 1740 2057 Differ-unt

93 2084 177 2123 libri
207 2086 346 2138 antiqui
389 2087 424 2124 in
467 2087 582 2125 rebus
614 2087 861 2125 secundariis.
924 2086 1041 2138 Quum
1084 2088 1178 2125 enim
1217 2087 1282 2126 hic
1323 2087 1373 2125 sit
1413 2087 1448 2124 in
1482 2086 1735 2135 Augustano,

93 2153 195 2199 aliis,
229 2155 263 2192 in
296 2154 443 2193 Thuan.
477 2155 583 2194 [mid.
617 2155 719 2194 [uod.
754 2156 874 2193 Paris.
909 2155 977 2193 lv.
1011 2157 1102 2195 1ιὶηο
1131 2155 1284 2204 legitur.
1345 2155 1493 2193 Deinde
1532 2156 1670 2194 uinces
1702 2155 1738 2192 in

92 2222 238 2261 Thoan.
280 2224 402 2261 Paris·
435 2223 485 2263 11.
527 2224 649 2274 Angl.
682 2228 745 2262 aut
784 2228 843 2262 cst
882 2224 1079 2275 scriptum,
1126 2227 1189 2263 aut
1229 2224 1377 2262 videtur
1417 2225 1595 2273 scriptum
1634 2236 1737 2263 esse.

93 2294 204 2331 iueos
238 2292 298 2330 vel
329 2297 441 2333 uicos
475 2294 510 2331 in
544 2294 665 2332 Paris.
700 2293 768 2331 lV.
829 2294 916 2332 lzeie
947 2295 1086 2332 iuncos
1120 2293 1203 2332 cod.
1236 2293 1295 2345 qui
1330 2293 1467 2331 dicitur
1499 2292 1626 2331 Pierii.

179 2359 360 2399 Caussam
392 2362 678 2413 depravationis
710 2375 781 2402 non
814 2362 906 2400 male
938 2361 1104 2401 declarat
1128 2362 1315 2402 Bembus:
1347 2369 1389 2401 ut
1415 2361 1617 2411 videlieet,
1640 2375 1739 2416 quo-

93 2434 203 2469 niam
233 2437 320 2469 erat
352 2435 389 2470 in
419 2431 621 2471 veteribus
660 2432 952 2484 exemplaribus
996 2429 1344 2486 (quemadmodum
1381 2432 1474 2471 milii
1504 2431 1643 2470 videre
1673 2433 1740 2471 vi-

93 2499 214 2549 deor)
249 2502 307 2538 ila
347 2501 445 2539 haee
477 2500 580 2540 lewis
613 2506 759 2541 MILES
792 2501 1026 2552 adscripta,
1075 2508 1116 2540 ut
1156 2508 1266 2540 esset
1303 2507 1420 2540 extra
1457 2514 1615 2541 versum
1645 2506 1740 2539 tan-

95 2582 210 2624 quam
247 2571 522 2620 interpretatio
563 2570 675 2609 illius
704 2574 946 2623 pronominis
981 2578 1083 2619 Hm,
1125 2584 1172 2609 ne
1200 2583 1274 2623 pro
1306 2569 1498 2609 adverbio
1530 2571 1739 2621 accipere-

92 2644 180 2687 tur,
213 2650 288 2676 non
314 2638 514 2676 doctorum
537 2638 785 2679 librariorum
808 2641 960 2694 aliquis
989 2653 1149 2695 quorum
1172 2639 1390 2679 mehercule
1414 2652 1560 2689 maqna
1587 2638 1740 2692 quidem

94 2711 212 2759 eopia
244 2720 397 2759 semper
424 2707 527 2758 suit,
558 2709 731 2747 mendum
760 2716 877 2749 ratus
910 2724 1069 2750 versum
1101 2713 1229 2762 ipsum
1257 2710 1498 2760 perverterit
1531 2729 1595 2745 —.
1656 2706 1738 2755 Igi-

93 2780 153 2815 tur
183 2776 248 2815 hz‘e
278 2776 442 2815 Bembus
474 2787 675 2825 pronomen
707 2790 794 2816 esse
827 2779 1083 2818 existimabat.
1136 2776 1231 2818 Mihi
1264 2776 1469 2828 simplicius
1501 2776 1651 2815 videtur
1682 2774 1739 2812 al-

93 2848 224 2884 terum.
288 2844 360 2897 Qui
393 2844 487 2882 enim
520 2842 614 2882 haec
644 2844 805 2896 legerit,
838 2848 894 2887 Et
923 2854 1044 2887 metat
1073 2847 1138 2886 liic
1169 2850 1332 2894 iuncos,
1365 2848 1508 2898 spicas
1540 2844 1607 2883 ubi
1637 2843 1739 2894 ἱερέ-

93 2928 178 2954 mus
211 2914 323 2962 olim,
364 2913 451 2965 quid
483 2913 587 2963 prius
619 2914 791 2953 coniiciet
821 2928 928 2967 quam
959 2916 1138 2967 opposita
1175 2916 1271 2953 inter
1302 2927 1345 2953 se
1376 2926 1465 2952 esse
1495 2914 1559 2952 hic
1590 2914 1628 2950 et
1658 2911 1737 2951 ubi.

95 2982 219 3033 Quare
249 2983 313 3022 liic
343 2982 561 3021 adverbium
594 2994 704 3031 esse,
736 2987 775 3022 et
806 2996 855 3022 ex
881 2997 996 3024 versu
1023 2986 1088 3023 70.
1115 2984 1349 3032 cogitatione
1378 2981 1623 3032 supplendum
1648 2993 1738 3021 esse

95 3051 206 3092 miles
239 3052 323 3091 sive
353 3064 441 3091 erro
473 3062 626 3090 censeo.
687 3050 794 3103 Quod
825 3053 920 3092 enim
952 3053 1005 3092 ibi
1036 3052 1243 3093 erronibus
1275 3054 1356 3100 est,
1388 3049 1566 3100 pluralis,
1600 3050 1632 3088 is
1663 3061 1737 3089 non
