2006 3365
504 136 558 176 IN
591 136 809 178 VALERlI
841 136 1078 177 CATONIS
1109 136 1289 176 DIRAS.
1654 141 1720 185 73

80 251 300 303 praesertim
332 263 439 303 quum
470 252 609 292 nimbis
642 252 873 302 intercedat,
907 256 945 292 ut
975 265 1053 290 eam
1086 264 1131 291 ne
1157 252 1345 291 Romanas
1370 250 1513 304 quidem
1544 251 1720 291 affecisse

78 331 191 359 aures
222 320 445 359 existimem.

162 411 213 450 V.
247 413 313 449 40.
352 415 383 449 l.
447 420 580 462 QUOM
606 421 699 454 TUA
729 421 919 454 ΓΥΑΝΕΟ
946 420 1287 454 RESPLENDENS
1313 419 1530 453 AETHERE
1556 422 1626 453 etc.

163 480 257 519 Cum
288 486 359 518 tua
391 478 571 532 Cyanen]
605 483 786 534 Cymaeo,
820 480 1013 528 caeruleo,
1052 485 1090 517 ut
1121 480 1154 517 in
1188 479 1268 518 ciri
1300 480 1511 519 caeruleas
1544 480 1718 520 umbras.

77 547 217 587 Tamen
250 547 311 586 hic
342 560 490 600 quoque
514 550 668 601 Cyrneo
699 548 777 597 legi
808 552 963 598 posset.
998 552 1036 586 ut
1061 560 1177 597 supra
1196 549 1378 599 Cyrneas
1403 561 1537 588 voees.
1626 549 1719 588 Non

76 618 214 655 iterum
245 613 402 669 dicens]
445 617 500 655 lta
533 618 671 656 habent
702 629 830 655 omues
861 616 1065 667 antiquitus
1098 616 1253 663 excusi,
1293 615 1388 667 quod
1422 617 1456 653 in
1489 617 1717 656 recentiori-

75 685 147 724 bus
178 685 379 736 impudenti
411 686 569 725 audacia
600 687 634 724 in
667 686 793 724 nescio
826 684 922 736 quod
954 687 1154 722 monstrum
1186 685 1399 722 sententiae
1430 688 1602 723 mutatum
1635 687 1716 725 fuit.

75 753 163 802 Ego
197 766 289 792 vero
321 755 477 803 dicent,
510 767 580 793 nou
613 755 750 793 dicens
783 753 895 802 lego,
928 758 967 791 ut
998 764 1068 790 non
1101 764 1197 802 opus
1228 753 1279 791 sit
1309 755 1365 791 tot
1398 752 1516 790 verba
1544 753 1717 804 interpo-

74 821 167 861 lare.
228 821 320 862 Cum
352 822 529 873 amplius,
572 823 709 874 inquit,
750 833 855 859 nemo
888 820 989 859 dicet
1019 828 1089 859 tua
1121 820 1245 859 silva.
1305 820 1398 859 Nam
1430 821 1564 860 crebro
1596 821 1718 871 Lydia

75 890 172 929 dixit
210 898 282 930 tna
320 892 445 931 silva.
506 892 641 939 Auget
679 890 853 928 invidiam
892 902 913 927 a
944 891 1116 928 memoria
1153 890 1206 928 rei
1245 889 1427 938 amissae,
1467 893 1526 940 ut,
1565 891 1716 943 suimus

79 959 218 999 Troes.
251 964 311 1009 et,
344 961 539 1011 Campum
572 959 639 999 ubi
674 959 794 998 Troia
823 960 918 1010 faie.
978 961 1226 995 SCALIGER.

160 1028 308 1067 Versus
341 1029 407 1065 40.
445 1026 559 1075 nihil,
602 1026 686 1064 mihi
726 1026 893 1078 quidem,
933 1025 1167 1066 difficultatis
1207 1025 1335 1066 habet.
1395 1026 1529 1079 Neque
1569 1028 1718 1067 variant

73 1095 267 1148 quicquam
305 1095 412 1144 libri,
453 1100 606 1147 praeter
636 1095 759 1134 Paris.
791 1095 861 1134 lv.
903 1096 938 1134 iu
970 1108 1042 1148 quo
1072 1096 1352 1148 resplendeat,
1394 1100 1433 1135 et
1463 1096 1570 1135 Mon.
1604 1095 1632 1135 l.
1664 1095 1714 1135 II.

72 1164 182 1203 Vrat.
215 1163 244 1202 Ι.
279 1164 387 1202 Brix.
422 1163 517 1203 Ven.
557 1167 674 1203 1488.
711 1163 869 1203 Mediol.
904 1168 1024 1203 1501.
1065 1165 1101 1202 in
1139 1164 1276 1216 quibus
1313 1166 1574 1218 respondens.
1624 1167 1714 1204 cia-

71 1246 142 1271 neo
176 1232 283 1271 Vrat.
317 1233 366 1272 11.
429 1234 550 1290 Quom
582 1233 703 1281 Angl.
737 1235 775 1272 et
808 1233 895 1270 Bas.
1016 1245 1166 1285 cyaneo
1197 1232 1390 1283 epitheton
1432 1238 1536 1273 recte
1567 1234 1614 1272 dc
1645 1246 1715 1273 vo-

71 1301 153 1340 lore
184 1301 341 1341 coelesti
374 1302 512 1352 accipit
544 1302 768 1352 Pomponius
801 1302 981 1341 Sabinus.
1033 1302 1175 1341 Contra
1202 1314 1308 1354 quem
1335 1303 1464 1353 inepta
1493 1303 1715 1341 eruditionis

71 1371 327 1409 ostentatione
358 1371 534 1420 exsurgit
566 1371 764 1409 Domitius.
810 1370 940 1410 Gloss.
967 1370 1014 1409 V.
1042 1369 1071 1409 1.
1116 1371 1305 1422 Cyaneas
1337 1371 1445 1411 color
1474 1379 1537 1411 est
1569 1371 1714 1411 dubius

73 1439 182 1478 color
214 1439 350 1493 qualis
382 1447 445 1479 est
474 1439 582 1478 color
613 1440 792 1479 celestis.
837 1440 996 1479 Plinius
1022 1441 1215 1492 alcyones
1241 1440 1345 1479 hunc
1375 1441 1540 1479 colorem
1569 1440 1716 1480 habere

74 1509 186 1547 dicit.
232 1507 348 1557 male,
381 1508 478 1560 quod
512 1507 666 1547 dubium
698 1508 799 1546 dicit.
832 1507 942 1547 Plinii
976 1507 1079 1546 locus
1111 1511 1171 1547 est
1200 1508 1250 1547 H.
1274 1508 1324 1547 N.
1348 1509 1398 1547 X.
1425 1523 1560 1547 xxxu.
1606 1510 1716 1562 Cya-

72 1589 183 1616 neum
223 1575 318 1615 Cato
361 1575 523 1615 colorem
563 1576 680 1624 coeli,
719 1589 826 1629 quum
865 1588 1036 1615 serenum
1076 1582 1157 1626 est,
1195 1576 1399 1616 naturalem
1438 1578 1549 1617 dicit:
1603 1581 1717 1629 pote-

71 1648 131 1684 rat
161 1645 270 1684 etiam
302 1645 539 1685 caeruleum.
606 1644 688 1698 Qua
718 1646 753 1683 in
789 1658 829 1684 re
869 1645 1146 1684 observandum
1185 1649 1268 1695 est,
1310 1646 1423 1685 multo
1462 1648 1584 1696 magis
1626 1659 1717 1686 cae-

72 1712 234 1764 ruleum,
273 1716 313 1752 ut
349 1716 523 1761 narrant,
574 1713 707 1752 Italiae
749 1712 891 1752 coelum
934 1726 1044 1762 esse,
1087 1727 1194 1767 quam
1235 1717 1400 1754 nostrum
1438 1714 1716 1766 Hyperboreo-

73 1793 172 1829 rum,
213 1782 311 1833 quod
344 1794 451 1834 quum
482 1782 642 1820 maxime
681 1795 853 1821 serenum
886 1786 967 1832 est,
1008 1795 1092 1822 raro
1132 1788 1251 1822 tamen
1284 1783 1447 1823 colorem
1479 1788 1592 1824 totum
1624 1797 1717 1824 cae-

73 1850 234 1899 ruleum,
278 1863 483 1901 cyaneum,
521 1849 642 1902 qualis
684 1856 744 1890 est
784 1852 893 1902 cyani
933 1851 1058 1898 floris,
1102 1853 1170 1892 sed
1202 1852 1418 1905 plerumque
1458 1853 1596 1906 aliquid
1628 1853 1716 1904 pal-

74 1918 140 1957 lidi
171 1918 305 1965 habet,
346 1922 384 1958 et
413 1918 576 1958 albescit
616 1920 772 1958 nimium.
834 1920 911 1969 Eo,
954 1933 1025 1973 quo
1058 1920 1158 1970 dixi,
1199 1933 1313 1959 sensu
1346 1921 1486 1959 Ennius
1518 1921 1578 1960 bis
1611 1922 1718 1961 caeli

75 1987 224 2026 caerula
254 1988 418 2041 templa,
460 2001 495 2039 p.
531 1990 596 2026 34.
629 2001 666 2039 p.
701 1991 793 2027 12⁴.
825 1989 884 2027 ed.
929 1988 1081 2027 Hessel.
1129 1992 1166 2028 et
1196 2002 1326 2028 rursus
1357 2003 1465 2029 cava
1497 1989 1646 2028 caerula
1677 2003 1716 2041 p.

76 2057 170 2095 279.
208 2056 400 2095 Aruoldus
431 2055 549 2095 locum
582 2056 654 2096 huc
684 2059 846 2096 sortasse
872 2059 1115 2108 pertinentem
1140 2057 1297 2108 Synesii
1321 2058 1466 2108 laudat,
1498 2057 1636 2109 hymno
1657 2073 1714 2097 ix.

76 2121 128 2161 σύ
157 2121 202 2161 δὲ
225 2121 382 2174 ταρσὸν
406 2124 593 2170 ἐλάσσας
619 2122 911 2175 κυανάντυγος
943 2122 1130 2175 οὐρανοῦ
1160 2123 1377 2177 ὑπερήλαο
1407 2124 1565 2165 νώτων.
1605 2128 1716 2167 Allo-

75 2194 137 2246 qui
168 2206 241 2233 non
271 2195 382 2234 multa
414 2194 523 2234 huius
555 2208 645 2233 usus
677 2195 848 2245 exemplu
880 2196 1044 2235 invenio.
1090 2195 1204 2235 Aliud
1238 2200 1320 2246 est,
1352 2209 1458 2249 quum
1491 2209 1589 2235 mare
1619 2210 1715 2237 cae-

75 2263 223 2302 ruleum
254 2263 405 2315 dicitur,
437 2268 500 2303 aut
531 2278 637 2317 quum
669 2265 913 2314 caeruleum,
952 2261 1156 2316 κυάνεον,
1188 2266 1242 2316 id,
1281 2267 1378 2319 quod
1410 2267 1566 2305 fuscum.
1628 2266 1714 2306 Re-

76 2332 261 2384 splendet
291 2336 412 2372 autem
442 2332 543 2372 silva
574 2333 733 2373 aethere
762 2347 935 2386 cyaneo,
973 2338 1011 2374 ut
1042 2334 1167 2374 solent
1204 2347 1275 2374 non
1314 2335 1431 2373 solum
1463 2334 1607 2384 silvae,
1647 2334 1713 2373 sed

77 2401 187 2440 etiam
218 2413 336 2448 arva,
365 2405 488 2451 prata,
522 2403 664 2450 onmia,
696 2402 941 2453 resplendere
971 2415 1016 2442 ac
1047 2403 1189 2449 ridere,
1232 2416 1340 2455 quum
1370 2416 1541 2442 serenum
1573 2403 1716 2442 coelum

75 2474 157 2520 estg
189 2474 318 2509 contra
349 2470 549 2510 obscurato
581 2472 743 2510 nubibus
775 2471 907 2521 coelo,
950 2471 1136 2521 caligant,
1176 2483 1221 2511 ac
1251 2475 1397 2511 moesta
1427 2473 1551 2511 iacent
1581 2473 1714 2511 onmia.

78 2540 186 2579 Scite
218 2544 330 2589 poeta
359 2538 481 2577 silvae
511 2553 621 2590 suae,
663 2541 719 2579 cui
759 2541 950 2580 interitum
989 2542 1233 2592 imprecatur,
1277 2541 1475 2590 imaginem
1515 2542 1589 2579 sibi
1628 2547 1716 2580 aute

77 2607 208 2648 oculos
239 2609 345 2659 pouit
375 2620 475 2655 eam,
507 2621 602 2660 quae
631 2610 918 2657 iucundissima,
951 2612 990 2648 et
1021 2622 1092 2662 qua
1118 2610 1203 2648 olim
1227 2610 1438 2650 delectatus
1464 2612 1585 2650 fuerat
1610 2622 1716 2662 quam

77 2678 247 2717 maxime.
292 2677 374 2730 Quo
406 2676 500 2715 enim
532 2677 666 2729 aliquid
698 2677 913 2729 pulchrius,
944 2691 989 2717 eo
1015 2678 1188 2717 acerbius
1215 2680 1374 2718 sentitur
1398 2680 1584 2719 interitus.
1630 2678 1715 2716 Do-

77 2745 156 2793 let,
188 2747 284 2798 quod
317 2751 386 2785 tam
419 2744 574 2796 pulchra
603 2748 726 2796 perire
756 2746 855 2785 silva
885 2747 1044 2796 debeat,
1083 2747 1150 2786 sed
1183 2753 1301 2787 tamen
1333 2749 1456 2799 perire
1487 2748 1619 2787 silvam
1650 2758 1715 2784 re-

78 2817 195 2865 pente
226 2815 438 2853 fulminibus
469 2813 574 2852 Iovis
605 2815 769 2865 mavult,
800 2827 906 2867 quam
938 2816 1132 2855 devastari
1162 2829 1184 2855 a
1213 2817 1340 2856 milite.
1392 2817 1489 2856 Post
1517 2815 1613 2854 haec
1642 2827 1714 2866 ap-

79 2886 209 2934 paret,
249 2883 334 2935 quid
367 2882 602 2922 coniecturae
640 2883 872 2922 tribuendum
906 2886 956 2924 sit
988 2884 1156 2935 Heinsii‚
1196 2899 1346 2939 cyaneo
1387 2897 1569 2940 aequore.
1631 2883 1714 2923 Etsi

80 2964 159 2990 eam
190 2952 237 2990 ab
269 2964 341 2990 uua
370 2955 478 3002 parte
508 2951 607 2990 bene
637 2951 844 3002 stabilivit,
877 2953 959 2992 dum
989 2957 1094 2994 recte
1125 2968 1314 3008 cyaneum
1343 2955 1414 2993 diei
1440 2965 1590 3007 aequor
1618 2951 1713 2992 locis

80 3020 127 3060 ab
158 3033 201 3060 se
231 3021 455 3072 ingeniose,
487 3024 525 3061 et
554 3032 672 3071 vere,
704 3024 874 3073 quantum
898 3023 1034 3074 video,
1064 3024 1270 3063 emendatis
1288 3023 1433 3062 Avieni
1459 3022 1711 3062 demonstrat:
