2006 3365
536 144 589 184 ΙΝ
620 143 841 185 VALERII
873 141 1110 183 CATONIS
1141 140 1320 181 DIRAS.
1646 141 1742 185 101

110 260 211 299 libri.
272 259 392 299 dictis
423 261 530 298 recte
559 258 746 308 Aldinae,
779 259 818 298 et
847 260 936 309 post
965 256 1127 296 Aldinas
1158 257 1298 297 Venet.
1327 258 1447 295 1544.
1476 255 1593 292 1558.
1626 253 1744 292 Antv.

114 331 233 367 1556.
267 328 356 366 Bas.
394 331 513 366 1561.
553 330 591 366 et
621 327 718 379 quod
751 339 822 365 non
854 325 1002 365 multum
1033 325 1179 375 differt,
1211 326 1309 364 ditis
1331 324 1466 364 Petav.
1486 321 1633 361 Tbuan.
1655 321 1746 360 Me-

110 398 182 436 dic.
221 395 383 435 Helmst.
426 396 550 434 Paris.
590 395 639 434 ΙΙ.
671 395 741 434 ΙΙΙ.
775 394 842 434 lV.
883 393 1003 443 Angl.
1043 393 1149 442 Aug.
1222 394 1327 433 dicis
1364 391 1470 432 Mon.
1501 391 1532 430 Ι.
1564 390 1614 429 ΙΙ.
1674 388 1746 442 Qui

110 466 228 516 ipsum
260 465 383 503 dietis
416 464 573 513 habeat,
612 463 746 502 nullum
787 464 876 501 novi
919 475 1023 500 manu
1064 462 1241 511 seriptum
1280 464 1430 512 praeter
1459 460 1684 499 Vossianum
1717 458 1746 497 l.

109 534 142 572 si
174 535 198 571 ἴ.
231 546 264 570 S.
298 536 336 571 et
377 533 485 570 istum
516 532 605 571 MS.
648 532 707 583 qui
747 531 882 569 dieitur
913 530 1040 568 Pierii.
1115 530 1192 568 Sed
1234 529 1328 567 male
1360 529 1523 568 Aldinae
1561 529 1680 567 omnia
1711 528 1748 565 in

109 613 214 640 unam
247 601 444 640 coniuncta
475 602 696 640 sententiam
728 598 890 637 liabent:
925 598 999 637 Nil
1029 604 1116 645 est,
1150 598 1255 651 quod
1282 598 1445 650 perdam
1474 598 1642 637 ulterius
1667 610 1748 636 me-

108 672 190 708 rila
220 673 347 709 onmia
379 671 516 709 dietis.
563 668 729 707 Restitui
764 679 888 704 veram
920 667 1210 704 distinctionem.
1252 666 1384 704 Habes
1408 678 1558 704 versum
1586 677 1630 704 ca
1654 677 1749 704 con-

108 739 348 786 formatione,
381 750 501 790 eaque
534 738 731 776 verborum
765 734 1033 783 collocatione,
1066 747 1169 786 quam
1203 734 1364 772 vidimus
1395 734 1432 771 in
1465 747 1503 772 v.
1532 737 1595 772 41.
1642 732 1749 772 Nihil

109 811 188 856 est,
221 807 361 859 inquit,
395 807 490 859 quod
524 806 674 856 perdam
707 803 862 843 ulterius
889 803 1000 841 dictis
1023 803 1137 851 meis,
1170 814 1214 840 ac
1238 802 1369 841 merita
1392 804 1479 841 sunt
1504 803 1645 840 omnia:
1677 801 1750 841 hoc

109 879 189 919 est,
224 877 366 914 etiamsi
398 875 633 913 atrocissima
666 873 807 921 dicam,
839 870 932 910 nihil
964 871 1102 916 dicam,
1136 870 1231 923 quod
1266 882 1339 909 non
1370 870 1422 909 sit
1451 870 1631 909 meritum.
1685 871 1749 909 ul-

107 948 257 992 terius,
300 946 338 982 ut
368 943 463 994 apud
498 941 671 981 Ovidium
715 940 777 979 illo
810 939 915 980 loco:
959 940 1128 979 ulterius
1167 940 1224 978 nic
1260 939 1377 979 hahet
1414 939 1485 978 ille
1521 941 1617 988 mei,
1657 937 1750 977 nihil

108 1016 259 1063 praeter
290 1012 433 1050 oscula.
468 1014 507 1049 ut
536 1023 626 1049 nos:
660 1011 806 1049 weiter.
851 1009 915 1048 Ich
943 1009 1039 1047 kann
1067 1009 1201 1048 weiter
1223 1007 1348 1048 nichts
1374 1007 1601 1046 verderben.
1641 1006 1749 1060 Quod

107 1083 170 1119 est
190 1080 450 1130 desperantis:
484 1080 544 1131 qui
571 1078 769 1129 desperat,
802 1089 970 1117 caussam
1002 1090 1073 1117 non
1099 1077 1237 1127 hahet,
1270 1089 1334 1116 cur
1358 1076 1551 1115 contineat
1571 1075 1751 1125 linguam.

191 1149 356 1202 perdam
382 1148 505 1187 Paris.
528 1148 597 1187 lv.
630 1147 846 1198 compendio
878 1147 1087 1196 scripturae
1119 1158 1186 1190 eo,
1219 1146 1316 1197 quod
1345 1146 1453 1183 etiam
1482 1145 1650 1197 prodam
1680 1157 1748 1183 va-

107 1217 187 1255 lere
227 1220 371 1267 potest.
440 1215 579 1254 ulteris
620 1217 795 1254 meritam
833 1214 980 1253 Thuan.
1023 1217 1061 1253 et
1097 1217 1272 1253 meritam
1313 1213 1418 1253 Loid.
1457 1226 1518 1265 ap.
1558 1214 1680 1252 Burm.
1713 1217 1752 1253 et

107 1286 230 1324 Paris.
262 1284 311 1323 11.
373 1287 524 1324 meritis
559 1283 677 1322 Voss.
710 1283 739 1321 l.
773 1283 915 1322 diserte
946 1285 1113 1322 testante
1143 1282 1302 1321 Vossio.
1356 1282 1441 1321 Nisi
1474 1281 1534 1321 hic
1565 1295 1669 1321 error
1699 1283 1751 1322 sit

106 1353 254 1393 Vossii.

193 1422 269 1463 Nil
311 1429 374 1461 est
415 1423 519 1476 quod
554 1422 720 1474 perdam
761 1422 952 1461 ulterius:
999 1424 1139 1460 merila
1182 1424 1309 1459 omnia
1349 1421 1490 1469 diras,
1537 1421 1752 1459 coniectura

109 1491 278 1541 Heinsii3
313 1489 373 1529 vel
405 1491 484 1529 sic:
530 1491 604 1530 Nil
635 1497 698 1530 est
730 1504 805 1544 quo
833 1503 996 1543 peryam
1028 1489 1208 1528 ulterius.
1252 1492 1289 1528 et
1317 1503 1478 1541 per-qam
1509 1488 1750 1527 Eiebstadius

109 1561 276 1611 recepit,
309 1562 347 1598 et
376 1562 516 1598 merita
547 1562 676 1598 omnia
707 1560 806 1598 (lixi.
867 1557 1092 1597 Putscbius:
1133 1558 1208 1597 Nil
1239 1565 1322 1607 esc,
1356 1558 1461 1611 quod
1489 1559 1654 1609 perdam
1685 1559 1749 1597 ul-

108 1631 257 1669 tem'us:
289 1630 424 1667 merim
456 1631 584 1668 onmia
615 1629 736 1668 dieis.
781 1630 921 1667 merita
951 1630 1080 1667 omnia
1112 1628 1217 1667 dicis
1249 1640 1369 1678 nuper
1401 1627 1589 1677 Silligius.

191 1765 242 1805 V·
262 1767 327 1803 67·
361 1775 586 1808 FLECTITE
612 1774 878 1808 CURRENTIS
904 1773 1155 1814 LYMPHAS,
1176 1774 1305 1808 VAGA
1332 1774 1566 1816 FLUMINA,
1583 1774 1749 1808 RE'PRO.

107 1837 305 1874 currentis
337 1848 386 1873 ex
417 1834 564 1874 Thuan.
601 1835 720 1873 Paris.
756 1834 804 1873 ll.
837 1834 904 1872 ΙΙΙ.
939 1833 1058 1885 Angl.
1091 1834 1197 1883 Aug.
1230 1833 1338 1873 Mon.
1372 1836 1403 1873 1.
1445 1840 1647 1874 currentes
1670 1835 1746 1873 Pa-

107 1904 175 1942 ris.
207 1902 276 1941 lv.
308 1906 347 1942 ut
378 1903 512 1952 vulgo.
573 1902 624 1942 Ut
654 1907 796 1942 taceam
828 1904 1059 1942 recentiores
1090 1903 1196 1951 illos,
1237 1905 1296 1955 qui
1329 1905 1548 1943 currenteis
1580 1903 1748 1942 edidere.

108 1972 290 2025 lymphas
322 1972 411 2011 editi
444 1985 572 2010 onmes
604 1972 689 2010 inde
720 1984 740 2009 a
773 1972 971 2014 Romanis.
1005 1977 1041 2011 et
1072 1973 1244 2023 limphas
1278 1973 1362 2011 cod.
1388 1973 1474 2011 Bas.
1499 1974 1538 2011 ut
1559 1971 1699 2011 Aldina
1715 1972 1745 2011 1.

107 2045 146 2081 at
176 2043 368 2095 nymphas
410 2043 546 2081 Petav.
587 2041 692 2080 Leid.
726 2041 848 2079 Paris.
883 2040 950 2079 ΙΙΙ.
983 2041 1052 2079 lv,
1095 2042 1200 2089 Aug.
1233 2041 1339 2079 Mon.
1370 2040 1420 2079 ll.
1462 2040 1524 2080 vel
1563 2042 1746 2094 nimphas

108 2113 147 2149 ut
177 2110 324 2149 Thuan.
356 2110 478 2160 Angl.
511 2110 617 2149 Mon.
642 2111 670 2149 l.
706 2110 765 2149 vel
799 2111 959 2161 deniqne
991 2112 1139 2161 nimfas
1173 2114 1211 2148 ut
1242 2110 1365 2148 Pari-s.
1389 2109 1437 2148 ll.
1485 2109 1601 2163 Quam
1632 2110 1746 2149 aber-

107 2179 288 2217 rationem
320 2181 388 2218 suit
421 2193 527 2231 quum
561 2180 790 2229 arripiebant
822 2183 933 2231 atque
965 2179 1303 2223 exosculabantur,
1344 2179 1493 2230 quoties
1532 2181 1748 2218 occurreret

108 2249 142 2285 in
175 2247 302 2297 libris,
336 2249 405 2286 viri
438 2249 557 2288 docti:
592 2251 630 2286 ut
660 2248 839 2285 Heinsius
872 2248 915 2285 ad
951 2247 1066 2285 ovid.
1102 2248 1223 2298 Epist.
1257 2248 1305 2287 V.
1334 2251 1399 2286 31.
1433 2248 1496 2286 ubi
1526 2249 1635 2288 etiam
1667 2246 1746 2287 Ca-

107 2317 184 2355 toni
217 2318 408 2368 nymphas
440 2329 490 2355 ex
521 2316 611 2355 MS.
653 2316 712 2368 qui
748 2316 841 2354 haud
875 2316 985 2355 dubit·
1020 2317 1247 2355 petavianus
1279 2319 1360 2365 est,
1400 2317 1576 2356 restituit.
1636 2316 1746 2356 Nunc

107 2397 255 2430 omneS,
286 2388 397 2435 puto,
440 2389 478 2424 ut
518 2398 636 2436 nuper
671 2385 954 2424 Doederleinius
988 2386 1135 2436 Synon.
1169 2388 1207 2424 et
1240 2385 1402 2436 Etymol.
1435 2385 1515 2425 Lat.
1548 2385 1592 2425 P.
1623 2385 1674 2424 11.
1706 2399 1742 2436 p.

111 2457 174 2492 16.
208 2457 475 2503 perceperunt,
517 2455 667 2493 differre
704 2454 839 2506 aliquid
882 2455 979 2494 inter
1013 2456 1194 2508 lymphas
1236 2458 1273 2494 et.
1304 2455 1522 2507 nymphas,
1561 2457 1600 2493 et
1630 2466 1742 2503 csse,

107 2523 170 2561 ubi
203 2522 310 2563 illud,
345 2534 454 2570 esse,
487 2524 547 2561 ubi
580 2523 653 2561 hoe
684 2523 819 2561 debeat
852 2525 960 2573 ponig
994 2524 1154 2575 denique
1185 2536 1293 2573 esse,
1326 2524 1388 2563 ubi
1412 2528 1602 2575 utrumque
1629 2523 1742 2561 scribi

107 2593 290 2642 potin-rit,
324 2590 390 2627 sed
424 2603 501 2628 eum
534 2592 655 2643 aliqua
688 2592 895 2630 dill'erentia
928 2593 1138 2631 sententiae
1165 2597 1277 2644 atque
1309 2593 1509 2641 imaginis:
1540 2591 1628 2631 licet
1648 2591 1741 2629 enim

106 2659 167 2698 hic
198 2660 273 2698 illic
305 2660 507 2712 lymphae,
549 2661 634 2698 sive
666 2674 803 2712 aquae,
843 2661 1074 2699 substituere
1115 2661 1269 2699 ineolam
1301 2673 1473 2712 aquarum
1505 2660 1740 2712 IVympham.

107 2730 162 2767 At
192 2729 355 2776 librarii,
392 2729 475 2765 sive
508 2729 601 2779 quod
635 2730 808 2768 usitatius
840 2730 936 2780 ipsis
967 2731 1135 2782 nympha
1167 2742 1295 2768 nomen
1328 2731 1420 2778 suit,
1451 2730 1536 2768 sive
1567 2728 1664 2780 quod
1694 2740 1739 2767 a-

106 2799 330 2836 moeniorem
363 2797 547 2847 praebere
579 2798 772 2846 imaginem
806 2799 1014 2842 videretur,
1052 2800 1185 2851 ubique
1217 2799 1409 2851 nymphas
1441 2798 1694 2835 obtruserunt.

191 2873 274 2907 reto
306 2869 474 2916 August.
518 2866 623 2917 faya
655 2879 768 2917 supra
797 2868 989 2918 adscripto
1020 2883 1069 2917 v,
1103 2871 1139 2907 et
1165 2869 1304 2907 omisso
1329 2879 1413 2905 voe.
1445 2867 1624 2917 flumina,
1645 2866 1736 2904 Mo-

106 2948 188 2975 nac.
219 2935 269 2975 11.
316 2936 357 2975 In
389 2934 546 2973 Vratisl.
581 2933 608 2972 Ι.
641 2936 804 2974 omissos
835 2948 922 2975 esse
952 2936 1050 2975 hunc
1082 2949 1227 2975 versum
1261 2940 1297 2974 et
1328 2934 1636 2986 praecedentem,
1667 2935 1735 2973 iam

105 3004 242 3045 monui.
288 3003 437 3044 Rursus
468 3003 503 3041 in
536 3002 657 3041 Paris.
679 3002 726 3041 11.
745 3003 853 3042 simili
877 3016 1002 3043 errore
1034 3004 1095 3044 hic
1124 3005 1284 3055 flumina
1307 3007 1436 3042 amica
1467 3003 1661 3054 scriptum,
1697 3008 1734 3044 et
