2006 3365
563 177 634 216 DE
665 175 820 217 POESI
851 175 1185 217 CATONIANA.
1593 180 1695 224 307

64 305 136 332 non
181 291 335 331 timebat
373 290 563 341 Virgilius
594 292 619 330 l.
651 291 676 331 1.
710 291 856 341 Georg.
888 290 919 330 Ι.
953 294 1048 331 343.
1082 295 1119 331 4.
1165 304 1212 331 ne
1253 291 1336 344 quis
1381 290 1459 331 Cui
1487 290 1533 329 ad
1566 303 1694 330 nomen

64 361 232 412 proxime
264 359 495 411 praecedens
523 360 649 413 pubes
682 362 854 399 referret.
914 359 1097 410 Respicio
1128 359 1223 399 haec
1253 360 1426 399 scribens
1450 359 1694 399 severitatem

63 428 223 468 Bentleii
256 428 291 466 in
325 428 408 473 illo,
452 429 510 467 cui
556 428 700 466 omnino
742 440 856 479 supra
886 428 1028 466 modum
1060 440 1220 467 severas
1252 427 1363 478 leges
1393 429 1570 481 scripsit,
1603 427 1694 467 Ma-

63 496 162 535 nilio.
225 496 273 536 Ut
305 509 411 549 quum
443 496 474 535 1.
508 499 602 535 445.
637 500 673 534 6.

293 566 387 604 Tum
418 567 549 604 notius
579 567 713 617 piscis
744 566 852 604 venti
889 564 938 603 de
968 567 1116 603 nomine
1147 564 1280 604 dictus

287 634 486 685 Exsurgit
519 635 568 673 de
595 641 714 687 parte
743 634 854 681 noti5
893 632 950 670 cui
981 634 1118 671 iuncta
1146 633 1332 684 seruntur
1364 635 1439 673 etc.

60 703 126 740 cni
157 705 260 740 recte
293 701 432 740 habere
464 706 603 752 negat,
635 700 960 750 argumentatione
1000 699 1093 739 tali:
1134 704 1376 740 constructio
1416 704 1513 741 enim
1548 708 1693 755 postu-

59 769 185 818 laret,
219 781 291 808 nou
322 772 387 808 eui
414 772 550 822 pisci,
583 770 657 809 sed
689 769 745 808 cui
777 770 894 818 noto,
926 782 1048 808 sensu
1079 768 1271 808 absurdo.
1331 770 1380 808 Et
1410 782 1517 822 quum
1548 771 1593 809 ad
1626 771 1693 809 lib.

62 839 110 879 V.
143 839 238 877 337.
272 838 400 877 eodem
432 838 537 877 modo
569 838 818 877 coniecturam
856 837 1051 887 impugnat
1082 837 1298 889 Scaligeri,
1338 837 1410 877 hoc
1441 840 1543 878 certe
1572 850 1691 888 argu‘

59 911 179 946 mento
211 919 283 945 non
315 906 612 958 impugnandam.
672 904 714 944 In
755 904 886 944 eodem
930 904 1028 944 libro
1067 906 1116 946 V.
1150 908 1244 945 432.
1287 918 1470 960 quaeras,
1511 919 1556 946 an
1598 907 1692 947 reti-

59 976 214 1014 nendum
245 977 296 1014 sit

286 1045 467 1096 Corpora
497 1043 558 1096 qui
588 1049 766 1095 merymzt
795 1042 939 1091 undis,

59 1113 125 1151 sed
158 1113 278 1151 fateor
309 1112 524 1162 elegantius
556 1124 667 1162 esse,
700 1111 797 1165 quod
830 1110 1025 1151 Bentleius
1057 1112 1227 1163 reposuit
1257 1124 1307 1152 ex
1337 1112 1557 1153 Vossiano:
1590 1112 1692 1152 Cor-

55 1194 236 1234 poraque
265 1183 493 1232 immet-[June
523 1181 657 1221 undis.

144 1249 249 1302 Quod
284 1262 398 1300 saepe
430 1262 509 1288 cum
552 1248 683 1289 Colice
723 1261 897 1299 comparo
936 1248 1139 1298 Catonem,
1182 1249 1294 1289 nolim
1335 1250 1388 1289 ita
1424 1250 1568 1302 accipi,
1613 1252 1693 1290 acsi

58 1317 146 1357 nihi!
179 1322 302 1369 putem
335 1319 430 1356 inter
461 1317 606 1358 Culicis
637 1317 910 1368 simplicitatem
941 1321 979 1357 et
1000 1316 1159 1357 Catonis
1192 1330 1281 1357 esse
1307 1318 1553 1358 differentiae.
1595 1321 1692 1360 Cavi

58 1388 126 1425 iam
158 1399 272 1437 supra
302 1387 410 1425 Diss.
437 1386 467 1425 Ι.
491 1401 527 1438 p.
547 1389 642 1425 238.
703 1385 819 1439 Quam
850 1386 1123 1437 simplicitatem
1155 1387 1309 1425 dicimus
1328 1386 1489 1439 Culicis,
1522 1401 1692 1438 magnam

57 1459 199 1507 partem
231 1456 266 1493 in
298 1457 480 1506 imperitia
510 1456 635 1506 posita
665 1458 752 1494 est:
785 1468 856 1507 qua
886 1458 1085 1506 superata,
1131 1455 1242 1494 multa
1287 1455 1504 1507 diligentia,
1544 1460 1581 1496 et
1621 1458 1692 1496 ad-

58 1526 211 1562 iuvante
256 1524 468 1563 industriam
509 1524 743 1575 studiumque
775 1523 950 1573 ingenio,
993 1525 1129 1563 eximia
1170 1524 1345 1576 prodiere
1375 1526 1468 1564 artis
1499 1528 1692 1576 perfectae

59 1596 311 1641 monumenta,
347 1592 534 1642 Eclogae,
568 1591 783 1640 Georgica,
815 1592 971 1631 Aeneis.
1032 1592 1073 1631 In
1106 1590 1249 1632 Catone
1280 1605 1373 1645 quae
1405 1593 1588 1644 imperitia
1618 1595 1690 1634 dici

56 1662 200 1711 possit,
233 1661 358 1699 nulla:
392 1662 485 1699 satis
518 1660 712 1699 elaborata
742 1664 830 1699 sunt
861 1659 954 1699 llaec
984 1661 1165 1711 carmina3
1197 1661 1288 1700 fecit
1310 1661 1405 1701 Cato
1431 1662 1526 1714 quod
1554 1664 1689 1713 potuit,

56 1742 124 1780 pro
156 1742 222 1767 sua
251 1731 413 1781 aevique
445 1730 501 1767 sui
535 1728 795 1780 simplicitate,
836 1741 957 1781 neque
1001 1730 1034 1767 si
1073 1742 1168 1781 quae
1207 1733 1414 1780 provectus
1445 1734 1571 1769 aetate
1602 1743 1690 1771 car-

53 1798 150 1836 mina
181 1799 397 1849 scripserit,
429 1798 575 1837 multum
608 1810 652 1836 ea
683 1798 728 1835 ab
760 1795 906 1841 horum,
941 1810 1034 1850 quae
1065 1797 1268 1847 habemus,
1317 1799 1510 1837 carminum
1542 1799 1689 1851 simpli-

53 1867 165 1905 citate
197 1867 347 1906 diversa
379 1868 495 1906 fuisse
528 1865 725 1917 probabile
757 1869 827 1905 est.
889 1865 966 1904 Sed
998 1866 1271 1917 simplicitatem
1303 1867 1559 1915 Catonianam,
1591 1881 1687 1921 qua-

54 1939 162 1974 tenus
194 1948 238 1973 ea
269 1937 302 1973 in
336 1948 432 1974 nexu
466 1935 730 1974 sententiarum
763 1935 1038 1985 conspiciatur,
1084 1934 1170 1973 aliis
1213 1935 1460 1987 quaerendum
1492 1936 1684 1989 relinquo,

55 2003 117 2041 vel
149 2004 274 2053 potius
312 2004 572 2043 sentiendum:
619 2007 680 2042 est
719 2003 813 2041 enim
855 2015 938 2049 res,
977 2015 1072 2055 quae
1111 2003 1243 2041 sentiri
1281 2003 1407 2043 debet.
1467 2004 1594 2057 Atque
1625 2004 1685 2045 liic

54 2071 130 2110 illic
162 2071 274 2110 facile
305 2073 509 2120 sentietur,
542 2076 581 2110 ut
612 2071 692 2109 Dir.
726 2074 793 2109 22.
854 2071 966 2119 Duri,
1005 2071 1101 2123 quod
1133 2071 1212 2110 iure
1252 2071 1356 2110 dicas
1397 2072 1544 2121 durum,
1593 2074 1683 2114 nihil

52 2141 200 2191 reperio
245 2141 340 2191 apud
384 2138 583 2186 Catonem,
626 2141 658 2178 si
700 2141 796 2178 sorte
836 2139 1076 2190 parenthesin
1108 2152 1213 2178 unam
1245 2143 1283 2180 et
1313 2141 1465 2180 alteram
1497 2143 1683 2194 excipias.

52 2209 138 2248 Non
170 2210 316 2260 reperio
349 2209 443 2259 apud
477 2207 680 2258 Catonem,
721 2207 843 2260 qualia
875 2208 909 2245 in
943 2207 1058 2248 Coma
1088 2207 1264 2257 leguntur
1295 2207 1457 2260 Catulli,
1489 2222 1529 2250 v.
1566 2215 1627 2252 18.

280 2278 372 2317 Non
388 2306 400 2328 ,
433 2281 491 2317 ita
520 2291 579 2317 me
609 2278 718 2325 (livi,
763 2289 862 2316 vera
891 2284 1067 2329 qemunt,
1099 2279 1257 2317 iecerint.

52 2351 90 2387 et
122 2348 185 2388 Π.

278 2414 442 2472 Quicum
473 2428 566 2467 eqo,
601 2415 688 2454 (lum
718 2416 833 2465 viryo
866 2414 1062 2469 quondam
1090 2415 1194 2467 fuit,
1227 2414 1403 2455 omnibns
1433 2429 1579 2469 expers

368 2484 585 2535 Unquentis
603 2512 615 2532 ,
646 2497 725 2523 nna
754 2484 865 2522 milia
895 2484 1017 2523 multa
1049 2483 1142 2522 bibi.

50 2566 156 2606 quem
188 2551 303 2591 locum
336 2553 474 2602 primus
506 2553 704 2603 expedivit
723 2554 751 2592 1.
778 2554 825 2592 Ι).
851 2553 1029 2601 Fussius‚
1061 2551 1243 2604 simulque
1274 2553 1451 2591 rationem
1474 2553 1677 2596 indicavit,

49 2635 121 2675 qua
153 2621 326 2660 excusari
359 2621 515 2658 durities
548 2622 785 2660 construendi
818 2625 887 2661 tam
921 2622 955 2659 iu
987 2620 1060 2659 hoc
1091 2633 1205 2659 versu
1225 2634 1330 2673 quam
1357 2621 1391 2659 in
1414 2621 1533 2660 altero
1554 2636 1592 2660 v.
1616 2626 1675 2662 18.

48 2691 212 2730 debeat:
245 2689 397 2728 difficile
430 2689 577 2728 Catullo
609 2691 726 2729 fuisse,
758 2692 793 2729 in
826 2690 946 2728 alieno
981 2690 1140 2728 carmine
1158 2702 1320 2739 graeco,
1353 2690 1450 2742 quod
1479 2696 1674 2740 accurate,

49 2763 87 2798 et
118 2763 287 2811 quantum
321 2758 398 2796 fieri
430 2762 584 2808 posset,
615 2759 659 2796 ad
693 2759 845 2798 verbum
877 2759 1154 2809 exprimendum
1186 2760 1448 2809 suscepisset,
1480 2772 1557 2797 eam
1589 2761 1676 2798 uhi-

49 2840 120 2880 que
162 2827 386 2877 elegantiam
428 2826 717 2878 facilitatemque
758 2827 935 2879 assequi,
978 2839 1049 2879 qua
1087 2828 1121 2865 in
1164 2829 1243 2865 suis
1283 2827 1505 2866 carminibus
1544 2827 1672 2878 pollet.

47 2897 182 2949 Neque
214 2897 361 2934 dubium
394 2897 478 2947 quin
511 2896 674 2935 senserit
715 2895 905 2944 Catullus,
947 2909 1054 2948 quum
1095 2897 1146 2935 ita
1187 2897 1277 2934 dure
1309 2896 1506 2934 scriberet.
1569 2898 1674 2948 Qua-

48 2968 200 3016 propter
230 2979 309 3004 mm
340 2965 501 3013 addidit,
534 2964 629 3016 quod
663 2977 710 3002 ex
741 2968 861 3003 mente
894 2962 1029 3003 Catulli
1061 2965 1278 3013 signifieat:
1312 2977 1416 3015 quum
1450 2975 1519 3001 una
1551 2977 1671 3004 essem

48 3046 127 3073 cum
159 3033 232 3072 illa.
264 3046 335 3087 quo
368 3034 549 3074 indicatur
580 3032 677 3072 illuni
718 3034 908 3083 pristinum
948 3037 1080 3073 statum
1118 3033 1328 3083 oppositum
1361 3044 1449 3070 esse
1481 3035 1671 3083 praesenti

1306 3093 1371 3136 20
