2006 3365
565 168 636 208 DE
669 166 822 208 POESI
853 165 1185 208 CATONIANA.
1591 171 1691 215 309

60 282 205 321 facilem
238 281 543 321 emendationem.
606 282 831 322 Sententia:
865 294 962 332 ego,
990 283 1024 321 si
1052 282 1183 322 laudes
1203 282 1416 334 adspirent,
1449 293 1563 333 supra
1586 294 1691 333 spem

59 350 151 389 felix
181 362 281 397 sum,
313 350 345 388 si
377 351 422 388 ad
455 353 514 389 tua
548 351 675 389 divina
706 352 867 390 carmina
897 352 1102 400 accedere,
1135 351 1204 390 sed
1235 362 1256 390 e
1286 351 1517 403 longinquo,
1550 351 1588 389 et
1617 349 1691 388 hu—

60 418 132 456 mili
164 418 346 456 accedere
378 417 592 469 Camoena3
629 420 662 458 si
703 420 748 457 ad
783 423 845 458 tua
875 420 1034 458 carmina
1063 430 1206 468 graeca
1236 420 1420 458 accedere
1450 419 1572 471 patrio
1605 430 1691 457 car-

59 487 153 525 mine
185 499 351 537 possum.
411 488 516 525 Bona
547 487 747 526 sententia.
808 488 862 527 At
901 488 990 525 vide
1031 500 1136 539 quam
1179 488 1270 525 duro
1303 500 1416 526 nexu.
1476 488 1570 527 Post
1599 486 1691 526 IVos

58 567 173 594 versu
206 558 271 593 59.
310 556 566 593 assumendum
599 558 659 594 est
690 555 728 593 si
759 567 808 594 ex
839 567 954 594 versu
987 558 1052 593 62.
1095 555 1167 593 nisi
1208 556 1291 607 quis
1331 556 1402 594 hoc
1433 556 1691 595 emendatione

57 623 323 662 restItuendum
355 635 443 662 esse
475 624 596 669 dieat,
628 624 719 663 Nos
753 626 792 663 si
822 637 896 663 ea:
929 634 1024 675 quae
1056 625 1159 661 certe
1191 635 1262 661 non
1294 624 1399 661 nimis
1431 624 1521 661 dura
1551 625 1586 662 in
1619 623 1690 662 hoc

57 695 170 742 poeta
201 691 308 729 elisio
341 693 461 742 soret3
504 694 551 731 cs.
584 692 689 731 Diss.
722 691 752 730 I.
785 703 822 742 p.
848 694 943 730 233.
1004 690 1151 730 Deinde
1182 691 1278 742 quod
1312 692 1453 734 inserit
1476 694 1514 731 si
1545 692 1689 731 landes

57 760 287 812 adspirent,
322 761 355 798 id
389 759 471 799 loco
498 773 568 799 non
597 773 664 799 sno
685 761 888 808 insertum,
921 761 958 798 et
982 759 1167 808 ingratum
1196 762 1274 808 est,
1307 760 1342 797 in
1368 759 1496 797 eadem
1523 761 1692 799 oratione

59 829 117 867 bis
148 829 276 867 inferri
318 829 536 879 particulam
569 831 607 868 si
637 830 672 866 in
704 828 851 866 duobus
881 840 902 866 a
933 839 977 866 se
1024 828 1188 866 diversis
1228 827 1431 866 membris:
1473 827 1507 865 si
1548 828 1692 867 laudes

57 899 255 950 aspirem,
289 898 322 935 si
351 911 583 950 possumus.
656 896 947 937 Collaudandum
978 895 1040 934 hic
1074 896 1371 935 Wernsdorfium
1403 896 1537 943 video,
1569 897 1630 948 qui
1662 897 1695 934 si

57 977 129 1004 non
160 966 302 1013 omnia,
335 969 437 1004 certe
468 965 540 1004 hoc
563 964 829 1015 intellexerat,
862 965 958 1016 quod
986 965 1221 1015 primarium,
1254 977 1325 1003 uno
1357 977 1456 1003 nexu
1490 964 1695 1004 cohaerere

60 1046 195 1073 versus
227 1037 292 1073 59.
326 1037 391 1072 60.
425 1037 463 1073 et
493 1034 553 1086 qui
586 1037 815 1085 sequuntur,
847 1034 957 1074 Poet.
993 1035 1077 1074 bat.
1109 1034 1206 1073 Min.
1237 1033 1286 1074 T.
1319 1033 1387 1072 111.
1419 1047 1456 1085 p.
1491 1035 1585 1073 497.
1611 1046 1692 1086 seq.

142 1172 248 1211 Duas
278 1170 453 1223 loquendi
488 1173 625 1210 formas
656 1173 707 1210 ita
734 1172 949 1224 frequentat
970 1169 1087 1221 Cato,
1119 1174 1159 1211 ut
1189 1171 1250 1210 hic
1281 1171 1497 1221 singulatim
1530 1184 1692 1210 comme-

57 1241 253 1279 morandae
278 1240 475 1278 videantur
498 1253 507 1277 :
539 1240 785 1291 parenthesin
809 1243 846 1279 et
870 1240 1140 1291 apostrophen.
1201 1241 1453 1280 Parenthesin
1480 1240 1562 1279 «lico
1591 1253 1690 1287 eam,

57 1311 163 1348 cuius
193 1308 319 1360 paullo
352 1311 440 1347 ante
471 1309 507 1346 in
540 1307 670 1347 Culice
702 1307 911 1359 exemplum
942 1307 1167 1348 habuimus:

282 1377 338 1416 Ec
372 1377 477 1430 qnod
509 1383 599 1416 erat
629 1377 799 1427 tardas,
832 1378 958 1416 somni
987 1378 1181 1429 lanquore
1210 1385 1380 1428 remoto,

283 1446 464 1485 Nescius
497 1446 758 1499 adspiciens:
801 1447 907 1484 timor
937 1446 1216 1485 obcaecaverat
1245 1449 1378 1486 artus:

284 1515 374 1554 Hoc
403 1517 529 1554 minas
561 1516 747 1568 inplicuit
787 1515 880 1554 dira
908 1516 1121 1566 formidine
1150 1522 1322 1554 mentem.

58 1584 281 1637 Quamquam
313 1583 386 1622 hoc
415 1585 462 1623 ab
505 1583 714 1634 exemplis,
758 1595 852 1635 quae
891 1584 1014 1622 statim
1046 1582 1224 1633 prolaturi
1256 1596 1406 1630 sumus,
1451 1581 1607 1622 Catonis
1648 1595 1693 1621 eo

57 1652 208 1699 differt,
249 1651 344 1703 quod
377 1651 618 1701 parenthesis
648 1654 736 1702 post
767 1652 989 1691 sententiam
1032 1651 1093 1689 vel
1134 1653 1346 1691 sententiae
1386 1654 1549 1703 partem,
1598 1664 1693 1704 quae

55 1719 228 1758 absoluta
259 1722 318 1758 est
349 1722 386 1758 et
416 1721 524 1758 finita
555 1719 838 1772 quodammodo,
872 1721 1057 1759 infertur:
1099 1732 1179 1759 nam
1210 1723 1300 1772 post
1330 1721 1567 1774 adspiciens
1599 1722 1691 1760 inci-

54 1789 210 1827 dendum
242 1790 363 1837 soret,
393 1790 537 1827 etiamsi
560 1788 659 1827 nulla
681 1792 902 1841 sequeretur
927 1789 1182 1840 parenthesiS.
1244 1788 1461 1829 Cuiusmodi
1493 1793 1553 1829 est
1583 1791 1693 1830 etiam

54 1857 151 1907 apud
184 1860 350 1895 nostrum
384 1857 519 1906 Eclog.
553 1871 613 1896 vs.
651 1860 713 1895 12.
775 1857 831 1896 At
868 1857 1084 1910 plerumque
1123 1858 1219 1898 Cato
1258 1858 1499 1909 parenthesin
1538 1860 1573 1897 in
1613 1871 1691 1898 me-

54 1926 150 1964 diam
183 1926 403 1963 sententiam
436 1927 561 1964 inl‘ert.
623 1925 728 1978 Quod
763 1929 866 1965 recte
898 1926 1140 1965 observatum
1166 1927 1286 1965 bonas
1309 1927 1504 1965 nonnullas
1527 1927 1690 1966 locorum

57 1994 168 2032 valde
200 1993 430 2042 difficilium,
469 1993 531 2032 vel
565 1994 626 2046 qui
669 1994 780 2032 valde
817 1994 1014 2044 difficiles,
1059 2008 1128 2034 nec
1173 1996 1244 2033 nisi
1286 2008 1422 2045 magno
1467 1993 1691 2035 restituendi

55 2063 239 2101 molimine
274 2062 519 2111 videbantur,
564 2062 841 2112 explicationes
873 2062 983 2101 nobis
1014 2064 1178 2114 peperit.
1236 2064 1321 2102 Dir.
1354 2068 1422 2104 35.

793 2130 1008 2183 Iuppiter:
1042 2132 1125 2182 ipse

282 2198 449 2250 Iuppiter
479 2198 576 2238 hanc
605 2199 722 2238 aluit:
763 2202 864 2239 einis
902 2201 1004 2239 haee
1033 2200 1107 2239 tihi
1135 2202 1211 2253 fiat
1240 2205 1406 2253 oportet.

55 2268 151 2321 quod
183 2280 252 2319 par
283 2272 342 2307 est
373 2267 544 2318 exemplo
589 2268 651 2306 isti
691 2268 728 2306 in
767 2266 925 2307 Culice:
965 2281 1046 2307 nam
1084 2273 1171 2309 ante
1214 2271 1305 2323 ipse
1340 2269 1540 2321 inciditur,
1581 2283 1690 2323 quum

54 2339 238 2392 Iuppiter
268 2338 318 2376 sit
348 2337 563 2376 vocativus.
639 2337 720 2375 Dir.
755 2339 821 2375 40.
860 2340 893 2375 1.

284 2406 406 2463 Quom
435 2412 505 2445 tua
538 2418 687 2459 cyaneo
719 2406 984 2458 resplendens
1016 2407 1179 2446 aethere
1209 2408 1322 2448 silva

283 2475 440 2514 Noseet
472 2478 546 2514 iter
576 2475 725 2514 ducens
757 2475 913 2524 Erebo,
954 2478 1038 2525 tua,
1072 2476 1214 2527 Lydia,
1245 2478 1374 2517 Ditis.

54 2545 167 2585 multa
198 2557 277 2583 cum
311 2545 347 2581 vi
378 2545 517 2593 repetit
546 2555 615 2594 per
646 2543 888 2594 parenthesin
920 2551 1014 2593 tua,
1047 2545 1194 2583 nomine
1224 2545 1362 2586 addito.
1437 2545 1518 2584 Dir.
1549 2558 1588 2583 v.
1621 2549 1689 2585 66.

284 2613 360 2651 Nil
389 2618 452 2652 est
485 2613 588 2667 quod
616 2613 782 2664 perdam
811 2613 1014 2654 alterius:
1057 2614 1188 2653 merita
1217 2615 1364 2653 omnia:
1409 2615 1545 2655 dictis.

58 2682 192 2733 Eclog.
225 2686 291 2721 26.
326 2683 363 2720 ἶ.

733 2757 850 2792 tauro
881 2752 978 2791 Iove
1008 2751 1160 2803 (liqna,
1202 2752 1267 2791 vel
1297 2766 1423 2792 auro:

282 2819 451 2869 luppiter
481 2820 635 2857 avertas
665 2831 816 2859 aurem:
857 2834 944 2860 mea
974 2821 1066 2861 sola
1093 2821 1234 2874 puella
1263 2827 1339 2861 est.

56 2888 193 2938 Eelog.
227 2892 292 2928 44.
326 2891 364 2926 5.

284 2958 340 2996 Et
372 2969 476 3009 (susce
502 2969 648 3008 pompa
678 2956 811 3007 deum,
843 2969 923 2997 nam
954 2958 1066 2997 silvis
1096 2959 1191 2996 fama
1220 2957 1373 3009 loquuta
1403 2960 1486 2998 est:

283 3025 415 3065 Omnia
447 3037 519 3063 vos
549 3024 672 3064 estis:
719 3038 848 3066 secum
879 3040 957 3067 sua
987 3028 1141 3079 qaudia
1170 3032 1318 3078 [festae.
