2006 3365
492 170 546 212 IN
578 169 798 212 VALERH
829 169 1064 212 CATONIS
1094 170 1276 211 DlRAS.
1633 171 1699 218 33

59 286 99 327 In
133 299 204 339 quo
235 287 374 326 frustra
412 285 559 326 laborat
593 287 672 326 lod.
705 287 847 326 Badius
879 286 1048 325 Ascens.
1079 286 1225 326 Mansit
1255 289 1374 325 tamen
1407 296 1452 323 ea
1483 283 1698 335 distinctio,

58 357 165 395 etiam
197 358 286 406 post
318 355 501 403 Aldinas,
543 356 576 393 in
608 356 754 405 multis,
795 357 834 393 ut
865 356 899 392 in
932 354 1055 403 bugd.
1090 358 1210 394 1529.
1246 355 1281 392 in
1314 353 1597 402 Scaligeranis‚
1632 353 1696 392 Pi-

57 423 186 473 tlioei,
227 423 441 475 placuitque
480 425 699 474 nuperrimis
739 423 968 473 temporibus
1006 422 1293 468 Wernsdorfio,
1337 421 1529 461 Putscliio.
1578 419 1695 472 Casp.

56 495 177 531 autem
208 491 387 530 Bartliius
420 492 631 530 Adversar.
657 492 785 531 xvll.
821 506 875 527 xi.
911 491 1033 529 Illum
1063 490 1242 539 legebat,
1274 491 1402 528 cadem
1435 489 1696 528 distinctione:

56 574 181 599 rernm
212 560 422 599 discordia
453 568 582 609 muto,
615 560 686 599 hoc
719 562 778 597 est
810 557 922 607 vilis,
965 558 1087 596 bruta.
1149 557 1252 610 Quas
1290 570 1378 596 casu
1417 558 1522 596 aliam
1555 558 1697 596 habere

55 629 329 667 distinctionem
369 628 468 670 dixi.
511 628 776 667 Ascensiauae
814 628 920 674 sunt,
960 626 994 663 in
1036 625 1172 677 quibus
1206 626 1345 664 Multa
1373 629 1510 678 prinst
1547 627 1696 679 fuerit:

55 702 128 736 etc.
162 700 290 735 contra
322 697 441 747 ipsius
473 700 630 735 mentem
662 694 791 743 Badii3
825 696 862 732 et
893 693 1060 742 Argent.
1081 695 1202 731 1502.
1236 694 1270 731 in
1304 706 1375 746 qua
1407 693 1536 733 eodem
1567 695 1694 743 mod03

53 770 91 804 et
119 765 266 803 Veneta
297 764 405 804 Scot.
442 768 558 803 1555.
593 765 626 802 in
660 776 733 815 qua
766 763 904 802 Multa
933 765 1051 815 prius
1081 762 1209 814 fuerit
1239 765 1312 800 etc.

139 832 216 872 Sed
249 834 317 871 iam
346 834 521 872 mittimus
556 831 652 870 hanc
681 830 982 880 distinctionem,
1026 833 1063 869 et
1093 829 1166 868 hoc
1197 831 1367 881 ponimus
1399 833 1579 883 tamquam
1612 843 1698 870 cer-

53 904 150 951 tum,
183 905 271 953 post
300 902 448 954 ybiscet
478 900 815 951 interpungendum
847 911 957 938 esse:
1005 899 1139 937 nullam
1178 900 1272 937 enim
1311 899 1443 938 bonam
1476 902 1699 939 sententiam

52 972 142 1009 facit
172 971 334 1009 additum
373 970 418 1008 ad
459 982 607 1008 versum
647 968 936 1020 praecedentem
979 969 1102 1007 multa
1129 970 1261 1022 prius.
1379 967 1503 1017 Igitur
1533 970 1699 1007 fortasse

51 1051 131 1078 cum
164 1039 318 1078 Aldinis
351 1038 558 1076 faciendum
585 1039 679 1083 erit,
723 1048 872 1089 quarum
905 1041 942 1075 et
971 1049 1040 1088 per
1070 1049 1114 1075 se
1154 1035 1365 1087 probabilis
1398 1038 1585 1087 scriptura
1616 1040 1699 1085 est,

51 1111 89 1146 et
118 1107 245 1145 mirum
276 1108 310 1145 in
349 1106 490 1145 modum
529 1106 766 1144 confirmatur
803 1107 976 1144 veterum
1014 1104 1194 1144 librorum
1233 1106 1455 1156 scriptorum
1489 1118 1699 1144 consensu.

50 1176 136 1215 Non
167 1175 300 1228 loquor
331 1179 450 1214 tamen
484 1175 531 1213 de
563 1176 748 1226 scriptura
781 1174 896 1212 totius
927 1172 1022 1224 loci,
1055 1186 1152 1226 quae
1183 1173 1278 1213 haec
1310 1177 1370 1212 est
1402 1175 1434 1212 in
1466 1174 1641 1213 Aldinis:

734 1264 784 1269 —
818 1243 1028 1282 discordia
1057 1244 1218 1295 qliscet.

278 1313 417 1353 Multa
445 1314 562 1365 prius
593 1312 708 1364 fient:
743 1325 859 1365 qnam
890 1325 963 1349 non
994 1325 1079 1351 mea
1110 1312 1239 1352 libera
1268 1325 1401 1352 avena

278 1381 513 1430 Montibus,
545 1388 583 1420 et
614 1380 747 1433 sylvis
781 1381 893 1420 dicat
923 1387 994 1419 tua
1022 1382 1143 1433 facta
1175 1381 1363 1434 Lycurye

276 1451 420 1503 Impia.

49 1518 132 1571 Qua
166 1519 200 1557 in
233 1520 423 1569 scriptura
455 1520 567 1558 dien!
598 1518 710 1557 valde
743 1529 833 1556 esse
872 1521 1089 1568 suspectum
1129 1518 1253 1557 statim
1290 1517 1499 1557 monebitur
1530 1518 1575 1556 ad
1607 1531 1699 1557 ver-

50 1601 129 1626 sum
161 1591 200 1627 8.
262 1588 319 1626 At
349 1588 406 1626 sic
436 1588 564 1638 possis
596 1586 804 1625 commode:

278 1657 417 1696 Multa
446 1660 561 1710 prius
592 1657 699 1708 fient,
733 1669 849 1710 omem
880 1669 954 1695 non
983 1669 1068 1695 mea
1100 1656 1229 1696 libera
1259 1668 1411 1695 avena.

49 1737 119 1763 una
152 1728 188 1764 et
222 1725 396 1764 absoluta
429 1725 641 1764 sententia:
683 1729 722 1764 ut
754 1730 814 1764 est
846 1726 880 1763 in
914 1724 1076 1764 Venetis
1106 1724 1204 1764 lunt.
1240 1728 1361 1764 1544.
1394 1724 1542 1763 Bonell.
1580 1728 1697 1763 1558.

43 1793 162 1832 Basil.
207 1794 256 1832 H.
290 1795 333 1833 P.
371 1796 490 1832 1561.
559 1793 724 1832 Verbum
764 1794 809 1832 ad
853 1808 968 1848 qvam
1007 1807 1081 1833 non
1121 1808 1206 1833 mea
1246 1793 1372 1833 libera
1414 1807 1546 1832 avena
1586 1793 1698 1831 facile

46 1862 286 1913 supplebitur
324 1875 372 1901 ex
406 1863 658 1914 praecedente
689 1863 796 1915 fient.
863 1863 924 1902 Ad
957 1863 1179 1902 sententiam
1210 1866 1321 1914 aptus
1353 1862 1540 1910 Ovidius,
1572 1862 1695 1901 Trist.

45 1929 77 1969 l.
110 1946 195 1981 vni,
228 1934 266 1970 7.

275 1999 416 2039 Omnia
448 2003 525 2039 iam
555 2000 671 2052 fient,
703 2001 792 2052 fieri
824 2013 930 2054 qmte
957 2014 1083 2052 posse
1112 2000 1324 2052 neyabam.

46 2068 139 2119 fient
170 2068 303 2108 Petav.
327 2068 474 2107 Thoan.
506 2070 647 2108 Medic.
681 2074 738 2118 et,
771 2071 802 2108 si
835 2070 927 2108 tides
952 2069 1103 2107 silentio
1130 2069 1286 2114 Vossii,
1316 2068 1531 2106 Vossianus
1554 2067 1585 2106 Ι.
1612 2079 1691 2106 cum

47 2136 290 2185 Augustano.
323 2137 497 2176 Parisino
521 2139 591 2177 lv.
626 2137 858 2187 Anglieano,
892 2138 926 2175 in
959 2151 1031 2190 quo
1064 2141 1152 2188 post
1182 2138 1276 2190 fient
1308 2136 1413 2175 colon
1447 2139 1527 2185 est,
1554 2136 1694 2175 Mona-

48 2205 226 2243 censibus
249 2205 278 2243 l,
303 2205 353 2244 ΙΙ.
380 2211 417 2245 et
440 2207 754 2245 Helmstadieusi.
785 2209 929 2259 suerit,
963 2206 1155 2255 vulgatam
1187 2207 1432 2256 scripturam,
1466 2205 1549 2243 cod.
1573 2205 1689 2243 Basil.

47 2273 167 2311 Voss.
200 2273 249 2312 11.
284 2274 439 2313 vratisl,
472 2275 521 2314 ll.
555 2282 591 2314 et
624 2289 672 2314 ex
705 2275 985 2329 antiquioribus
1017 2288 1112 2314 unus
1143 2274 1303 2314 Vratisl.
1336 2275 1368 2313 Ι.
1430 2273 1490 2312 De
1521 2273 1692 2312 Parisino

48 2343 97 2381 ll.
131 2342 276 2380 dubito.
325 2343 457 2390 Patet,
489 2345 607 2383 libros
640 2346 671 2383 si
707 2357 895 2391 muneres,
928 2344 1211 2395 praeferendum
1243 2355 1331 2381 esse
1361 2344 1468 2395 fient.
1513 2343 1598 2392 Ego
1631 2346 1692 2380 ta-

49 2423 130 2449 men
161 2413 307 2463 fuerit5
339 2411 529 2461 vulgatam
562 2414 645 2451 inde
677 2427 697 2452 a
730 2413 896 2452 Romana
927 2415 1170 2464 scripturam,
1209 2411 1370 2463 praetuli
1403 2416 1582 2463 tamquam
1616 2423 1689 2449 ex-

48 2480 294 2532 quisitiorem.
355 2481 403 2519 Et
433 2481 607 2520 librorum
640 2483 901 2522 auctoritatem
934 2483 1031 2535 quod
1052 2483 1211 2531 attinet,
1232 2481 1368 2534 aliquid
1390 2482 1425 2519 in
1452 2494 1497 2520 eo
1519 2482 1689 2520 momenti

48 2561 171 2600 pono,
205 2549 300 2601 quod
331 2550 456 2600 s'neric
485 2552 594 2590 etiam
627 2552 661 2590 in
695 2552 902 2591 Mutinensi
934 2552 1103 2601 legitur,
1136 2564 1231 2604 quae
1264 2554 1324 2589 est
1354 2551 1441 2589 boni
1474 2550 1561 2588 libri
1589 2551 1687 2588 scri-

49 2618 103 2668 pti
136 2618 267 2656 instar.
327 2618 616 2669 Exquisitiorem
650 2633 741 2659 vero
773 2621 857 2659 dico
888 2633 1053 2659 nervosa
1083 2620 1293 2658 brevitate:

279 2686 416 2726 Multa
444 2691 583 2739 prius,
613 2690 738 2740 suerit
771 2703 885 2743 qnam
916 2702 989 2727 non
1020 2702 1104 2728 mea
1136 2688 1264 2728 libera
1294 2701 1439 2728 avena.

51 2754 86 2793 id
119 2758 199 2805 est,
230 2755 342 2793 multa
373 2755 476 2805 prius
508 2764 642 2806 erunt,
675 2758 734 2796 vel
765 2759 930 2809 fuerint.
976 2758 1139 2796 Prorsus
1162 2758 1290 2796 eodem
1317 2757 1423 2795 modo
1443 2756 1578 2797 Cicero
1604 2755 1685 2793 loco

51 2823 177 2874 paullo
215 2828 302 2864 ante
341 2824 386 2862 ad
432 2835 533 2860 vch.
567 2827 603 2861 4.
642 2824 813 2876 laudato,
855 2826 1019 2876 Philipp.
1057 2825 1166 2864 XIH.
1207 2841 1294 2863 xxi.
1335 2826 1489 2863 verbum
1531 2824 1685 2862 omittit:

53 2893 178 2933 Prius
210 2894 329 2933 undis
360 2893 536 2945 flamma,
577 2900 618 2932 ut
649 2897 707 2934 ait
734 2903 854 2948 poela
886 2897 1021 2934 nescio
1054 2897 1176 2949 qnis,·
1216 2896 1320 2945 prius
1358 2893 1515 2944 denique
1548 2893 1686 2943 onmia,

54 2975 171 3016 quam
200 2970 272 3002 aut
302 2976 386 3001 cum
418 2962 613 3000 Antoniis
651 2976 715 3002 res
753 2964 916 3016 publica
948 2967 1021 3003 etc.
1082 2963 1162 3016 Quo
1194 2963 1276 3001 loco
1309 2963 1421 3000 utitur
1451 2961 1558 2998 etiam
1590 2960 1687 3000 Put-

53 3029 203 3080 sebius,
234 3031 302 3069 sed
334 3043 405 3069 non
436 3042 515 3070 eam
547 3030 582 3068 in
614 3042 711 3080 rem,
743 3031 779 3069 in
811 3044 916 3084 quam
941 3034 1001 3070 est
1021 3031 1438 3071 accommodatissimus.
1481 3029 1564 3068 Etsi
1587 3030 1685 3082 quod

128 3108 280 3141 Valerius
303 3109 395 3142 Cato.
1381 3101 1412 3144 3
