2006 3365
290 127 391 171 376
871 121 1236 165 DISSERTATIO
1267 123 1336 166 IV.

376 237 450 277 Iam
492 235 715 276 enumerabo
754 237 866 288 atque
915 237 1124 277 describam
1165 239 1285 279 libros
1335 240 1481 291 editos,
1533 242 1669 295 quibus
1715 244 1760 283 ad
1802 243 1921 285 Cato-

291 318 374 345 nem
406 318 495 344 usus
528 317 632 354 sum,
671 304 759 343 inde
789 306 835 344 ab
868 306 1034 345 editione
1064 308 1263 359 principe:
1295 310 1536 361 accuratius,
1568 315 1606 351 ut
1636 325 1704 364 par
1735 317 1820 361 est,
1853 326 1922 352 an-

289 375 490 426 tiquiores,
522 376 632 425 atque
670 374 977 426 antiquissimas3
1025 376 1259 416 recentiores
1299 377 1482 418 breviter.
1551 380 1776 433 Quamquam
1809 394 1854 420 ne
1885 382 1922 420 in

290 442 559 493 antiquissimis
599 442 745 494 quidem
786 443 907 481 omnia
945 444 1134 495 indicare,
1184 458 1279 498 quac
1319 451 1382 486 aut
1418 447 1480 486 alii
1528 450 1599 487 viri
1646 449 1799 488 litterati
1832 451 1921 489 atti-

289 511 448 558 gerunt,
489 511 552 548 aut
594 514 683 560 post
723 523 790 550 eos
831 511 1024 562 Heynius,
1067 514 1171 552 cuius
1219 513 1289 553 liac
1331 517 1364 554 in
1404 519 1511 567 parte
1551 517 1774 556 utilissimus
1817 518 1924 557 labor

289 580 370 628 est,
403 578 556 629 placuit.
616 580 770 623 Earum,
806 593 901 633 quae
931 594 1050 634 neque
1081 581 1166 620 milii
1195 583 1319 633 visae,
1350 595 1468 636 neque
1495 585 1541 623 ab
1570 585 1654 624 aliis
1689 591 1776 626 sunt
1806 599 1922 625 meum

289 646 324 684 in
365 659 467 685 usum
514 647 732 699 inspectae,
774 652 845 688 tum
887 654 1023 689 tantum
1066 652 1284 690 mentionem
1322 653 1504 700 inseram,
1544 667 1649 707 quum
1682 655 1773 695 utile
1812 656 1921 694 vide-

286 714 389 755 bitur
417 718 480 757 aut
514 718 779 757 necessarium.

785 913 845 970 R
870 933 902 969 ο
926 934 976 970 m
1001 936 1036 970 a
1062 935 1098 971 η
1122 936 1158 971 (ι
1205 916 1250 971 Ι.
1321 918 1421 992 sol.

855 1029 1041 1069 Editio
1084 1034 1357 1085 princeps.

372 1144 596 1200 Eloque‘te'e
631 1146 856 1200 fplddore:
909 1153 941 1189 ἀ
988 1149 1089 1189 νενιί
1139 1151 1366 1202 diynilate:
1422 1152 1690 1205 locupletiore?
1757 1152 1925 1206 Virqilio

374 1213 540 1254 Poetd:
580 1214 668 1255 unu*
704 1218 893 1269 fortasse
930 1219 1110 1259 Ilomerel
1143 1221 1319 1259 Graeci:
1359 1222 1505 1260 nullum
1544 1229 1650 1262 certe
1687 1222 1830 1261 Latini
1860 1225 1924 1262 in-

370 1286 556 1325 venient:
602 1288 675 1323 etc.

372 1352 546 1404 Epistola
578 1354 728 1393 loannis
767 1356 946 1394 Andreae
985 1357 1167 1408 Episcopi
1204 1357 1416 1396 Aleriensis
1447 1358 1492 1396 ad
1525 1357 1676 1397 Paulum
1707 1358 1757 1398 II.
1790 1360 1924 1399 Ponti-

287 1422 415 1472 ficem,
447 1423 530 1461 sine
561 1423 830 1474 inscriptione:
865 1427 937 1464 etsi
961 1426 1111 1464 Lairius
1143 1438 1232 1465 esse
1264 1426 1516 1478 exemplaria,
1543 1440 1639 1479 quae
1671 1427 1834 1467 babeant
1864 1429 1925 1466 in·-

288 1492 548 1542 scriptionem,
580 1492 749 1532 affirmat.
822 1494 1030 1534 Parisinum
1063 1495 1254 1546 exemplar
1292 1496 1326 1533 in
1360 1494 1601 1534 Bibliotheca
1631 1495 1758 1545 Regia
1790 1495 1924 1534 atillam

287 1559 413 1600 habet.
474 1561 706 1612 Epistulam,
737 1575 832 1614 quae
864 1567 941 1602 tres
974 1563 1102 1615 implet
1134 1565 1318 1615 paginas,
1351 1565 1494 1615 excipit
1521 1564 1640 1602 Index
1661 1567 1745 1603 sive
1761 1564 1923 1615 Tabula,

289 1629 393 1667 cuius
424 1633 564 1679 partem
597 1631 755 1680 priorem
788 1631 975 1681 exhibeo,
1008 1633 1151 1685 qualem
1185 1633 1425 1684 transcripsit
1457 1646 1558 1671 meos
1591 1633 1627 1671 in
1661 1647 1749 1671 usus
1781 1633 1924 1673 Lasse-

287 1709 379 1747 nus,
410 1697 554 1750 reliqua
585 1698 744 1749 suppleo
775 1712 823 1738 ex
848 1700 1001 1739 Lairioz
1035 1714 1114 1739 nam
1147 1701 1240 1740 baec
1271 1705 1330 1740 est
1362 1702 1497 1749 editio,
1532 1715 1636 1753 quam
1658 1701 1803 1740 bairius
1822 1702 1924 1752 Spe-

288 1766 421 1805 cimine
452 1766 599 1806 Histor.
659 1767 961 1819 Typograplriae
994 1770 1185 1809 Romanae
1206 1771 1295 1809 XV.
1330 1770 1442 1808 Sacc.
1475 1783 1565 1820 pag.
1604 1772 1692 1808 147.
1726 1771 1923 1810 describit.

288 1835 348 1875 Cf.
383 1837 422 1874 ut
452 1836 487 1873 in
518 1836 564 1873 iis
605 1837 824 1881 consistam,
867 1851 961 1889 quos
1001 1839 1285 1877 accuratissime
1319 1844 1496 1877 versatos
1528 1840 1562 1876 in
1595 1839 1843 1876 describendo
1875 1838 1924 1877 li-

286 1905 356 1943 bro
388 1906 577 1943 rarissimo
609 1905 744 1950 video,
790 1906 964 1945 Guilelmi
998 1908 1043 1945 de
1075 1907 1174 1946 Bure
1205 1906 1383 1956 Catalog.
1416 1907 1561 1946 Libror.
1595 1906 1694 1946 Bibl.
1727 1908 1846 1946 Ducis
1877 1907 1924 1946 de

286 1973 322 2012 la
355 1973 544 2023 Valliere,
586 1974 629 2013 P.
663 1974 693 2014 Ι.
724 1975 797 2014 To.
831 1975 878 2014 ll.
913 1988 947 2014 n.
981 1979 1105 2014 2⁴32.
1147 1988 1238 2025 pag.
1274 1977 1338 2015 7s.
1372 1990 1456 2029 sqq.
1546 1976 1600 2015 Io.
1634 1976 1709 2015 An.
1742 1977 1923 2027 Episcopi

286 2042 493 2081 lileriensis
524 2042 568 2080 ad
616 2042 756 2081 Paulis.
789 2044 838 2082 ll.
880 2044 1092 2083 Venetum:
1149 2044 1258 2083 Pont.
1298 2045 1407 2084 Max.
1447 2045 1620 2097 epistola.
1663 2045 1922 2097 Eloquentiae.

285 2110 330 2149 P.
349 2111 504 2159 Virgilii
531 2111 715 2150 Maronis.
745 2112 882 2152 Culex.
900 2113 1085 2151 Lusimus.
1176 2114 1218 2153 P.
1238 2113 1391 2163 Virgilii
1417 2114 1600 2153 Maronis.
1633 2115 1735 2153 Dirae
1755 2115 1923 2152 Battare.

286 2178 331 2217 P.
364 2179 521 2228 Virgilii
553 2180 739 2219 Maronis.
773 2182 892 2232 Copa.
927 2182 1047 2233 Copa.
1148 2183 1190 2221 P.
1224 2182 1380 2232 Virgilii
1415 2183 1600 2221 Maronis.
1663 2183 1731 2221 Est
1761 2186 1793 2221 &
1823 2182 1922 2220 Non.

285 2247 508 2286 EstaNon.
570 2250 611 2287 P.
636 2249 788 2299 Virgilii
810 2251 992 2289 Maronis.
1016 2252 1085 2290 Vir
1110 2251 1434 2301 bonus&Sapies.
1455 2251 1524 2289 Vir
1541 2251 1669 2290 bonus.
1761 2251 1803 2289 P.
1828 2251 1922 2290 Vir-

286 2315 367 2367 gilii
397 2317 581 2355 Maronis.
622 2317 682 2356 De
710 2319 834 2357 Rosis.
868 2319 945 2357 Ver
977 2322 1070 2357 erat.
1160 2320 1204 2358 P.
1237 2319 1389 2368 Virgilii
1424 2318 1607 2357 Maronis.
1640 2318 1815 2358 Moretu‘.
1847 2318 1923 2357 lam

285 2385 389 2424 Nox.
465 2385 654 2425 Versiculi
694 2387 859 2437 Virgilii.
900 2387 1036 2426 Nocte.
1098 2387 1246 2426 Versus
1277 2388 1313 2426 in
1346 2388 1516 2426 balistam
1548 2387 1741 2427 latronem.
1774 2387 1920 2426 Monte.

285 2455 436 2494 Versus
468 2453 609 2493 Ouidii.
631 2454 769 2507 Qualis.
832 2456 982 2495 Summa
1004 2455 1241 2505 Virgilianae
1267 2456 1482 2495 Narratiois
1514 2457 1548 2494 in
1582 2458 1702 2496 tribus
1733 2455 1920 2508 operibus.

284 2522 486 2562 Bucolicis.
517 2522 728 2572 Georgicis.
761 2527 792 2563 ἀ
818 2525 988 2564 aeneide.
1020 2525 1228 2563 Pastorum.
1289 2525 1333 2563 P.
1353 2524 1508 2573 Virgilii
1526 2525 1712 2564 Maronis.
1730 2523 1919 2563 Bucolica.

287 2589 460 2641 (Ecloga
491 2588 625 2643 p'ma.)
713 2592 871 2631 'fantum
893 2593 1099 2632 Lassenus.
1163 2593 1399 2645 Sequuntur,
1423 2593 1549 2632 Lairio
1568 2593 1756 2645 Burioque
1773 2597 1920 2632 testan-

286 2660 415 2707 tibus,
448 2660 564 2710 haec,
596 2663 633 2700 ct
666 2661 738 2699 hoc
770 2662 928 2700 ordine:
961 2661 1232 2711 Georgicorum
1265 2661 1435 2701 libriIV.
1496 2662 1705 2701 Aeueidum
1728 2661 1812 2700 libri
1829 2660 1918 2700 XII.

286 2728 592 2779 Versul'Sulpitii
609 2728 925 2781 Cartlraginensil‘.
945 2730 1125 2769 Iusserat.
1217 2728 1388 2769 Carmina
1412 2729 1780 2782 CaesarisAugusti.
1812 2731 1918 2779 Ergo

287 2809 347 2836 ne.
409 2798 637 2849 Epitliapliia
651 2798 844 2836 illustrium
863 2800 1032 2836 uirorum.
1053 2797 1242 2837 Conditus.
1304 2800 1451 2839 Versus
1474 2800 1521 2838 de
1539 2800 1727 2838 Musarum
1749 2800 1919 2838 inuentis.

291 2865 388 2905 Clio.
449 2866 586 2915 Elegia
605 2867 638 2905 in
659 2866 871 2905 Mecenatil'
898 2866 1016 2905 obitu.
1036 2866 1243 2906 Deflaeram.
1342 2868 1535 2920 Denique,
1570 2871 1657 2918 post
1687 2866 1801 2910 hanc,
1836 2867 1919 2904 usi-

290 2937 403 2973 tatum
423 2935 597 2975 Conrado
622 2935 867 2987 Arnoldoque
891 2935 1142 2985 epigramma,
1175 2936 1271 2988 quod
1306 2949 1381 2986 ego
1414 2949 1559 2988 quoque
1586 2936 1655 2973 liuc
1683 2936 1916 2984 transferam,

292 3004 330 3041 ut
360 3005 659 3043 communicatum
690 3017 828 3043 mecum
858 3016 881 3043 a
910 3003 1080 3043 Lasseno
1111 3007 1171 3047 est
1201 3017 1250 3044 ex
1280 3004 1352 3045 hac
1382 3005 1537 3055 Virgilii
1567 3004 1757 3043 editione:
