2912 4368
863 577 963 621 268
1461 567 1826 609 DISSERTATIO
1865 568 1912 607 11.

864 703 952 727 nam
981 694 1065 735 est,
1106 686 1326 725 litterarum
1364 684 1533 732 oblivio,
1565 683 1741 733 scripturn
1773 686 1860 733 post
1890 684 2041 721 mortem
2069 682 2204 723 Orbilii
2238 694 2350 729 esse,
2382 680 2494 720 Orbi-

864 757 948 795 lium
980 761 1100 793 autem
1133 755 1167 792 in
1199 755 1303 792 vivis
1333 765 1429 792 anno
1462 756 1556 792 735.
1588 753 1732 800 fuisse,
1776 763 1946 789 caussam
1985 751 2175 790 dubitandi
2208 751 2254 789 dc
2284 750 2498 789 testimonio

864 823 1084 872 llieronymi
1116 822 1273 861 habebit
1304 821 1470 860 alteram.
1532 821 1596 860 Ab
1627 832 1725 859 anno
1757 820 1851 858 enim
1884 822 1978 857 651.
2017 833 2135 871 usquc
2165 819 2210 857 ad
2241 831 2371 857 annum
2404 821 2496 855 735.

863 892 947 929 anni
981 894 1066 928 suut
1097 894 1253 942 quatuor
1283 893 1320 929 et
1351 890 1569 938 octoginta,
1608 889 1761 938 longum
1802 889 1904 926 vitae
1945 889 2129 939 spatium,
2172 891 2209 926 et
2252 887 2347 938 quod
2389 887 2497 923 attri-

864 961 979 998 buere
1020 958 1221 1006 Bibaculo,
1263 959 1334 996 nisi
1375 959 1516 997 diserta
1556 958 1707 996 iubeant
1745 957 1986 1007 probatorum
2030 960 2218 995 auctorum
2266 955 2495 996 testimonia,

866 1041 935 1066 11011
970 1028 1069 1066 licet.
1134 1028 1302 1080 Denique
1335 1039 1491 1075 versus,
1540 1028 1599 1078 qui
1632 1026 1776 1078 quidem
1808 1026 1853 1064 ad
1887 1038 1956 1063 nos
1988 1037 2220 1076 pervenere,
2251 1024 2348 1062 Furii
2384 1023 2498 1061 Biba-

866 1097 937 1135 culi
971 1110 1039 1135 non
1084 1097 1325 1148 antiquiorem
1366 1093 1540 1140 Catullo,
1583 1094 1774 1146 aequalem
1818 1094 2014 1141 Ciceroni,
2056 1096 2224 1144 poetam,
2267 1092 2335 1130 sed
2384 1093 2500 1142 ipsam

866 1164 1002 1204 Catulli
1034 1169 1214 1212 aetatem,
1247 1166 1306 1204 vel
1340 1166 1448 1203 etiam
1481 1164 1621 1202 saeculi
1654 1163 1823 1212 Augusti
1857 1162 2080 1210 elegantiam
2114 1162 2287 1213 produnt.

951 1234 1055 1287 Quae
1094 1235 1245 1272 subiicit
1285 1234 1492 1272 Suetonius
1529 1233 1797 1283 epigrammata
1830 1231 1899 1269 duo
1942 1231 2038 1269 Furii
2088 1229 2281 1277 Bibaculi,
2318 1230 2365 1268 Si
2411 1231 2501 1282 quis

863 1305 971 1356 forte
1009 1305 1082 1341 mei
1120 1303 1267 1341 domum
1314 1304 1504 1350 Catonis,
1547 1306 1584 1340 et
1624 1302 1793 1340 Catonis
1843 1300 1979 1347 vendo,
2024 1300 2167 1347 Galle,
2214 1298 2500 1345 Tusculanum,

865 1373 955 1409 miro
987 1372 1142 1423 quodam
1176 1383 1263 1409 casu
1296 1371 1331 1408 in
1366 1369 1539 1410 Codicem
1583 1369 1721 1410 Catulli
1762 1368 2134 1419 Guclplierbytanum
2176 1366 2245 1405 ΝΥ.
2279 1371 2372 1405 283.
2405 1366 2502 1405 Gud.

867 1440 968 1479 illata
1000 1445 1108 1487 suut,
1142 1444 1253 1492 atque
1286 1440 1428 1478 inserta
1459 1441 1555 1478 inter
1581 1439 1718 1478 Catulli
1746 1450 1891 1477 carmen
1910 1437 2017 1475 XVI.
2057 1436 2286 1476 Paedicabo
2318 1449 2389 1486 eya
2413 1448 2501 1482 vos,

868 1514 905 1547 et
936 1507 1062 1547 XVII.
1108 1507 1142 1547 0
1175 1509 1341 1547 Colonia
1375 1522 1478 1561 qnae
1509 1510 1648 1560 cupis,
1683 1520 1727 1546 eo
1759 1507 1886 1545 ordine
1918 1520 1989 1558 quo
2023 1506 2199 1555 leguntur
2229 1505 2324 1556 apud
2359 1504 2502 1543 Sueto-

868 1579 975 1617 nium.
1037 1577 1217 1615 Fortasse
1249 1577 1311 1614 illa
1342 1577 1541 1628 antiquiori
1574 1576 1713 1625 codici,
1761 1588 1811 1614 ex
1843 1588 1913 1626 quo
1946 1574 2307 1625 Guelplierbytanus
2340 1585 2502 1623 expres—

869 1660 955 1694 sus,
988 1646 1178 1695 adscripta
1209 1646 1358 1683 fuerant
1391 1645 1426 1682 in
1459 1646 1584 1682 fronte
1616 1644 1723 1692 libri,
1764 1643 1826 1682 vel
1859 1645 1893 1682 in
1927 1646 2096 1682 extremo
2129 1644 2246 1689 libro⁷
2279 1655 2298 1681 a
2331 1642 2504 1687 librario,

869 1716 954 1753 sive
986 1715 1081 1766 quod
1116 1718 1312 1762 cognatam
1349 1715 1484 1764 poesin
1518 1713 1614 1751 Furii
1649 1712 1818 1751 Bibaculi
1854 1724 1931 1750 cum
1963 1710 2174 1751 Catulliana
2206 1725 2293 1750 esse
2324 1711 2504 1757 sentiret,

870 1788 909 1822 ut
941 1787 1138 1821 senserunt
1169 1783 1441 1838 Quintilianus,
1481 1782 1661 1830 Tacitus,
1696 1781 1921 1829 Diomedes,
1961 1781 2046 1819 sive
2078 1783 2117 1819 ut
2147 1792 2301 1818 vacuam
2334 1778 2507 1830 expleret

871 1854 1070 1903 paginam:
1105 1855 1231 1890 noster
1262 1854 1383 1889 auten·
1416 1851 1614 1898 librarius,
1660 1850 1719 1901 qui
1752 1848 2123 1900 Guelplierbytanum
2156 1850 2331 1899 scripsit,
2365 1860 2408 1886 ea
2440 1859 2507 1897 pro

872 1922 1099 1962 Catullianis
1131 1920 1284 1969 habuit,
1313 1920 1544 1971 inseruitque
1573 1918 1795 1957 carminibus
1814 1916 1966 1957 Catulli.
2028 1917 2220 1970 Quomodo
2238 1920 2356 1955 autem
2374 1918 2507 1954 sactum

873 1993 922 2029 sit
955 1994 993 2028 ut
1025 1991 1209 2027 insereret
1241 1989 1311 2027 hoc
1344 1988 1447 2035 loc0,
1480 2000 1550 2025 11011
1583 1987 1678 2033 alio,
1712 1988 1922 2025 coniectura
1951 1986 2126 2036 explico,
2159 1989 2197 2025 ut
2227 1986 2311 2023 1111111
2345 1986 2506 2031 videtur,

873 2061 1017 2098 minime
1050 2061 1188 2109 inepta.
1251 2057 1398 2109 Quippe
1430 2056 1625 2095 tenendum
1658 2058 1737 2103 est,
1776 2057 1835 2107 qui
1882 2056 1915 2092 in
1958 2054 2080 2093 multis
2113 2053 2249 2094 Catulli
2283 2054 2509 2092 editionibus

875 2130 1024 2167 carmini
1045 2127 1152 2166 XVI.
1182 2127 1318 2165 attexti
1351 2128 1436 2164 sunt
1465 2138 1600 2163 versus
1631 2127 1730 2172 tres,
1762 2125 1810 2163 Si
1842 2125 1909 2177 qni
1938 2124 2044 2174 [ἅπτε
2073 2137 2243 2161 mearum
2274 2124 2510 2173 ineptiarum

875 2198 1068 2236 Lectores
1102 2199 1241 2244 erilis,
1273 2209 1491 2248 mmm-sque
1521 2201 1687 2232 vostras
1723 2191 1903 2242 (Guelpli.
1940 2192 2125 2238 nostras)
2167 2192 2260 2231 Non
2298 2191 2509 2229 horrebitis

876 2268 1086 2306 admovere
1117 2265 1260 2303 nobis:
1310 2265 1343 2301 in
1383 2262 1747 2312 (hielplierbytanm
1790 2264 1827 2299 ut
1858 2262 1891 2298 111
1923 2260 2026 2309 aliis,
2074 2273 2146 2298 non
2188 2260 2258 2298 1106
2298 2260 2405 2308 loco,
2444 2259 2510 2296 sed

876 2336 1022 2373 carmini
1048 2335 1156 2373 XIV.
1187 2333 1337 2371 additos
1369 2332 1447 2380 legi
1479 2335 1565 2382 post
1598 2343 1745 2368 versum
1777 2330 1916 2368 Saecli
1948 2330 2188 2368 incommoda
2217 2331 2385 2381 pessimi
2413 2341 2511 2381 poe-

875 2414 954 2444 tae.
1017 2403 1173 2443 Carmen
1205 2402 1313 2441 XVI.
1347 2403 1399 2440 ita
1430 2400 1689 2439 concluditur:
1734 2399 1916 2449 Leyimis
1951 2397 2133 2447 (Guelpli.
2167 2398 2292 2449 [161χί5-
2326 2398 2391 2435 sed
2426 2408 2512 2435 cor-

877 2477 1015 2511 rectum
1048 2473 1200 2522 postea)
1234 2472 1337 2509 male
1361 2484 1417 2509 me
1445 2483 1587 2508 marem
1606 2470 1788 2521 putastis
1814 2466 2048 2506 Paedicabo
2064 2480 2134 2518 eqo
2156 2480 2229 2505 vos
2247 2473 2283 2505 et
2301 2465 2513 2504 inremmbo.

878 2543 951 2581 lam
985 2542 1101 2588 igitur
1133 2541 1347 2578 coniectura
1378 2551 1457 2577 mea
1489 2537 1582 2576 haec
1623 2541 1708 2576 est:
1749 2538 1784 2574 in
1830 2537 1959 2574 codice
1997 2537 2217 2588 antiquiori,
2261 2549 2309 2574 ex
2342 2548 2412 2587 quo
2446 2535 2514 2573 dc-

880 2612 1043 2660 scriptus
1075 2608 1454 2659 (luelpllerbytanus,
1501 2607 1711 2657 appositam
1754 2606 1871 2643 fuisse
1913 2604 1958 2642 ad
2002 2617 2150 2643 versum
2194 2604 2375 2655 Leye‘stis
2414 2604 2516 2642 male

880 2694 937 2718 me
967 2694 1012 2716 m.
1036 2692 1075 2731 p.
1110 2681 1230 2714 notam
1262 2676 1496 2714 huiusmodi:
1529 2677 1593 2714 hic
1621 2682 1822 2727 ponantur
1853 2688 1998 2713 ‘versus
2030 2674 2078 2713 Si
2111 2676 2177 2727 qui
2206 2675 2314 2725 forle
2334 2680 2407 2712 ele.
2444 2685 2515 2724 quo

883 2746 1124 2796 significabat
1165 2745 1337 2783 librarius
1379 2758 1516 2783 versus
1556 2744 1643 2782 illos
1684 2748 1762 2782 tres
1802 2743 2002 2780 demendos
2036 2754 2125 2780 esse
2158 2743 2307 2780 carmini
2338 2741 2446 2781 XIV.
2480 2743 2517 2779 et

885 2816 1076 2854 addendos
1108 2814 1192 2852 111116
1226 2815 1371 2852 carmini
1403 2814 1511 2852 XVI.
1573 2813 1628 2852 At
1666 2815 1796 2851 noster
1827 2811 2023 2859 librarius,
2062 2812 2122 2862 qui
2162 2810 2234 2849 1106
2277 2823 2348 2849 11011
2382 2808 2515 2848 iutelli-

884 2888 1025 2934 geret,
1058 2884 1238 2933 deceptus
1270 2883 1507 2921 similitudine
1539 2883 1759 2921 verborum.
1794 2880 1864 2917 11116
1896 2880 2022 2919 retulit
2053 2892 2191 2918 versus
2223 2878 2423 2918 Bibaculi:
2470 2878 2517 2916 δι’

888 2956 978 3008 quis
1010 2954 1116 3004 forle
1145 2956 1217 2990 mei
1249 2952 1396 2990 damam
1428 2955 1501 2990 etc.
1562 2951 1667 2989 Facit
1704 2950 1748 2987 ad
1781 2948 1877 2986 lianc
1909 2949 2158 2986 coniecturam
2191 2961 2317 2985 manus
2350 2947 2515 2995 veteriS,

887 3036 980 3074 quae
1013 3023 1046 3059 in
1079 3022 1202 3071 priore
1234 3022 1377 3059 codicis
1409 3019 1735 3070 Guelplierbytani
1768 3021 1875 3069 parte
1906 3017 2040 3055 multos
2074 3016 2178 3055 locos
2210 3015 2400 3063 correxit,
2445 3015 2516 3052 ob-

889 3092 1071 3129 servatio.
1134 3089 1187 3127 Ea
1218 3089 1261 3127 ad
1295 3101 1437 3127 carmen
1469 3089 1580 3128 XIV.
1621 3088 1682 3126 ubi
1716 3087 1892 3135 leguntur
1932 3100 2068 3124 versus
2110 3090 2187 3123 tres
2229 3085 2275 3124 Si
2303 3086 2369 3137 qvi
2411 3085 2518 3135 forte

889 3174 1058 3198 mearum
1089 3162 1113 3198 i.
1157 3161 1229 3196 etc.
1268 3158 1497 3207 adscripsit:
1538 3158 1682 3196 desunt
1721 3159 1758 3194 et
1799 3157 1843 3195 ad
1892 3156 2063 3194 carminis
2109 3154 2215 3193 XVI.
2260 3165 2409 3190 versum
2454 3155 2517 3189 13.

897 3230 1073 3281 hessis-tis
1105 3243 1151 3267 m.
1183 3243 1239 3266 me
1268 3242 1313 3265 m.
1344 3240 1385 3279 p.
1418 3230 1538 3265 notam
1578 3225 1700 3264 lianc:
1744 3226 1863 3279 Se'qm'
1904 3232 1942 3264 et
1982 3225 2129 3277 relz‘qm‘
2166 3229 2248 3261 tres
2280 3235 2423 3259 versus
2454 3222 2519 3259 hic

891 3306 1101 3351 promatur.
1163 3297 1243 3335 Fuit
1275 3300 1394 3335 autem
1427 3295 1489 3333 illa
1531 3307 1703 3333 versuum
1745 3296 1849 3333 trium
1882 3306 1930 3332 ex
1972 3294 2131 3331 carmine
2167 3289 2273 3329 XIV.
2307 3290 2340 3327 in
2374 3302 2518 3327 carmen

895 3368 1003 3405 XVI.
1037 3366 1258 3415 translatio,
1292 3366 1463 3417 quantum
1494 3362 1579 3401 mihi
1609 3363 1753 3414 quidem
1786 3365 1953 3411 constat,
1986 3362 2137 3412 primum
2168 3371 2189 3396 a
2219 3359 2390 3408 Baptista
2414 3357 2518 3396 Gua-

898 3436 976 3474 rino
1009 3436 1216 3487 proposita.
1276 3433 1399 3485 Novi,
1431 3434 1469 3473 ct
1498 3431 1595 3485 quod
1626 3432 1750 3471 bonae
1781 3432 1903 3481 frugis
1943 3431 2012 3475 sit,
2052 3429 2088 3468 in
2125 3427 2390 3478 epigrammata
2422 3426 2519 3465 Furii

2712 2772 2759 2813 lli„
2789 2795 2791 2810 1
