2006 3365
291 121 393 166 302
892 109 1252 151 DISSERTATIO
1281 110 1351 150 111.

377 228 662 271 Coniunctionis
694 233 758 275 ut,
792 226 1005 277 posteriore
1035 224 1118 264 loco
1148 225 1324 276 positae,
1369 225 1431 277 qui
1463 225 1633 277 exempla
1666 228 1789 277 petat,
1832 236 1921 264 con-

290 302 386 340 serat
417 298 530 338 ovid.
563 297 664 334 Fast.
698 295 766 334 IV.
801 297 894 333 554.
929 297 1024 333 640.
1055 293 1175 332 Trist.
1210 293 1237 332 1.
1272 309 1312 331 11.
1344 297 1412 333 85.

373 365 620 406 Memorabile
660 365 795 413 etiam,
840 364 952 402 nobis
992 363 1173 412 maxime,
1217 362 1279 415 qui
1310 374 1381 400 non
1412 361 1575 402 solemus
1607 363 1659 402 ita
1690 361 1813 415 loqui,
1847 362 1925 420 Qui

289 439 372 486 est,
403 435 484 473 Dir.
516 447 554 472 v.
591 435 656 472 ts.

572 501 642 555 Qui
675 503 841 542 ‹Zonzinis
874 502 1028 553 infesta
1059 501 1253 538 minantes
1286 505 1436 550 stu-qna
1466 500 1709 554 relinquant.

288 572 349 611 ubi
383 574 451 626 qui
481 572 585 610 initio
624 584 747 610 novae
788 571 1000 609 sententiae
1031 569 1076 607 ad
1118 568 1405 619 praecedentem
1440 580 1552 607 versu
1588 571 1652 608 76.
1685 580 1818 607 vocem
1850 569 1924 607 im-

287 641 377 680 bres
410 643 583 679 refertur.
643 641 783 680 Verum
816 639 887 677 boc
919 639 987 677 iam
1020 650 1090 675 non
1124 637 1167 674 ad
1201 635 1487 675 collocationem
1523 637 1746 686 verborum,
1778 636 1845 675 sed
1877 636 1923 675 ad

285 710 539 761 quaestionem
572 709 617 747 de
650 720 748 747 nexu
781 708 1048 746 sententiarum
1090 705 1274 756 pertinet.
1316 717 1421 756 quem
1460 717 1592 743 nexum
1631 703 1727 744 Cato
1771 706 1805 743 in
1839 706 1923 744 uni-

285 791 435 817 versum
469 778 696 829 simplicem,
730 790 801 816 non
834 776 1042 829 quaesitum
1073 777 1135 813 aut
1167 775 1340 813 studiose
1371 775 1552 812 variatum
1584 773 1713 813 babet.
1773 774 1923 825 Nobis,

283 849 324 885 ut
354 846 454 896 dixi,
487 846 526 884 11.
560 859 593 885 e.
626 847 750 897 poetis
783 845 1036 892 nostratibus,
1080 857 1169 882 usus
1201 843 1274 882 iste
1307 843 1533 894 pronominis
1565 842 1713 882 relativi
1745 843 1923 894 incogni-

283 919 344 955 tus
377 920 457 964 est,
491 915 723 967 haberetque
754 914 891 966 aliquid
925 915 1105 959 ieiunum,
1138 912 1181 950 ad
1208 917 1370 950 nostrum
1393 924 1569 960 sensum,
1601 923 1644 950 ac
1676 913 1799 961 magis
1831 924 1923 963 pro-

283 996 351 1022 sae
382 984 540 1023 orationi
574 996 679 1035 quam
710 984 818 1034 poesi
853 986 989 1033 aptum.
1050 982 1135 1020 Non
1168 982 1251 1019 item
1293 981 1487 1020 Romanis.
1551 980 1634 1019 Hoc
1668 993 1816 1033 quoque
1848 993 1923 1020 ex-

282 1053 412 1104 emplis
446 1052 641 1091 illustrabo
674 1064 694 1088 e
726 1050 857 1091 Colice
890 1052 1042 1101 petitis,
1086 1050 1216 1100 partim
1257 1051 1297 1087 ut
1336 1049 1434 1088 bene
1480 1049 1543 1087 fiat
1575 1047 1697 1089 Culici
1730 1062 1781 1088 ex
1811 1049 1922 1088 honis

281 1120 390 1159 libris
421 1121 534 1169 meis,
568 1120 699 1171 partim
732 1123 771 1159 ut
801 1132 894 1172 qnos
926 1118 1121 1157 habiturus
1153 1131 1231 1156 sum
1257 1117 1440 1162 lectores,
1475 1117 1556 1155 dum
1588 1118 1743 1169 saepius
1773 1117 1924 1157 audiant

282 1189 472 1239 Culicem,
516 1189 704 1240 paullatim
737 1201 780 1227 se
811 1189 999 1226 insinuent
1031 1187 1066 1225 in
1100 1186 1195 1224 illam
1226 1187 1388 1237 priscam
1413 1188 1451 1225 et
1478 1186 1604 1225 rudem
1630 1186 1810 1226 interdum
1830 1186 1919 1225 sim-

281 1258 498 1310 plicitatem.
560 1256 645 1297 Cul.
683 1260 773 1296 109.
813 1269 897 1309 sqq.

506 1327 633 1366 Delia
665 1326 764 1365 diva
796 1333 891 1365 tuo:
941 1336 1015 1379 quo
1049 1323 1242 1378 quondam
1273 1326 1385 1363 vieta
1413 1323 1554 1375 furore

515 1396 630 1436 Venit
662 1395 889 1448 Nyctelium
917 1395 1081 1446 fuyiens
1124 1392 1313 1432 Cadmeis
1354 1393 1522 1444 Ayaue,

508 1464 717 1516 Infundas
751 1463 955 1503 scelerata
985 1476 1124 1502 manus
1157 1476 1178 1502 e
1209 1462 1332 1501 caede
1361 1467 1554 1501 cruenta:

510 1533 615 1586 Quae
645 1533 792 1585 gelidis
826 1533 1024 1571 bacchata
1056 1534 1163 1584 iugsis
1195 1534 1390 1586 requievit
1420 1534 1458 1570 in
1489 1536 1630 1580 (intro,

509 1602 725 1641 Posterius
758 1603 830 1639 etc.

280 1679 374 1711 tuo:
417 1672 612 1725 (secandam
644 1671 693 1709 (Ie
722 1674 834 1709 uicta
877 1670 910 1721 f.
945 1668 1093 1707 Veneta
1133 1667 1273 1707 Acbat.
1333 1667 1427 1706 Tum
1459 1667 1669 1721 nyctelium
1700 1671 1805 1707 recte
1836 1668 1919 1707 cod.

281 1740 398 1779 Basil.
433 1743 470 1779 et
503 1739 638 1778 Mutin.
671 1739 767 1791 quod
802 1742 936 1789 postea
955 1737 1100 1776 Veneta
1123 1737 1246 1776 Rubei
1272 1749 1350 1775 cum
1374 1737 1576 1776 vicentina
1607 1739 1645 1775 et
1662 1735 1852 1776 Vossiano
1868 1736 1918 1776 Π.

279 1810 314 1848 111
346 1808 555 1862 nyctileum
587 1810 846 1859 corruperunt.
907 1807 1103 1846 nictelium
1145 1807 1315 1855 August.
1348 1806 1466 1845 Voss.
1501 1809 1566 1845 81.
1599 1805 1747 1844 Veneta
1778 1805 1919 1845 Achat.

277 1878 496 1931 mycteh'um
526 1876 761 1925 Thuancus,
804 1876 945 1915 Vossio
992 1877 1170 1914 testante.
1230 1875 1323 1913 Tum
1366 1875 1401 1913 in
1434 1874 1541 1912 libris
1573 1875 1725 1924 scriptis
1755 1875 1920 1927 antiquis

278 1950 456 1999 quatuor,
490 1949 528 1985 et
558 1944 707 1994 vulgo:
755 1948 793 1984 et
823 1944 948 1984 caede
979 1949 1171 1992 cruenta,
1206 1944 1303 1996 quod
1344 1956 1471 1982 verum
1517 1945 1738 1994 putaverim.
1799 1943 1854 1982 At
1884 1943 1920 1981 in

279 2028 393 2054 versu
430 2018 519 2053 113.
554 2014 615 2052 ubi
647 2013 844 2064 optabam,
889 2015 928 2052 ut
961 2014 1210 2051 coniecturam
1242 2012 1372 2052 nescio
1405 2013 1511 2051 cuius
1553 2012 1626 2050 viri
1657 2012 1757 2050 docti
1789 2012 1919 2050 admo-

278 2085 360 2123 dum
391 2084 652 2136 probabilem:
700 2084 909 2123 Posterius
939 2096 1105 2136 poenam
1136 2083 1251 2133 quati
1283 2082 1332 2120 de
1362 2087 1483 2120 morte
1514 2082 1686 2129 datura,
1720 2081 1917 2119 confirma-

278 2157 362 2192 rent
411 2154 517 2202 libri,
560 2165 689 2192 omnes
730 2153 765 2190 in
806 2152 874 2190 bac
922 2152 1109 2202 scriptura
1159 2152 1426 2189 consentiunt:
1491 2150 1704 2189 Posterius
1751 2162 1918 2202 poenam

278 2225 365 2261 nati
396 2236 441 2262 se
476 2229 595 2261 morte
631 2222 824 2274 futuram.
886 2221 955 2258 nisi
994 2219 1090 2272 qnod
1131 2221 1308 2271 futurum
1352 2220 1387 2257 in
1427 2218 1595 2270 August.
1630 2221 1668 2258 et
1697 2217 1815 2257 Voss.
1847 2221 1916 2257 81.

932 2301 971 2326 v.
1015 2292 1107 2326 120.

505 2359 609 2411 Ipsa
647 2358 726 2397 loci
765 2364 913 2396 natura
953 2357 1101 2396 domum
1131 2363 1344 2396 resonante
1375 2369 1544 2395 susurro

506 2427 599 2480 Quis
631 2426 778 2475 (labat,

280 2500 404 2556 Quis,
436 2497 672 2536 Naiadihus:
706 2508 856 2547 quarum
887 2508 926 2533 v.
964 2496 1053 2532 116.
1086 2494 1222 2533 mentio
1255 2494 1374 2544 facta,
1421 2496 1458 2533 et
1488 2506 1617 2532 rursus
1649 2507 1688 2532 v.
1725 2496 1815 2532 118.
1848 2491 1910 2530 ubi

277 2569 422 2607 chorea
453 2570 512 2604 est
543 2564 680 2604 chorea
696 2564 867 2603 Naidum.
930 2563 1103 2613 Heynius
1133 2562 1178 2600 ad
1210 2562 1307 2602 hunc
1342 2576 1490 2602 versum
1523 2565 1601 2602 ita:
1635 2563 1751 2602 Haec
1781 2561 1913 2600 adhuc

276 2637 332 2676 ad
363 2635 530 2676 Naidas
561 2633 787 2685 referenda.
860 2632 1125 2685 Importunum
1154 2638 1282 2671 tamen
1315 2631 1441 2685 Quis:
1482 2634 1630 2685 ferrem
1661 2631 1803 2670 saltem
1841 2629 1911 2667 [lis

275 2706 401 2745 dabat.
461 2703 567 2757 Quod
607 2715 656 2741 ex
694 2705 822 2740 nostro
855 2702 1102 2739 recentiorum
1134 2699 1316 2739 bominum
1348 2714 1463 2740 sensu
1496 2701 1692 2739 iudicatum
1725 2700 1806 2746 est,
1838 2710 1911 2736 non

275 2787 325 2813 ex
357 2777 537 2812 veterum.
598 2771 675 2810 Sed
717 2772 830 2809 totum
876 2770 994 2808 locum
1035 2781 1224 2819 apponere
1270 2769 1419 2820 placet,
1460 2773 1500 2808 ut
1548 2770 1748 2820 appareat,
1805 2779 1910 2818 quam

273 2855 393 2894 prope
425 2843 469 2880 ad
502 2853 629 2880 verum
661 2839 841 2878 accedant
870 2838 957 2877 honi
998 2836 1082 2876 libri
1115 2838 1279 2889 antiqui.
1320 2839 1476 2877 maxime
1518 2839 1553 2876 in
1586 2849 1700 2876 versu
1732 2836 1793 2887 qui
1825 2834 1910 2873 olim

275 2912 500 2962 desperatus
531 2909 652 2948 videri
695 2910 865 2959 poterat,
914 2909 1005 2945 llS.
1081 2905 1280 2945 Describit
1319 2910 1433 2957 poeta
1472 2906 1590 2944 lucum
1623 2903 1780 2951 Deliae,
1815 2904 1840 2941 i.
1873 2916 1906 2942 e.

275 2979 431 3018 Dianae.
493 2979 662 3018 Vidimus
693 2976 909 3016 mentionem
942 2975 1021 3014 fieri
1054 2974 1224 3027 Agaues.
1284 2974 1379 3014 Tum
1411 2975 1541 3025 pergit
1571 2987 1609 3012 v.
1642 2976 1730 3011 114.
1766 2985 1848 3025 sqq.
