2006 3365
591 171 858 214 RECENSIO
891 171 1180 213 LIBRORUM.
1619 174 1721 218 357

84 289 152 328 sed
183 292 243 328 est
274 289 383 328 etiam
415 289 632 327 contractus
664 300 708 327 ac
739 289 980 336 decurtatus,
1007 300 1087 326 nam
1112 286 1237 339 paullo
1258 290 1346 339 post
1368 287 1504 326 desunt
1523 284 1720 325 Ciceronis

85 358 120 396 in
154 358 315 407 Elegia,
349 360 387 396 et
418 357 565 406 Plauti,
598 361 636 396 et
667 357 849 395 Varronis
880 357 925 395 ad
961 370 998 394 v.
1026 361 1092 395 66.
1125 357 1350 396 testimonia.
1410 355 1520 394 Initio
1549 353 1720 402 Eclogae

83 426 152 466 Vl.
186 430 380 478 postquam
411 426 484 465 alia
515 428 706 477 praefatus
739 428 819 474 est,
853 427 904 464 ita
935 425 1065 475 pergit
1095 424 1380 473 Augustanus:
1412 425 1460 463 In
1485 425 1562 464 hae
1580 424 1721 474 eqloqa

82 497 190 547 nirqe
220 495 267 550 fe
295 495 463 550 silenum
487 495 600 547 Ῐίηῃίι
625 497 692 549 qni
711 495 882 533 canebat
901 501 942 532 uc
969 493 1142 547 qnidam.
1177 495 1340 532 Cromen
1364 501 1492 533 autem
1514 500 1551 533 et
1570 491 1718 546 mnasi-

82 564 159 603 lum
187 563 398 615 pollionem
435 570 472 602 et
504 577 654 602 aarum.
703 563 767 602 nel
798 563 1008 601 cornelium
1038 568 1076 600 et
1106 569 1274 601 luceam.
1317 565 1385 614 qui
1412 562 1721 616 postulauerunt

84 633 267 672 bucolica
297 632 436 686 scribi.
476 633 651 686 Seruius
674 646 767 671 uero
800 632 899 670 dicit
927 630 1098 684 fironem
1122 630 1195 682 sub
1215 631 1393 685 persona
1412 631 1533 685 sileni
1552 634 1618 684 qui
1644 643 1719 669 αα-

82 715 165 740 rum
181 701 575 755 sectatnepieuream
597 702 744 739 (locuit.
778 700 839 738 ubi
871 700 904 737 in
938 711 1057 748 marg.
1089 698 1136 736 ab
1168 698 1241 736 alia
1265 711 1369 737 manu
1396 699 1721 753 siloadscriptum

81 773 152 807 est.
221 769 336 808 Vides
368 770 413 807 de
432 771 574 809 Servio
605 771 867 817 Augustalium
899 767 997 818 loqui
1030 769 1210 819 tamquam
1243 767 1288 805 de
1319 767 1391 806 alio
1424 767 1579 819 quodam
1607 770 1721 815 teste,

83 851 154 876 non
188 843 366 890 tamquam
399 839 446 877 de
479 851 545 884 eo,
579 838 614 875 in
647 849 718 889 quo
751 835 1001 874 describendo
1034 838 1224 874 versatur.
1285 835 1383 875 Mox
1399 836 1445 874 ad
1467 849 1503 874 v.
1525 838 1589 874 13.
1624 836 1722 874 Ser-

83 908 133 945 vii
167 907 284 945 verba
317 908 567 955 Augustanus
599 906 736 952 hahet,
778 909 815 943 ut
846 908 933 943 sunt
964 905 998 942 in
1031 903 1140 942 libris
1173 905 1315 944 editis:
1345 907 1500 958 perfice
1528 904 1720 958 pierides.

80 977 264 1015 leot-Imm·
294 976 441 1031 musas
465 976 519 1013 ml
550 988 599 1014 ea
630 974 845 1025 referenda
878 987 981 1026 quae
1009 973 1164 1028 silenus
1187 979 1429 1013 cantauerat
1450 973 1603 1028 pueris.
1635 987 1723 1012 nam

82 1046 165 1085 null
197 1045 365 1099 &sequi
401 1044 552 1099 sectam
591 1045 816 1095 epicuream
860 1056 975 1097 quam
1015 1043 1257 1081 didicerant.
1300 1050 1380 1082 tam
1411 1043 1609 1096 emilius·
1634 1040 1724 1096 qua*

82 1113 214 1168 naras
239 1113 401 1152 docente
430 1112 565 1166 sirone
595 1119 632 1151 et
665 1111 786 1166 quasi
814 1112 887 1164 fab
916 1113 1046 1164 ,osona
1078 1114 1152 1150 etc.
1231 1111 1415 1164 Quantum
1446 1111 1631 1150 exciderit
1662 1112 1720 1149 in-

81 1186 220 1221 certum
253 1185 325 1220 est.
387 1182 473 1229 Ego
506 1179 595 1218 nihil
635 1180 847 1231 putaverim
879 1184 1029 1231 praeter
1060 1181 1335 1219 Praefationem
1367 1180 1495 1218 Servii
1529 1180 1566 1218 in
1598 1181 1720 1218 Buco-

81 1251 171 1300 lica,
205 1254 243 1290 et
274 1250 570 1289 eonumuitarium
603 1250 637 1287 in
670 1248 750 1287 Ecl.
777 1248 806 1287 I.
841 1262 958 1301 usque
988 1249 1034 1287 ad
1066 1248 1184 1287 locum
1216 1249 1314 1287 illum
1346 1262 1384 1287 v.
1409 1251 1476 1288 5⁴.
1507 1262 1601 1301 quae
1622 1249 1723 1287 soliis

81 1319 351 1370 comprehensa
382 1319 528 1357 duobus
560 1319 707 1357 fuerint.
767 1317 898 1370 Itaque
930 1318 1018 1357 folia
1049 1322 1138 1370 puto
1163 1319 1356 1357 excidisse
1375 1319 1461 1357 duo.
1523 1318 1721 1358 Caeterum

80 1390 130 1427 ita
163 1392 367 1427 truncatum
401 1387 565 1425 codicem
598 1399 668 1425 non
710 1399 827 1437 nuper
859 1399 971 1437 esse,
1018 1388 1085 1426 sed
1119 1388 1229 1426 multo
1262 1390 1428 1438 tempore
1460 1390 1652 1438 antequam
1686 1386 1721 1423 in

79 1457 350 1496 Bibliothecam
383 1455 492 1495 Publ.
531 1456 800 1494 Trevirensem
839 1456 1040 1494 inferretur
1071 1470 1091 1494 a
1123 1455 1447 1507 W'yttenbaclrio,
1490 1458 1577 1493 nota
1608 1468 1721 1507 quae-

82 1527 161 1564 dam
194 1539 320 1564 manus
352 1525 447 1564 satis
478 1526 654 1576 antiquae
694 1524 728 1562 in
769 1526 892 1563 l'ronte
938 1524 1016 1562 solii
1055 1526 1159 1574 eius,
1206 1524 1302 1577 quod
1335 1537 1431 1563 nunc
1458 1525 1609 1575 primum
1642 1526 1721 1569 cst,

80 1596 206 1645 posita
236 1594 429 1633 ostendit:
463 1606 558 1645 quae
590 1596 677 1631 nota
709 1593 780 1631 etsi
813 1594 967 1631 evanuit
998 1606 1047 1632 ex
1079 1598 1213 1644 parte,
1259 1596 1379 1632 tamen
1413 1598 1550 1632 tantum
1582 1596 1723 1640 restat,

82 1668 121 1701 ut
152 1663 344 1712 intelligas
376 1662 518 1712 locum,
551 1675 623 1714 quo
656 1661 740 1700 olim
772 1665 995 1700 asservatus
1027 1662 1097 1702 suit
1129 1662 1190 1700 hic
1221 1662 1357 1701 codex.
1419 1663 1525 1711 Ergo
1551 1663 1619 1699 iam
1651 1666 1723 1700 tum

79 1733 228 1770 mutilus
260 1734 340 1771 erat
373 1732 508 1770 codex,
569 1731 719 1770 Rursus
750 1730 874 1769 solium
906 1731 1067 1781 excidit,
1114 1731 1212 1784 quod
1245 1731 1464 1771 continebat
1495 1733 1721 1770 commenta-

79 1802 169 1839 rium
202 1801 237 1839 in
277 1800 449 1849 Eclogae
481 1799 568 1838 Vll.
609 1803 748 1851 partem
794 1800 1043 1851 posteriorem
1084 1800 1171 1838 inde
1209 1813 1231 1839 a
1268 1814 1307 1839 v.
1346 1804 1408 1839 19.
1442 1802 1480 1839 et
1511 1801 1546 1838 in
1578 1801 1723 1850 partem

80 1871 239 1920 priorem
274 1869 444 1918 Eelogae
461 1869 568 1908 vlll.
600 1882 720 1921 usque
751 1869 795 1908 ad
831 1883 868 1907 v.
894 1872 959 1906 69.
1021 1868 1099 1907 Sed
1132 1871 1200 1907 iam
1232 1870 1327 1909 satis
1359 1869 1405 1908 de
1436 1862 1599 1916 Seruio,
1619 1881 1723 1920 quem

81 1941 194 1976 totum
226 1937 457 1988 perlustrare
488 1951 562 1977 non
593 1938 747 1989 placuit.
810 1939 892 1976 Hoc
925 1940 1062 1977 tantum
1094 1938 1246 1987 addam,
1292 1950 1434 1987 graeca
1467 1938 1595 1976 Servii
1628 1949 1725 1975 nunc

80 2006 218 2044 litteris
261 2010 446 2057 concepta
485 2006 613 2045 latinis
651 2006 849 2055 exhiheri,
894 2009 933 2045 ut
973 2010 1032 2045 est
1075 2008 1110 2045 in
1152 2007 1393 2046 praefatione
1424 2007 1469 2044 ad
1502 2005 1722 2055 Georgica:

80 2076 453 2127 Eryalsaiemerasg
494 2087 590 2113 nunc
629 2087 791 2127 graecas
831 2075 962 2114 imitari
1003 2075 1212 2123 librarium,
1252 2078 1292 2114 ut
1328 2075 1373 2114 ad
1413 2074 1560 2124 Georg.
1593 2074 1623 2113 Ι.
1659 2078 1722 2113 1ἶ.

82 2155 300 2186 αΙΙΟΥΩςιΙ
330 2154 519 2195 [vaano]
564 2155 661 2183 nunc
697 2155 839 2193 graeca
877 2146 1022 2194 omitti,
1070 2147 1110 2184 ut
1161 2157 1299 2183 versus
1347 2144 1501 2183 Homeri
1539 2144 1585 2182 ad
1624 2145 1724 2182 extr.

82 2213 246 2252 Aeneid.
307 2212 534 2251 Adscribam
568 2214 678 2251 etiam
721 2212 851 2252 titulos
889 2214 1117 2264 Eclogarum
1150 2215 1342 2266 praefixos
1375 2215 1647 2253 commentariis
1678 2214 1723 2251 ad

81 2281 255 2331 singulas
285 2281 475 2330 Eelogas,
509 2294 575 2319 eos
606 2283 751 2334 quidem
785 2284 846 2334 qui
877 2283 1014 2335 aliquid
1047 2283 1242 2332 singulare
1265 2283 1418 2323 habent.
1478 2283 1724 2323 INClPlUNT

83 2360 273 2395 EGLOGA
300 2360 517 2394 SECUNDA
543 2361 736 2394 DEMORE
753 2361 885 2395 PUER.
906 2363 944 2395 L.
959 2362 999 2395 R.
1050 2352 1225 2395 INCIPIT
1251 2361 1442 2396 EGLOGA
1467 2363 1638 2396 TERTIA
1662 2363 1722 2396 DE

83 2430 327 2468 PAST0RH33
375 2420 551 2463 INCIPIT
578 2430 768 2465 EGLOGA
795 2431 985 2473 QUARTA
1002 2431 1115 2465 NOUl
1135 2431 1335 2465 SAECULI
1358 2431 1502 2465 INTER
1519 2432 1723 2464 PRAETA-

83 2500 159 2531 '1¹10
210 2500 236 2531 1.
258 2498 297 2531 Ε.
316 2498 472 2531 SEXTA
495 2499 554 2532 DE
572 2499 1040 2533 TRANSFORMATIONE
1064 2499 1326 2533 FAUNORUM
1346 2500 1621 2534 SILENORUM
1644 2501 1723 2534 SA-

83 2567 316 2601 'PYRORUM
336 2566 629 2600 DELECTATIO
678 2558 705 2600 Ῑ.
727 2568 766 2601 Ε.
782 2568 912 2602 NONA
928 2568 1258 2610 DEQUESTIONE
1272 2569 1452 2602 POETAE
1468 2569 1526 2602 DE
1546 2569 1723 2603 Amisso

85 2637 211 2670 AGRO
273 2625 301 2667 Ῑ.
340 2635 376 2667 Ε.
404 2635 582 2668 ΒΕΓΙΜΑ
608 2636 667 2669 DE
693 2637 945 2670 DESlDERlO
972 2636 1114 2670 GALLl
1142 2637 1280 2670 (JIRFA
1309 2638 1613 2671 UOLUMINIAJl‘i
1642 2640 1722 2672 (Ὑ-

84 2705 311 2739 THEUDEM
340 2703 647 2737 MERETMOEM
675 2705 769 2746 QUA
796 2705 1034 2739 LYCORIDE
1060 2705 1186 2739 DlClT
1219 2698 1256 2735 et
1289 2696 1412 2746 paullo
1445 2700 1532 2747 post
1570 2698 1724 2736 brevior

85 2764 172 2803 hie:
206 2772 725 2814 coNQrEswoeltano
741 2774 799 2807 DE
815 2774 972 2807 Aonis.
1018 2764 1297 2814 A‹1G‹=01·gica
1330 2770 1367 2804 et
1395 2766 1600 2805 Aeneidem
1633 2766 1723 2805 bre--

84 2835 213 2872 viores
245 2837 330 2871 sunt
354 2831 621 2881 inscriptiones
647 2831 852 2872 huiusmodi
873 2846 882 2871 τ
914 2834 1092 2877 ΙΝΓΙΡΙΤ
1110 2843 1287 2877 PRIMUS
1306 2844 1382 2876 LIB
1396 2844 1547 2877 SUPER
1562 2844 1723 2877 ΑΕΝΕΙ-

85 2911 211 2944 Domi
237 2909 446 2943 EU'SDEM
473 2909 752 2943 TRACTATUS
779 2904 816 2941 et
846 2902 955 2942 simil.
1015 2901 1207 2942 Absoluta
1247 2903 1446 2941 Aeneide:
1504 2912 1724 2946 EXPLlCl'I'

86 2979 337 3013 EXPOSITIO
364 2979 522 3012 SERVH
549 2978 863 3013 GRAMMATICI.
890 2981 941 3014 IN
965 2981 1243 3015 BVCOLIGON.
1270 2981 1328 3013 ET
1347 2981 1501 3014 LIBRIS
1528 2981 1722 3015 GEORG1--

88 3047 296 3082 ORGICON
333 3047 489 3090 ATQVE
517 3047 792 3081 AENEADVM.
870 3039 1086 3092 Sequuntur
1128 3048 1367 3083 PRISTIANI
1418 3049 1719 3084 GRAMMATIOE
