2006 3365
450 183 504 221 ΙΝ
537 182 754 221 VALERH
786 181 1020 222 CATONIS
1053 181 1319 221 ECLOGAM.
1607 186 1704 229 15³7

632 299 641 311 7
658 299 666 311 Ἰ

72 297 133 337 vel
165 310 240 335 non
272 310 466 351 unquam,
500 301 601 336 reete
642 298 779 337 lhuan.
812 298 934 336 Paris.
967 297 1016 336 11.
1048 298 1117 337 lv.
1152 297 1271 347 Angl.
1306 298 1471 346 August.
1500 296 1653 335 Monac.
1674 296 1702 335 1.

72 366 120 405 ll.
153 365 310 404 Vratisl.
343 366 373 404 Ι.
406 368 443 404 at
475 380 780 420 nonnumquam,
823 366 885 403 vel
917 379 1213 420 nonnunquam,
1255 369 1384 404 eontra
1414 377 1584 414 sensum,
1616 366 1703 404 Me-

71 436 143 473 dic.
188 434 310 472 Paris.
344 434 411 473 lll.
453 434 661 485 Romanae,
705 435 875 473 Venetae
915 434 1053 473 Aeliat.
1096 434 1195 472 Bub.
1235 434 1334 472 lens.
1375 434 1510 472 Mutin.
1554 434 1702 472 Vieent.

70 504 180 541 aliae.
223 504 346 541 etsie
386 504 537 542 codices
578 505 828 553 recentiores,
868 503 986 541 Basil.
1026 502 1183 542 Vratisl.
1216 502 1265 540 ll.
1307 503 1425 540 Voss.
1458 503 1507 541 ll.
1548 504 1705 552 corrigit

73 573 200 611 vitium
232 572 386 609 Badius.
447 576 484 610 et
516 577 720 611 correctum
753 575 813 610 est
844 573 879 609 in
913 570 1085 621 exemplo
1118 570 1221 621 Lips.
1257 571 1428 609 Venetae
1459 572 1564 610 lens.

155 711 205 749 V.
239 714 305 747 30.
339 707 474 756 (133.)
525 717 739 751 FRUSTRA
764 717 822 750 TE
848 717 1051 750 PA'HTUR
1078 716 1115 749 S.
1142 716 1325 750 MUGIRE
1353 717 1591 752 DOLOREM.

70 779 262 817 Fruscate
302 778 472 827 August.
561 778 731 816 dolorem
771 778 905 816 Petav.
947 776 1095 814 Tliuan.
1143 776 1284 814 Medic.
1331 776 1439 814 Leid.
1488 778 1707 827 Burmanni,

69 847 228 885 Helinst.
260 847 402 897 meique
444 848 575 896 scripti
606 847 744 898 antiqui
776 857 926 893 omnes,
966 848 1117 895 praeter
1148 844 1266 883 Voss.
1298 844 1327 883 Ι.
1362 846 1394 882 in
1428 858 1498 897 quo
1532 846 1707 885 dolores.

68 916 167 954 Editi
200 919 286 953 ante
318 915 476 954 Aldiuas
509 915 592 952 inde
624 927 645 952 a
675 915 855 954 Romanis
890 926 1042 962 omues,
1076 918 1113 953 et
1145 915 1230 953 eod.
1264 915 1352 952 Bas.
1386 914 1572 952 Voss-ll.
1605 914 1708 952 Vra-

69 983 146 1023 tisl.
166 983 235 1021 ll.:
260 984 407 1022 dolore.
440 983 612 1022 dolorem
636 987 724 1034 post
745 982 907 1021 Aldinas
936 982 1133 1020 nonnullae
1157 986 1314 1029 tantum,
1339 990 1375 1021 ut
1397 982 1567 1021 Venetae
1590 985 1706 1021 1544.

74 1055 191 1090 1555.
228 1055 347 1091 1558.
387 1052 453 1089 sed
485 1053 793 1103 approbaverunt
823 1051 1008 1089 Heinsius
1047 1055 1085 1091 et
1116 1051 1368 1095 Burmannus,
1409 1055 1708 1104 receperuntque

68 1132 186 1171 nuper
216 1120 479 1170 Eichstadius‚
512 1120 728 1159 Putsehius.
790 1120 912 1159 silvis
945 1120 1095 1159 videtur
1126 1120 1276 1159 dativus
1309 1133 1410 1158 esse.

152 1259 201 1297 v.
229 1262 295 1297 31.
327 1257 461 1308 (134.)
495 1267 553 1301 ET
579 1266 731 1300 PATER
758 1266 1020 1300 uAEnomnu
1045 1266 1206 1307 FELIX,
1233 1266 1516 1309 SEMPERQUE
1542 1267 1705 1301 BEATE.

68 1328 322 1376 Exelamatio‚
367 1326 429 1365 vel
463 1327 588 1377 potius
627 1326 867 1373 acclamatio,
908 1330 947 1365 ut
978 1326 1102 1377 paullo
1140 1332 1226 1365 ante
1258 1327 1374 1366 Felix
1409 1334 1547 1375 taure,
1588 1335 1709 1379 pater

70 1400 142 1434 ete.
205 1396 337 1443 Magis
368 1398 592 1446 perspicuus
624 1395 728 1434 loeus
760 1397 878 1443 soret,
910 1397 941 1433 si
973 1409 994 1434 o
1025 1395 1255 1445 addidisset,
1287 1395 1346 1434 vel
1379 1410 1400 1434 o
1431 1402 1500 1435 lu:
1538 1399 1576 1435 ut
1607 1397 1706 1434 Pro-

69 1466 235 1515 pertius:
269 1464 304 1503 O
333 1479 390 1503 me
420 1466 597 1516 felicem,
629 1477 649 1503 ο
681 1477 760 1502 παι·
788 1465 880 1502 71ιὶ]ιί
910 1465 1111 1513 candala,
1139 1466 1183 1505 et
1213 1477 1234 1503 o
1267 1468 1303 1502 tu
1339 1464 1504 1503 Lectule
1535 1468 1608 1503 ete.
1656 1464 1706 1503 Ut

71 1545 167 1571 nune
198 1536 280 1582 est,
312 1533 496 1571 obscurus
529 1532 715 1571 nonnullis
746 1534 833 1578 suit,
874 1537 911 1571 et
942 1534 1176 1571 correctione
1207 1533 1373 1581 diguus:
1407 1546 1485 1570 nam
1519 1534 1705 1571 eorrectio

71 1605 131 1640 est
163 1602 256 1640 haud
289 1602 403 1640 dubie
435 1601 575 1639 librarii
609 1614 758 1639 sensum
791 1603 1026 1654 quaerentis,
1067 1602 1164 1653 quod
1198 1602 1338 1641 beatus
1377 1601 1520 1650 legitur
1550 1603 1584 1639 in
1618 1601 1704 1640 Me-

72 1671 177 1709 dieeo
210 1673 247 1709 et
278 1670 400 1708 Paris.
435 1670 502 1710 lv.
565 1670 726 1720 Propter
765 1670 1025 1709 abundantiam
1066 1672 1268 1717 orationis,
1306 1671 1435 1723 felir,
1477 1684 1707 1725 semperque

72 1741 207 1788 beate,
242 1740 289 1778 cs.
323 1753 362 1778 v.
386 1745 423 1778 9.
458 1738 492 1778 Ο
521 1740 721 1790 fortunati
750 1741 929 1788 nimium,
962 1741 1198 1794 multumque
1229 1740 1347 1779 beati.
1381 1754 1535 1791 semper
1564 1743 1703 1783 autem,

71 1809 167 1859 quod
200 1809 419 1847 sententiam
451 1808 606 1855 attinet,
640 1811 710 1846 tam
743 1820 821 1846 eum
854 1808 1040 1847 vocabulo
1070 1810 1199 1860 felix,
1233 1822 1337 1861 quam
1365 1821 1444 1847 cum
1471 1809 1583 1848 beate
1615 1820 1707 1847 eon-

72 1877 295 1928 iungendum
328 1881 414 1917 est:
448 1880 487 1916 ut
518 1877 600 1915 Dir.
635 1880 700 1915 65.
761 1878 867 1917 IVam
898 1878 972 1916 tibi
1012 1883 1106 1917 sunt
1133 1878 1296 1929 fontes,
1332 1877 1404 1917 cibi
1444 1890 1592 1929 semper
1627 1877 1708 1928 flu-

71 1949 175 1985 mz'na
206 1948 347 1985 amica.

157 2016 196 2054 E
226 2028 293 2065 pro
324 2016 379 2054 Ec
411 2016 580 2066 August.
640 2015 825 2054 herlerum
857 2015 977 2053 Paris.
1004 2014 1053 2053 ll.
1087 2014 1155 2054 lv.
1189 2014 1311 2064 Angl.
1345 2016 1515 2064 August.
1544 2014 1650 2053 Mon.
1676 2013 1705 2052 Ι.

73 2084 121 2121 ΙΙ.
153 2084 282 2135 foelix·
312 2084 395 2122 cod.
430 2085 519 2123 Bas.
553 2084 671 2123 Voss.
704 2084 753 2122 Il.
798 2084 933 2122 Mutin.
967 2084 1115 2122 Veneta
1147 2084 1249 2123 lens.
1310 2085 1453 2123 bealae
1484 2084 1605 2122 Paris.
1638 2082 1707 2121 ΙΙΙ.

74 2152 301 2191 Haedorum
329 2160 449 2207 paler
479 2167 500 2192 o
529 2154 655 2205 selim,
689 2167 919 2207 semperque
950 2153 1062 2192 beate
1095 2152 1220 2192 laudat
1250 2153 1481 2191 Burmannus
1514 2153 1558 2190 ad
1592 2152 1708 2191 Ovid.

75 2221 228 2261 Remed.
260 2234 328 2259 am.
364 2223 457 2261 179.
489 2235 527 2273 p.
561 2225 655 2260 726.

161 2358 210 2397 V·
223 2363 288 2397 32·
303 2359 436 2408 (¹35.)
455 2369 562 2403 swE
579 2369 713 2403 PET1s
728 2369 921 2403 MONTES
936 2369 1256 2409 PRAERUPTOS‚
1270 2369 1398 2403 SAxA
1414 2369 1708 2402 PERERRANS.

75 2428 168 2467 Tam
200 2427 362 2478 simplex
392 2430 577 2467 sententia
607 2430 689 2479 ipsa
721 2429 959 2480 simplicitate
987 2441 1054 2467 sua
1081 2428 1270 2479 displicuit
1296 2429 1388 2467 viris
1415 2429 1551 2467 doctis.
1585 2428 1710 2481 Quare

76 2497 257 2535 Heinsius
287 2499 429 2535 montis
459 2501 669 2551 praerupti
699 2512 807 2538 saxa
839 2499 1020 2537 tentabat.
1082 2498 1312 2536 Burmannus
1344 2502 1498 2548 patruus
1529 2498 1573 2535 ad
1595 2497 1709 2537 Ovid.

76 2565 232 2604 Remed·
263 2578 332 2603 am·
369 2567 460 2603 179·
501 2566 546 2606 S.
576 2576 714 2620 petens
745 2574 892 2607 montes
923 2574 1228 2620 praeruptaque
1259 2580 1370 2606 saxa
1398 2580 1603 2618 pererras.
1643 2566 1709 2604 ad-

77 2635 130 2672 dit
158 2648 349 2688 pererras
390 2634 425 2671 in
457 2635 584 2673 codiee
622 2638 742 2675 veteri
783 2637 976 2675 invenisse
1009 2636 1229 2674 lleinsium:
1273 2636 1319 2673 de
1359 2648 1431 2687 quo
1474 2635 1518 2673 ad
1552 2634 1710 2674 Catonis

78 2702 198 2741 locum
230 2702 320 2740 nihil
352 2703 522 2741 traditum
555 2703 678 2742 video.
739 2704 971 2743 Burmannus
1012 2707 1132 2743 autem
1171 2707 1301 2743 noster
1341 2703 1482 2742 mavult
1518 2704 1563 2743 S.
1602 2706 1709 2755 petz's

77 2778 252 2820 montes,
306 2777 609 2825 praeruptaque
650 2785 758 2812 saxa
795 2787 1002 2825 pererras.
1091 2774 1139 2812 Et
1177 2774 1233 2812 sic
1272 2771 1372 2811 malit
1412 2772 1709 2811 Wernsdorlius.

78 2843 240 2880 monteis
272 2841 456 2885 Aldinae,
489 2843 527 2878 et
557 2843 644 2890 post
674 2854 738 2880 eas
768 2841 880 2888 aliae,
923 2847 961 2882 ut
994 2843 1165 2881 Venetae
1202 2845 1319 2881 1555.
1362 2844 1479 2880 1558.
1527 2839 1711 2887 Scalige-

79 2921 205 2947 ranae.
377 2909 437 2948 De
469 2907 643 2959 capellis,
683 2910 777 2962 quod
812 2911 941 2950 dumos
972 2915 1114 2959 ament,
1159 2914 1196 2950 et
1226 2923 1372 2963 rupes,
1409 2914 1711 2962 praeruptaque

81 2991 189 3016 saxa
219 2980 351 3029 petere
389 2977 553 3023 soleant,
594 2976 821 3017 Burmannus
852 2980 896 3018 ad
930 2979 1027 3018 illum
1059 2979 1186 3019 Ovidii
1216 2979 1350 3018 loeum.
1416 2976 1551 3015 Nullus
1591 2979 1711 3015 autem

82 3046 293 3097 copiosior,
314 3050 373 3096 et,
395 3047 493 3101 quod
513 3058 590 3086 cum
613 3045 893 3098 vituperatione
914 3048 1022 3097 dieo,
1044 3047 1195 3097 longior
1218 3046 1346 3098 locus,
1370 3058 1476 3098 quam
1500 3045 1538 3084 in
1558 3043 1710 3086 culice:
