2006 3365
204 183 271 227 68
766 177 840 216 AN
845 175 905 214 {M
911 174 1288 215 ADVERSIONES

205 295 321 334 cavit.
375 294 588 333 Transitum
619 292 708 330 facit
739 293 850 342 poeta
881 303 904 328 a
934 289 1099 328 secunda
1129 301 1294 340 persona
1325 289 1368 328 ad
1404 292 1562 331 tertiam.
1609 291 1701 331 Nam
1732 303 1839 343 quum

205 376 322 416 usque
353 363 398 401 ad
430 360 528 400 hunc
558 361 675 399 locum
707 358 919 411 alloquutus
951 360 1057 397 esset
1087 357 1242 408 silvam,
1280 359 1497 409 Tomlebis,
1531 361 1735 408 lactabis,
1765 373 1839 399 ca-

205 433 302 481 des,
334 443 430 469 nunc
460 430 610 480 pergit:
643 431 794 468 nostris
823 431 960 480 potius·
992 428 1031 466 d.
1063 427 1088 466 l.
1135 427 1327 480 flayrablt
1359 427 1443 466 scil.
1476 429 1587 467 silva.
1629 429 1840 479 Aptissime

203 503 346 549 autem,
378 501 551 551 quantum
581 498 722 548 sentio,
767 497 961 536 transitum
991 496 1074 535 loco
1106 498 1198 535 fecit
1228 511 1293 546 eo,
1335 510 1406 549 quo
1439 509 1487 535 ex
1519 497 1647 536 dolore
1680 497 1841 535 vertitur

203 570 238 607 in
268 569 377 614 iram,
408 568 448 605 et
479 568 513 604 in
546 568 703 605 furorem
736 565 974 616 imprecandi.
1018 566 1150 618 Neque
1175 565 1405 618 sluqrabmzt
1431 567 1607 617 scripsit,
1630 566 1719 614 sed,
1743 564 1839 617 quod

201 636 313 675 multo
346 636 585 684 concinnius,
616 635 830 687 stays-abit:
871 634 1031 673 decebat
1063 636 1157 673 enim
1189 636 1327 673 notioni
1360 636 1578 685 primariae,
1617 634 1740 682 silva,
1772 645 1840 672 ac-

203 705 434 743 commodare
466 704 640 754 verbum,
683 717 753 743 non
786 705 872 743 voci
914 704 1159 743 secundariae
1199 705 1324 756 liqna.
1386 703 1515 756 ltaque
1546 702 1840 741 emendationem

202 785 274 812 non
305 772 449 812 felicem
481 785 570 812 esse
601 773 789 823 arbitror,
830 772 925 826 quod
969 774 1003 810 in
1037 772 1209 822 Aldinis,
1251 776 1288 812 et
1325 785 1373 811 cx
1407 772 1558 811 Aldinis
1590 772 1624 809 in
1656 771 1744 811 MS.
1777 771 1839 823 qui

202 842 337 882 dicitur
367 842 501 892 Pierii,
540 844 577 881 et
607 844 642 881 in
676 843 775 882 Ven.
812 844 929 880 15⁴4.
969 845 1086 880 1555.
1122 844 1242 881 1558.
1275 842 1398 881 Antv.
1436 843 1553 879 1556.
1591 840 1681 879 Bas.
1714 840 1762 879 Π.
1797 841 1839 879 P.

205 914 325 950 1561.
366 910 544 961 Scaligg.
585 910 684 951 Pith.
723 910 770 949 al.
813 910 973 959 legitur,
1010 910 1255 962 flayrabunt.
1321 910 1514 963 slaqrabit
1552 908 1719 961 reliquae
1756 908 1842 948 inde

201 994 223 1019 a
253 980 454 1027 Romanis,
497 983 535 1020 et
565 980 648 1018 libri
681 980 834 1031 scripti,
878 978 977 1018 nulla
1009 979 1081 1017 nisi
1113 980 1284 1018 vitiorum
1320 981 1525 1018 varietate:
1568 981 1605 1017 ut
1634 977 1842 1030 flaqrabat

201 1051 236 1088 in
268 1049 507 1099 Anglicano;
549 1050 744 1101 flam-avit
775 1049 810 1086 in
843 1061 913 1086 uno
945 1048 1041 1098 apud
1076 1048 1295 1095 Heinsinm,
1339 1049 1399 1100 qui
1433 1048 1580 1086 videtur
1611 1046 1842 1086 petavianus

201 1131 311 1168 esse,
352 1130 432 1156 nam
464 1119 498 1156 in
529 1117 677 1156 Thuan.
708 1117 899 1169 flaqrabit
930 1117 1084 1169 legitur.
1147 1116 1261 1156 Solus
1294 1117 1412 1157 Voss.
1445 1116 1474 1155 Ι.
1507 1116 1540 1154 5ἰ
1574 1119 1599 1155 f.
1632 1129 1664 1154 s.
1698 1115 1842 1155 confir-

201 1187 324 1226 mabat
354 1187 573 1237 scripturam
605 1186 792 1225 Aldinam.
853 1186 940 1235 Ego
973 1196 1087 1233 vero,
1128 1186 1160 1223 si
1193 1186 1278 1237 quid
1320 1186 1527 1224 imitandum
1560 1188 1688 1234 esset,
1728 1196 1841 1235 prae-

200 1257 332 1294 ferrem
364 1254 423 1294 Gl.
458 1256 506 1294 V.
538 1254 569 1293 1.
602 1255 896 1294 emendationem
926 1254 1140 1306 flagrabis.
1287 1253 1359 1307 Qui
1391 1255 1467 1292 sint
1497 1256 1610 1305 iynes
1643 1254 1840 1302 aetherei,

201 1324 314 1363 docet
350 1324 520 1374 proxima
557 1325 693 1362 mentio
736 1325 864 1363 iovis:
911 1322 1062 1362 fulmina
1100 1322 1191 1361 dicit
1234 1326 1360 1373 poeta.
1421 1323 1517 1361 Mox
1550 1335 1586 1361 v.
1621 1324 1687 1360 52.
1727 1322 1840 1361 Iovis

202 1393 372 1445 iynibus.
414 1392 560 1443 Scripsi
585 1398 706 1431 autem
730 1394 950 1442 aethereis,
984 1395 1023 1431 ut
1049 1392 1084 1430 in
1109 1392 1364 1442 Augustano,
1396 1393 1434 1430 et
1458 1390 1634 1443 reliquis,
1669 1393 1842 1443 quantum

201 1462 345 1514 quidem
370 1464 541 1510 constat,
568 1461 782 1513 plerisque,
822 1462 929 1501 etiam
962 1462 1046 1499 olim
1079 1461 1205 1499 editis.
1239 1462 1428 1500 aetheriis
1461 1461 1496 1498 in
1529 1460 1636 1499 Mon.
1669 1459 1698 1498 1.
1731 1459 1841 1498 Vrat.

202 1532 231 1570 l.
264 1531 378 1580 Virg.
413 1530 524 1579 Aldi,
556 1529 670 1568 Taur.
711 1533 826 1570 1513.
860 1530 1031 1580 Aldinis,
1065 1532 1102 1568 et
1133 1532 1222 1580 post
1253 1529 1414 1568 Aldinas
1445 1529 1544 1569 aliis.

286 1599 436 1638 Deinde
465 1599 562 1650 quod
595 1600 794 1651 sequentia
824 1600 976 1644 attinet,
1023 1599 1152 1636 verbis
1190 1601 1290 1637 einis
1329 1599 1430 1637 haee
1460 1599 1532 1637 tibi
1560 1598 1633 1650 fia!
1665 1604 1841 1650 oportet,

203 1667 458 1721 apostrophen
491 1668 570 1706 ficri
601 1668 645 1706 ad
680 1668 806 1706 lovem
845 1669 1076 1706 manifestum
1115 1670 1187 1707 est.
1250 1667 1388 1705 Verum
1428 1680 1472 1705 ea
1502 1665 1759 1717 apostrophe,
1804 1670 1842 1705 ut

203 1742 290 1777 ante
320 1750 390 1775 nos
421 1736 514 1775 haec
548 1737 904 1775 circumferebantur
943 1737 1118 1776 distincta
1149 1749 1171 1774 a
1202 1735 1331 1775 Gloss.
1360 1735 1407 1774 V.
1442 1736 1472 1774 Ι.
1506 1740 1543 1775 et
1582 1737 1616 1774 in
1656 1734 1840 1785 Scalige-

202 1807 325 1856 ranis,
356 1804 463 1856 aliis,
494 1809 532 1846 et
563 1806 771 1856 nuperrime
803 1819 824 1844 a
854 1805 1058 1845 Putschio:

1170 1875 1350 1928 Iuppiter
1381 1877 1492 1927 ipse,

543 1944 723 1997 Iuppiter
752 1945 856 1983 lame
886 1944 1013 1983 aluit:
1045 1946 1147 1983 einis
1178 1945 1277 1983 haee
1307 1943 1378 1983 cibi
1405 1944 1440 1995 f.
1464 1957 1498 1982 0.

203 2015 365 2053 obscura
395 2017 495 2055 erat,
540 2025 611 2051 non
644 2012 769 2051 statim
801 2013 924 2051 cuivis
958 2012 1208 2064 percipienda.
1270 2012 1344 2051 lam
1377 2025 1468 2056 nos,
1510 2013 1583 2050 etsi
1614 2010 1739 2062 paullo
1771 2009 1841 2048 du-

203 2084 335 2122 riorem
366 2094 454 2121 esse
485 2081 582 2120 hunc
612 2085 758 2131 poetam
791 2083 928 2132 optime
960 2083 1121 2131 scimus,
1155 2084 1192 2120 et
1223 2082 1295 2132 ipsi
1329 2082 1424 2119 infra
1455 2080 1534 2119 Ecl.
1563 2083 1628 2119 45.
1661 2085 1841 2130 apostro-

204 2151 301 2203 phen
332 2151 539 2190 restituturi
570 2163 695 2188 sumus
728 2152 891 2189 sortasse
923 2163 995 2189 non
1036 2152 1159 2189 statim
1195 2150 1364 2189 omnibus
1403 2150 1655 2200 perspicuam,
1698 2154 1842 2196 tamen,

202 2221 266 2260 ubi
298 2218 521 2268 corrigenda
551 2219 849 2269 interpunctione
881 2219 959 2258 lieri
992 2222 1159 2270 poterat,
1192 2218 1363 2257 lubenter
1393 2218 1600 2256 adiuvimus
1628 2218 1841 2268 perspicui-

203 2294 330 2329 tatem.
389 2288 537 2336 Attigit
574 2300 701 2326 veram
742 2287 1033 2338 explicationem
1067 2287 1373 2335 Wernsdorfius,
1413 2288 1472 2339 qui
1510 2287 1631 2325 verba
1664 2287 1843 2338 Iuppiter

203 2360 307 2399 hane
337 2359 439 2397 aluit
470 2356 685 2408 parenthesi
718 2369 806 2396 esse
838 2357 1058 2395 includenda
1088 2360 1224 2394 monet.
1276 2355 1412 2394 Recte.
1457 2356 1511 2394 At
1541 2356 1669 2393 eadem
1700 2366 1842 2406 paren-

204 2428 305 2467 thesi
336 2427 446 2466 etiam
478 2429 566 2479 ipse
597 2425 862 2476 comprehendi
906 2426 1101 2464 debuerat.
1163 2423 1210 2463 Ut
1242 2437 1263 2462 a
1293 2437 1348 2462 mc
1380 2425 1528 2463 factum.
1585 2438 1607 2463 ο
1640 2424 1840 2476 Iuppiter:

204 2510 293 2535 nam
323 2498 411 2548 ipse
432 2495 612 2548 Iuppiter
636 2495 740 2533 hune
770 2495 893 2534 aluit:
925 2496 1027 2533 cittis
1049 2495 1148 2533 haee
1169 2493 1242 2531 tibi
1263 2493 1336 2545 fiat
1358 2500 1523 2545 oportet.
1554 2492 1658 2532 Male
1677 2492 1842 2530 werns-

205 2565 344 2604 dorfius
375 2565 425 2603 ita
455 2563 594 2613 accipit
625 2562 889 2613 parenthesin:
930 2576 1164 2617 quamquam
1203 2562 1272 2601 ille
1300 2563 1404 2601 hane
1435 2562 1549 2601 aluit.
1611 2561 1719 2600 lmmo
1750 2572 1841 2597 sen-

206 2634 323 2672 tentia
353 2631 466 2671 haec:
500 2633 559 2684 qui
592 2631 728 2670 aluerit
758 2631 913 2679 silvam,
946 2632 993 2670 ab
1025 2631 1153 2669 eodem
1184 2642 1272 2668 esse
1303 2630 1516 2677 delendam,
1549 2642 1619 2668 non
1641 2641 1746 2667 mann
1770 2628 1841 2666 mi-

205 2702 298 2741 litis.
358 2701 490 2740 Habes
523 2702 739 2739 coniunctas
771 2713 877 2739 unum
909 2702 944 2739 in
975 2700 1118 2747 locum,
1161 2711 1253 2751 quas
1294 2698 1406 2737 vaide
1444 2702 1541 2738 amat
1572 2697 1667 2738 Cato
1699 2697 1842 2746 figuras

208 2770 320 2819 duas,
360 2769 617 2821 apostrophen
658 2773 697 2808 et
736 2768 992 2820 parenthesin.
1060 2768 1147 2807 Alit
1186 2771 1307 2807 autem
1345 2768 1536 2819 Iuppiter,
1576 2768 1615 2805 ut
1651 2765 1748 2813 alia,
1789 2765 1842 2804 ita

210 2838 347 2887 silvas,
381 2838 488 2877 coelo
519 2839 708 2888 benigno:
748 2839 844 2877 unde
874 2850 946 2876 non
978 2836 1071 2875 male
1103 2836 1243 2875 Badius
1276 2840 1314 2876 ct
1345 2837 1529 2876 Domitius
1560 2835 1691 2874 Iovem
1722 2835 1841 2873 inter-

212 2910 401 2956 pretantur
442 2921 553 2947 aera.
614 2908 689 2946 alit
728 2907 882 2958 pluvia:
931 2918 1036 2958 quam
1076 2906 1113 2944 in
1150 2917 1226 2944 rem
1256 2905 1451 2944 Arnoldus
1481 2902 1680 2953 Virgilium
1718 2902 1843 2943 laudat

212 2972 356 3023 Georg.
387 2975 436 3014 ΙΙ.
469 2979 563 3014 325.
604 2977 664 3028 qui
702 2976 807 3015 locus
839 2987 1049 3026 expressus
1086 2986 1136 3013 ex
1165 2974 1352 3014 Lucretio.
1412 2974 1487 3013 alic
1516 2971 1616 3017 sole,
1649 2974 1686 3010 et
1717 2970 1842 3010 calore

211 3041 372 3079 modico:
406 3045 501 3083 unde
525 3058 611 3084 mox
637 3044 684 3083 de
708 3043 808 3083 silva
830 3043 979 3083 eadem:
1015 3043 1139 3102 Quum
1160 3050 1231 3083 tua
1253 3054 1398 3093 cyaneo
1421 3039 1668 3093 resplendens
1687 3038 1842 3080 aethere
