2006 3365
512 162 567 202 ΙΝ
599 161 825 203 VALERII
859 159 1098 202 CATONIS
1130 158 1401 203 ECLOGAM.
1670 164 1770 208 213

135 280 169 318 in
201 289 355 317 suavem
372 277 519 328 pristini
549 279 637 317 aevi
667 277 987 327 recordationem,
1019 278 1170 317 rediens
1192 277 1239 316 ad
1261 276 1487 317 sententiam
1513 289 1553 316 v.
1575 279 1642 316 39.
1660 287 1768 327 seqq.

133 349 370 395 exornatam,
407 345 508 385 felici
539 347 689 386 deorum
721 346 948 398 heroumque
988 347 1125 386 aetatis
1165 345 1343 386 licentiae
1382 359 1484 386 suam
1515 346 1698 394 aetatem,
1732 347 1771 384 et

132 415 269 463 multa,
312 427 407 467 quac
448 427 545 453 nunc
584 419 693 464 sunt,
734 415 872 454 amoris
911 414 1191 465 impedimenta,
1230 427 1347 465 saepe
1385 414 1602 454 necessaria
1640 425 1768 452 aman-

133 485 220 523 tium
252 483 432 534 discidia,
474 483 792 536 vehementcsque
833 495 883 521 ex
913 483 1083 521 discidiis
1115 482 1286 528 dolores,
1329 484 1502 534 opponit.
1561 482 1647 522 Non
1678 485 1768 533 puto

132 558 254 591 autem
280 551 461 592 Catonem
495 552 705 591 credidisse
737 565 806 598 ea,
839 564 933 603 quae
959 551 1004 589 de
1037 551 1225 589 amoribus
1251 551 1403 590 deorum
1430 551 1656 605 heroumque
1683 564 1768 590 nar-

133 626 189 660 rat
219 622 351 660 omnia.
411 621 539 670 Fingit
570 634 613 659 se
645 620 816 662 credere,
852 622 891 658 ut
921 619 1033 659 decet
1063 623 1222 670 poetam.
1286 619 1381 659 illud
1413 621 1615 670 credebat,
1655 624 1769 674 atque

131 690 204 729 hcc
235 703 313 729 cum
344 690 535 729 desiderio
568 691 731 739 cogitat,
765 692 911 738 tempus
942 688 1062 727 fuisse
1093 689 1299 740 quondam,
1331 700 1404 741 quo
1436 689 1585 744 facilis,
1612 692 1650 729 ut
1680 690 1769 741 pul-

132 759 222 798 chre
260 771 374 811 supra
406 775 444 798 v.
477 761 542 799 37.
575 760 694 807 dixit,
741 761 779 796 et
815 757 905 795 dicit
935 755 1007 795 hoc
1037 756 1147 804 loco,
1177 763 1325 797 natura
1357 758 1489 808 fuerit,
1528 761 1566 797 et
1595 758 1769 798 condicio

131 832 242 868 vitae
271 827 406 878 multo,
448 841 554 880 quam
586 839 680 866 nunc
712 830 793 875 est,
827 825 1032 876 simplicior
1062 837 1106 864 ac
1136 826 1313 875 liberior,
1346 826 1400 865 ita
1430 828 1470 866 ut
1499 825 1620 865 libere
1650 827 1768 865 obse-

131 897 192 949 qui
226 898 470 936 nascentibus
502 909 551 936 ex
582 898 711 934 natura
743 895 897 934 humana
928 895 1196 945 cupiditatibus
1226 895 1389 934 licuerit.
1501 895 1676 935 Perbene
1706 896 1768 934 di-

132 970 228 1005 ctum
260 970 320 1005 est
352 979 444 1005 sors
476 979 497 1004 ο
527 978 613 1004 mea
645 964 671 1003 l.
705 965 923 1012 nascendi,
954 967 1214 1018 miserumque
1243 977 1394 1015 yenus,
1433 962 1472 1002 h.
1504 976 1539 1002 e.
1570 964 1667 1016 quod
1699 977 1768 1003 na-

131 1038 191 1074 tus
229 1048 308 1073 sum
350 1035 384 1072 in
424 1033 497 1073 hoc
545 1035 681 1073 misero
722 1033 904 1072 hominum
940 1045 1104 1082 genere,
1154 1033 1214 1071 cui
1254 1035 1329 1072 etc.
1405 1032 1491 1072 Non
1529 1033 1771 1073 intellexerat

132 1103 343 1149 Arnoldus,
375 1103 435 1155 qui
467 1103 517 1142 ita
548 1103 778 1152 distinguit:
811 1115 904 1141 sors
929 1114 950 1141 o
973 1114 1060 1141 mea
1090 1102 1233 1152 laeva,
1264 1102 1483 1142 Nascendz·
1510 1104 1770 1157 miserumque

130 1187 268 1225 yenus.
302 1184 422 1224 neque
447 1171 495 1210 N.
523 1171 725 1222 Heinsius,
759 1183 865 1223 quum
898 1171 1122 1210 coniiciehat
1148 1171 1377 1211 Nascentis
1406 1173 1666 1226 miserumque
1695 1185 1768 1223 ye-

131 1256 220 1281 nus.
282 1241 420 1281 Veram
451 1241 787 1291 interpunctionem
818 1242 906 1290 post
928 1239 1167 1289 Nascendi,
1201 1241 1269 1278 iam
1298 1240 1437 1280 hahent
1466 1241 1767 1292 antiquissimae,

132 1311 324 1350 Romanae
362 1313 400 1349 et
438 1310 537 1349 Ven.
578 1308 719 1348 Achat.
810 1309 923 1360 Apud
963 1308 1131 1348 Plautum
1169 1308 1296 1349 Philto
1336 1321 1456 1349 senex
1494 1309 1600 1348 Trin.
1640 1309 1690 1348 ΙΙ.
1725 1325 1766 1348 11.

133 1379 263 1418 dolere
293 1391 359 1428 se,
391 1391 498 1430 quum
530 1390 622 1416 suae
652 1378 790 1417 aetatis
820 1390 941 1416 mores
974 1377 1120 1421 videat,
1153 1377 1264 1428 dicit,

761 1449 857 1501 quia
887 1459 959 1498 eqo
990 1446 1046 1485 acl
1074 1447 1148 1486 hoc
1177 1461 1303 1499 yenus

418 1515 623 1554 Hominum
653 1515 815 1555 duravi.

134 1585 248 1636 Apud
290 1584 465 1624 Ovidium
509 1582 688 1634 Myrrha,
729 1584 961 1636 iniquitatem
998 1584 1222 1635 impugnans
1261 1584 1413 1634 legum,
1454 1586 1670 1635 negantium
1708 1586 1766 1637 id,

134 1654 230 1707 quod
263 1657 394 1693 natura
424 1653 598 1697 remittit,
631 1651 777 1691 invidet
807 1653 991 1702 gentibus
1021 1653 1129 1702 aliis,
1160 1653 1212 1693 X.
1243 1656 1339 1693 334.

178 1727 180 1729 ’
419 1722 494 1762 Me
522 1723 727 1770 miseram,
763 1722 869 1776 quod
898 1735 975 1761 non
1005 1725 1124 1763 nasci
1151 1723 1245 1763 mihi
1275 1725 1441 1776 contigit
1472 1723 1577 1771 illic,

416 1791 674 1846 Fortunaque
703 1791 781 1830 loci
810 1791 965 1831 laedor.

133 1861 283 1901 Seneca
312 1859 478 1910 Thyest.
510 1863 606 1900 878.
640 1864 678 1899 9.

591 1929 641 1968 In
670 1942 743 1968 nos
775 1934 893 1969 aetas
924 1930 1062 1969 ultima
1092 1933 1214 1970 venit.

591 1996 626 2037 O
656 2010 728 2037 nos
761 1998 866 2037 dura
894 2006 1002 2038 sorte
1031 2005 1205 2039 creatos.

136 2065 256 2106 Anth.
289 2066 375 2106 Lat.
408 2065 477 2105 IV.
510 2080 652 2104 cxv111.
693 2066 740 2104 de
770 2065 895 2117 puella
924 2066 1009 2106 loco
1046 2066 1142 2106 haud
1174 2068 1360 2118 obscuro,
1400 2067 1463 2108 vel
1494 2080 1516 2107 e
1546 2069 1767 2120 parentibus

136 2135 389 2186 locupletibus
418 2137 522 2173 orta:

422 2204 540 2243 Felix
567 2204 668 2243 haec
697 2207 792 2244 visa
821 2209 885 2244 est
915 2204 1091 2244 nascendi
1121 2204 1209 2257 iege
1235 2206 1390 2259 puella.

139 2273 199 2314 Cf.
231 2275 264 2312 si
294 2273 437 2324 placet,
469 2272 717 2322 Pseudogalli
749 2273 897 2323 elegia,
928 2273 974 2312 ab
1008 2273 1108 2313 Aldo
1141 2274 1311 2314 Manutio
1341 2276 1460 2322 edita,
1491 2288 1552 2328 ap.
1584 2276 1767 2316 Wernsd.

139 2344 182 2383 Ρ.
216 2343 271 2382 Μ.
302 2343 374 2382 To.
408 2342 476 2382 111.
508 2355 547 2393 p.
582 2345 674 2381 193.
708 2357 746 2381 v.
780 2346 846 2381 71.
879 2356 963 2395 sqq.
1000 2343 1108 2383 Tunc
1145 2343 1276 2384 Venus
1301 2367 1352 2372 —
1378 2345 1567 2398 spirabat
1598 2345 1770 2386 dulciter

140 2418 277 2465 iynes,
317 2411 566 2466 Spiculaque
606 2414 646 2450 in
678 2412 802 2452 silvis
833 2418 922 2452 tuta
951 2413 1141 2453 vibrabat
1171 2416 1303 2454 Amor.
1365 2413 1442 2456 Cur
1472 2414 1558 2454 mihi
1588 2427 1662 2454 non
1692 2415 1769 2455 illis

141 2483 270 2531 nasci,
303 2493 383 2519 mea
414 2482 513 2530 vita,
544 2481 679 2520 diebus
711 2478 914 2533 Contigit?
950 2482 1098 2521 invidit
1131 2486 1220 2537 quis
1253 2483 1353 2524 bona
1382 2490 1499 2525 tanta
1529 2480 1658 2526 deus?
1694 2487 1768 2525 etc.

143 2552 270 2591 Aliter
303 2549 460 2589 Manilio
494 2549 563 2588 IV.
596 2553 691 2590 230.
728 2555 762 2589 l.
794 2564 886 2592 sors
917 2552 1116 2592 nascendi
1145 2552 1291 2592 dicitur.

230 2619 367 2659 Adhuc
393 2619 572 2669 expedita
602 2621 742 2667 omnia,
775 2633 894 2673 neque
917 2621 1000 2660 libri
1029 2622 1220 2673 quicquam
1246 2623 1444 2663 varietatis
1468 2623 1629 2663 offerunt
1656 2635 1770 2675 prae-

143 2694 201 2729 ter
232 2690 339 2728 vitia.
401 2688 448 2726 V.
477 2692 542 2726 76.
576 2689 727 2740 Infelix
755 2690 846 2739 illo,
879 2704 955 2730 non
985 2691 1055 2730 illo
1085 2689 1227 2730 Medic.
1259 2704 1320 2742 ap.
1353 2691 1478 2731 Burm.
1537 2693 1688 2733 Monac.
1719 2692 1771 2731 ΙΙ.

144 2760 213 2798 illo
246 2761 314 2813 qui
343 2764 371 2797 t.
405 2758 487 2796 illo.
548 2770 640 2808 erqo
673 2771 739 2808 pro
769 2772 839 2811 eqo
861 2761 997 2799 Venet.
1030 2760 1132 2800 Ruh.
1166 2762 1204 2800 et
1235 2760 1336 2800 lens.
1362 2762 1490 2801 vitium
1521 2764 1771 2814 propagatum

145 2840 212 2879 per
242 2828 362 2867 Voss.
394 2826 443 2865 11.
477 2826 562 2865 Vic.
594 2826 710 2876 alias,
743 2831 948 2868 correctum
980 2829 1015 2867 in
1046 2828 1150 2878 Arg.
1185 2832 1304 2869 1502.
1365 2830 1541 2883 Insoelix
1571 2831 1653 2869 cod.
1678 2831 1768 2869 Bas.

146 2896 265 2936 Voss.
289 2896 338 2935 lI.
363 2896 460 2935 Ven.
488 2895 588 2935 lens.
620 2896 717 2935 Mut.
774 2896 905 2937 V.77.
938 2903 1079 2938 nostra
1107 2899 1188 2950 fuit
1218 2911 1310 2939 sors
1334 2898 1454 2938 Voss.
1487 2900 1518 2938 1.
1548 2900 1639 2950 fors
1663 2899 1769 2939 Mon.

146 2965 177 3004 Ι.
210 2965 319 3005 Vrat.
352 2965 384 3004 1.
458 2966 550 3005 leua
580 2963 770 3015 nonnulli,
803 2968 842 3005 ut
870 2966 977 3016 Aug.
1009 2966 1190 3007 Rom-11.
1222 2967 1290 3006 sed
1322 2968 1443 3008 laeva
1473 2971 1578 3007 recte
1608 2968 1692 3017 alii,
1734 2973 1773 3008 ut

148 3034 270 3075 Paris.
287 3034 337 3074 ΙΙ.
360 3034 430 3075 111.
448 3033 556 3074 Rom.
572 3032 602 3073 1.
627 3031 722 3074 Mut.
793 3047 879 3076 mea
908 3035 952 3075 la
980 3036 1018 3077 le
1047 3049 1103 3076 va
1134 3035 1227 3086 (sic)
1259 3036 1364 3075 Mon.
1397 3036 1447 3076 11.
1515 3050 1606 3078 sors
1636 3050 1659 3078 o
1689 3051 1775 3078 mea
