2006 3365
450 162 505 202 IN
536 162 757 204 VALERII
798 162 1035 205 CATONIS
1066 163 1338 205 ECLOGAM.
1617 167 1717 211 169

77 275 234 329 Sappho
267 278 305 315 et
335 277 546 327 Nicander,
579 280 814 330 excitantur3
847 283 920 319 tum
951 280 1076 319 fabula
1098 279 1268 319 breviter
1293 281 1463 318 narratur
1486 276 1595 327 talis,
1619 290 1715 330 qua-

75 345 122 384 lis
155 346 313 395 vulgata
353 350 434 386 erat
470 348 650 397 maxime,
691 351 728 386 et
769 348 912 400 qualem
952 349 1037 399 ipse
1080 347 1195 387 habet
1225 347 1453 399 Apollonius
1493 347 1540 386 de
1570 345 1713 386 Latmo.

75 414 162 467 Qua
191 417 225 454 in
257 428 299 454 re
329 428 401 454 non
433 428 529 466 opus
560 419 664 466 crat,
708 420 748 456 ut
787 418 818 454 si
851 429 922 468 qua
962 420 1074 455 vetus
1114 417 1300 466 interpres
1339 416 1435 467 apud
1477 419 1597 455 testes
1627 414 1713 454 illos

72 485 290 523 recedentia
321 498 342 523 a
373 484 533 533 vulgata
565 484 714 523 rabulae
753 485 1043 523 conformatione
1084 484 1291 528 inveniret,
1333 498 1377 523 ea
1417 485 1622 533 diligenter
1652 485 1712 523 in-

73 552 217 592 dicaret
248 554 382 592 omnia.
444 555 499 592 At
529 553 754 592 Nicandrum
787 552 966 591 credibile
999 555 1082 600 est,
1124 564 1231 603 quum
1263 565 1364 590 suam
1396 553 1442 592 de
1472 556 1594 592 monte
1625 553 1712 592 Ae-

72 619 185 660 toliae
211 623 419 673 opinionem
438 626 691 674 proponeret,
717 634 787 660 non
809 621 1043 671 praeterisse
1070 620 1222 659 silentio
1246 621 1438 669 vulgatam
1461 623 1711 661 narrationem

71 689 118 729 de
148 690 300 740 Latmo,
343 692 410 730 sed
443 692 493 730 ita
532 693 611 730 sere
653 690 939 740 disputavisse:
973 689 1218 738 mentiuntur,
1251 690 1311 740 qui
1343 690 1376 727 in
1409 689 1537 728 Latmo
1569 691 1710 729 dormi-

69 760 177 797 visse
208 760 497 809 Endymionem,
531 763 569 798 et
599 759 643 797 ad
678 758 841 796 Latmum
872 759 1087 796 accessisse
1118 757 1255 795 Lunam
1287 758 1457 808 tradunt,
1491 758 1526 796 in
1557 758 1710 797 Aetolis

68 840 131 866 res
163 830 260 867 sacta
294 832 375 870 est,
408 829 503 867 unde
534 829 642 866 etiam
675 838 771 865 nunc
804 818 879 874 ὅρη
908 827 1077 865 dicuntur
1099 823 1306 875 Ἀσέληνα
1334 830 1405 865 ete.
1466 826 1580 867 Certe
1601 827 1710 865 eius-

66 896 164 935 modi
196 897 401 947 disputatio
433 909 588 947 prorsus
621 908 671 934 ex
702 896 855 944 ingenio
887 897 1077 945 poetarum
1109 893 1219 933 huius
1250 896 1402 934 aetatis.
1519 895 1560 934 In
1581 894 1709 935 Scho-

66 963 127 1003 liis
159 966 343 1004 Parisinis
377 978 444 1016 pro
478 960 607 1000 av‘zo'v
633 964 777 1002 conieci
804 959 966 1001 αὐτοῦς
1006 963 1165 1015 respicit
1193 963 1381 1014 interpres
1413 963 1629 1014 Apollonii,
1661 964 1708 1003 ad

66 1046 171 1085 quem
223 1033 317 1073 baec
363 1034 519 1082 scribit,
569 1032 687 1071 locum
739 1027 846 1068 κατὰ
885 1028 1088 1079 Λάτμιον
1133 1024 1286 1080 ἄντρον
1327 1027 1366 1070 α’.
1428 1032 1545 1085 Quasi
1586 1033 1708 1073 dicat:

67 1104 185 1141 fertur
217 1102 321 1141 Luna
352 1102 583 1141 descendere
614 1101 659 1140 ad
690 1101 958 1151 Endymionem
992 1101 1231 1140 dormientem
1267 1113 1311 1140 eo
1345 1100 1448 1149 loco,
1482 1114 1588 1154 quem
1620 1103 1710 1143 dicit

65 1170 320 1221 Apollonius,
368 1171 405 1209 in
449 1171 578 1210 Latmo
624 1173 761 1209 monte.
835 1170 966 1222 Atque
1007 1171 1058 1209 ita
1103 1170 1359 1221 accipiendum
1400 1173 1483 1216 cst,
1528 1171 1626 1223 quod
1672 1172 1707 1210 in

64 1238 221 1278 scholiis
253 1240 356 1290 prius
389 1240 502 1279 editis
535 1239 697 1289 legitur:
732 1236 792 1282 εἰς
823 1238 947 1275 τοῦτο
980 1235 1026 1274 τὸ
1061 1231 1234 1287 ἄντρον,
1267 1238 1350 1278 scil.
1381 1239 1415 1277 in
1440 1238 1513 1278 boc
1542 1242 1709 1290 antrum,

64 1308 160 1359 quod
195 1307 282 1346 dicit
323 1308 564 1359 Apollonius.
738 1309 798 1346 Ex
845 1308 916 1347 bac
957 1309 1211 1359 disputatione
1249 1311 1378 1346 nostra
1417 1307 1529 1358 illud,
1572 1308 1706 1359 velim,

62 1376 198 1428 aliquis
229 1377 471 1426 recordetur,
504 1381 616 1429 atque
646 1376 719 1415 hoc
752 1380 880 1416 teneat
908 1378 1085 1423 maxime,
1119 1376 1215 1429 quod
1248 1376 1431 1427 exemplis
1462 1389 1484 1415 a
1516 1390 1572 1415 me
1603 1389 1706 1416 eom-

62 1444 257 1496 probatum
278 1446 447 1484 Senecae
467 1449 504 1484 et
529 1446 707 1484 Nicandri
730 1449 811 1495 est,
843 1458 966 1498 neque
988 1446 1112 1484 mirum
1141 1445 1261 1483 videri
1282 1445 1414 1494 debet,
1438 1446 1474 1483 in
1505 1447 1705 1496 scriptori-

62 1512 134 1552 bus
175 1513 257 1552 eius
297 1515 457 1561 aetatis,
499 1527 593 1567 quae
631 1515 783 1556 dudum,
823 1514 907 1567 qnid
943 1517 1048 1553 esset
1088 1513 1191 1561 luna,
1232 1514 1451 1552 didicisset:
1490 1515 1607 1552 suisse
1644 1515 1706 1567 qui

63 1583 193 1621 eodem
225 1587 393 1633 tempore
424 1582 544 1622 lunam
571 1583 718 1632 fulgere
747 1585 781 1622 in
808 1583 937 1631 caelo,
969 1582 1163 1634 lumenque
1195 1582 1382 1633 praebere
1404 1582 1641 1629 mortalibus,
1667 1586 1706 1623 et

62 1650 199 1690 Lunam
224 1651 338 1690 Deam
363 1653 509 1690 versari
531 1664 609 1691 eum
634 1653 868 1702 Endymione
894 1653 1115 1690 statuerent.
1178 1650 1336 1691 Scilicet
1356 1650 1429 1701 illi,
1455 1664 1562 1703 quum
1584 1651 1704 1690 lunam

61 1732 133 1758 non
176 1731 265 1759 esse
304 1720 434 1769 deam,
478 1733 586 1759 curru
628 1725 796 1770 vectam,
829 1721 993 1766 seirent,
1027 1722 1065 1758 et
1096 1722 1215 1758 tamen
1247 1720 1350 1759 Luna
1380 1720 1487 1766 Dea⁷
1519 1721 1705 1773 suavique

60 1789 308 1839 Endymionis
339 1789 466 1828 fabula
497 1802 628 1829 carere
666 1802 785 1842 neque
818 1792 997 1840 possent,
1039 1801 1158 1841 neque
1198 1788 1360 1838 vellent,
1393 1788 1534 1838 lunam,
1567 1801 1705 1841 corpus

62 1857 250 1908 caeleste,
292 1862 568 1909 separaverunt
608 1871 629 1897 a
674 1860 755 1897 Dea
792 1859 918 1898 Luna:
962 1857 1048 1896 illud
1096 1871 1164 1910 per
1205 1858 1346 1897 eaelum
1386 1857 1493 1896 volvi
1535 1871 1603 1897 sua
1642 1859 1705 1897 via

61 1927 260 1975 sinebant,
287 1926 382 1965 hanc
402 1928 447 1966 ad
475 1928 744 1978 Endymionem
773 1928 1022 1966 adducebant.
1144 1929 1272 1979 Atque
1299 1940 1377 1965 eam
1399 1929 1577 1965 rationem
1607 1926 1703 1966 Cato

61 1995 242 2046 sequitur.
360 1995 536 2046 Apparet
566 2001 710 2044 autem,
744 1995 923 2036 Catonem
941 1996 1120 2034 intereos
1145 1996 1286 2044 fuisse,
1319 1996 1378 2047 qni
1399 1996 1444 2033 ab
1470 1996 1704 2045 Endymione

60 2063 199 2102 Lunam
236 2059 287 2098 ου’
316 2059 475 2112 γυμνὸν
506 2061 551 2099 τὸ
586 2062 775 2114 quiana,
804 2078 875 2103 non
910 2068 1048 2103 tantum
1074 2066 1212 2103 furtiva
1237 2064 1453 2102 dormientis
1475 2064 1703 2102 adolescen-

62 2131 127 2169 tuli
167 2131 318 2179 oscula,
361 2136 399 2171 ut
438 2133 636 2172 tradebant
678 2134 886 2183 castiores,
938 2134 1003 2173 sed
1045 2130 1118 2169 καί
1155 2130 1282 2168 πλέον
1321 2132 1458 2171 tulisse
1499 2132 1702 2171 traderent.

62 2198 158 2239 Cato
192 2199 327 2238 Lunam
349 2201 511 2240 cubitum
539 2203 592 2241 ire
624 2214 702 2241 cum
735 2202 990 2253 Endymione,
1021 2206 1058 2241 ut
1089 2215 1244 2241 uxorem
1276 2214 1354 2240 eum
1376 2203 1527 2247 marito,
1557 2202 1702 2240 statuit.

62 2269 122 2309 Cr.
152 2268 310 2307 Nonnus
345 2269 439 2308 locis
482 2283 596 2321 supra
637 2271 822 2319 laudatis,
861 2272 950 2311 VII.
983 2275 1077 2311 238.
1119 2270 1278 2310 XLVII.
1320 2273 1415 2309 282.
1448 2274 1485 2309 et
1513 2269 1702 2309 XXXIII.

66 2342 157 2377 138.
254 2337 362 2377 Unde
394 2343 475 2387 est,
509 2340 605 2391 quod
639 2341 757 2379 eidem
790 2341 999 2391 Endymion
1033 2341 1102 2380 IV.
1127 2343 1223 2379 223.
1254 2339 1363 2378 XIII.
1394 2342 1489 2378 556.
1519 2338 1701 2378 XLVIII.

62 2410 157 2446 583.
192 2406 395 2455 νυμφίος,
427 2407 568 2448 XLIV.
604 2411 700 2448 285.
735 2405 906 2458 ἀκοίτης
938 2410 1085 2457 Lunae,
1119 2412 1156 2448 et
1187 2409 1290 2448 Luna
1320 2408 1368 2446 ll.
1404 2412 1498 2447 325.
1539 2405 1701 2451 εὐνέτις

56 2472 340 2522 Ἐνδυμίωνος
379 2476 491 2516 audit.
554 2477 777 2532 Quamquam
806 2478 900 2518 haec
933 2478 1078 2531 quidem
1106 2479 1281 2529 ambigua
1314 2480 1422 2526 sunt,
1456 2480 1703 2529 poterantque

61 2545 190 2583 eadem
216 2558 237 2583 a
267 2544 402 2583 Nonne
435 2546 479 2583 de
511 2546 557 2583 iis
589 2547 683 2594 diei,
725 2548 786 2600 qni
826 2548 943 2587 semel
985 2549 1164 2587 coissent.
1225 2547 1452 2597 Narcissus,
1493 2546 1620 2585 Lunae
1652 2558 1702 2585 ex

60 2613 294 2664 Endymione
336 2613 455 2662 tilius,
486 2614 663 2654 XLVIII.
696 2616 722 2654 1.
754 2617 779 2655 l.

146 2682 255 2721 Haec
285 2682 330 2721 de
360 2682 594 2732 Endymione
626 2696 692 2735 per
726 2685 1019 2735 digressionem.

145 2820 259 2871 Apud
294 2818 474 2860 Catonem
516 2819 786 2861 observatione
830 2824 994 2862 sortasse
1026 2823 1177 2871 dignum
1221 2826 1280 2861 est
1321 2835 1468 2861 aureus
1507 2821 1614 2859 orbis
1654 2820 1701 2857 de

61 2888 164 2927 Luna
205 2889 364 2937 dictum,
407 2901 475 2939 pro
507 2901 578 2940 quo
618 2902 673 2927 me
712 2894 807 2939 tum,
853 2904 959 2943 quum
1002 2891 1180 2929 violentis
1223 2891 1257 2928 in
1297 2889 1442 2929 Catone
1480 2902 1573 2939 opus
1612 2900 1701 2927 esse

61 2957 384 2997 emendationibus
416 2958 589 3008 putabam
631 2970 710 2996 cum
748 2959 856 3008 aliis,
898 2966 1113 3011 arqenteus
1155 2959 1264 2998 orbis
1306 2959 1492 2996 coniicere
1531 2957 1699 3006 memini,

62 3026 142 3064 sic:
185 3026 311 3081 Inque
340 3030 464 3067 vicem
495 3025 648 3067 Phoebi
678 3040 840 3068 currens
874 3038 1087 3080 argenteas
1118 3028 1251 3076 orbis,
1297 3026 1358 3065 vel
1399 3025 1506 3064 simili
1542 3026 1698 3079 quodam
