2006 3365
271 137 370 183 246
871 133 1236 175 ΒΙΞΞΕΒΤΑΤΙΟ
1268 135 1297 176 Ι.

271 250 450 301 imperitis
495 261 640 288 carmen
682 250 871 298 nostrum,
908 249 1049 298 Dirae,
1094 262 1173 289 cum
1214 248 1277 288 illa
1319 254 1389 289 tam
1421 263 1538 301 saepe
1570 251 1702 291 iterata
1734 253 1900 292 Battara·

270 319 530 361 invocatione,
563 330 629 368 pro
663 319 822 356 carmine
852 317 983 357 haberi
1016 320 1187 367 magico:
1221 321 1259 358 ut
1290 322 1439 358 constat
1470 319 1614 358 multum
1648 321 1680 358 iu
1713 325 1792 359 arte
1822 333 1896 359 ma-

269 387 356 436 gica
388 386 504 424 certis
535 386 752 438 quibusdam
784 388 915 426 verbis
947 388 1229 440 nominibusque
1261 388 1385 426 tribui.
1448 388 1543 426 Hinc
1574 390 1768 427 transferri
1795 390 1898 428 Bat-

269 457 353 492 tari
383 467 510 493 nomeu
544 455 578 493 in
612 456 769 494 radicem
811 456 960 506 potuit,
1000 456 1035 493 in
1076 468 1146 507 qua
1186 459 1323 495 tantum
1368 456 1599 494 observasse
1632 459 1791 507 portenti
1824 458 1898 496 sibi

269 523 493 561 videbantur
524 523 703 562 homiues
774 525 920 563 Potuit:
962 525 1028 563 sed
1075 526 1196 563 fateor
1234 538 1289 563 me
1328 537 1398 563 non
1439 525 1678 573 intelligere,
1718 526 1899 577 ‹pioinodo

270 589 495 630 Caesaream
537 605 653 644 usque
693 605 824 632 nomen
870 592 967 631 istud
1013 594 1284 643 penetraverit.
1344 594 1404 632 Ac
1449 594 1577 632 nescio
1616 606 1662 632 an
1701 594 1900 632 absurdum

268 663 505 699 commentum
537 660 582 698 de
605 661 766 710 Virgilio
799 673 909 710 mago
941 663 1054 699 totum
1086 663 1134 700 sit
1160 660 1332 701 Cedreno
1366 662 1568 700 recentius.
1628 661 1757 714 ltaque
1789 663 1900 700 redeo

266 727 311 765 ad
345 728 503 778 priorem
535 730 785 768 coniecturam
809 741 948 778 meam,
979 731 1198 780 praesertim
1225 743 1331 782 quum
1353 742 1448 782 quae
1471 733 1638 768 extrema
1663 734 1770 778 sunt,
1802 730 1898 781 apud

268 794 505 846 cedrenum,
547 796 717 836 adhiberi
765 797 978 837 battaritin
1009 800 1098 842 τοῖς
1130 796 1520 846 ὸάιιιιοινιζομέιόις,
1569 810 1641 836 11011
1681 798 1774 837 male
1807 811 1900 837 con-

267 868 405 916 gruant
435 878 513 904 cum
545 878 614 914 co,
655 866 752 919 quod
791 865 836 905 de
877 866 1066 906 baccaris
1106 879 1172 904 usu
1218 870 1405 906 testantur
1436 867 1623 917 Virgilius
1655 870 1692 906 et
1724 867 1899 906 Servius.

267 934 371 987 Quae
402 940 521 973 autem
553 934 801 986 praecedunt,
843 935 890 974 de
921 935 1117 974 effodiendi
1147 936 1327 985 artificio,
1360 936 1509 984 eadem,
1551 935 1612 973 vel
1660 948 1816 986 prorsus
1848 935 1901 973 si-

265 1003 382 1050 milia,
416 1007 454 1042 ut
484 1004 668 1042 observat
689 1003 932 1054 Lobeckius,
964 1004 1010 1042 de
1040 1004 1183 1044 alrunis
1209 1005 1407 1044 narrabant
1439 1005 1523 1043 olim
1554 1004 1746 1054 Germani,
1782 1003 1902 1053 Angli

266 1083 439 1123 quoque,
480 1073 520 1110 ut
558 1071 877 1122 Shakespearius.
966 1072 1154 1122 Virgilius
1186 1087 1319 1123 magus
1361 1074 1445 1112 1111111
1479 1075 1635 1112 maxime
1667 1086 1715 1113 ex
1747 1073 1900 1112 Alberti

265 1140 313 1178 de
345 1140 430 1189 Eyb
462 1139 673 1189 Margarita
704 1141 854 1191 poetica
885 1143 1017 1191 notus,
1060 1142 1119 1193 qui
1152 1142 1353 1191 Virgilium
1382 1144 1638 1196 philosophia
1675 1143 1902 1194 praeditam

266 1212 305 1247 et
335 1210 660 1259 niyromanlienm
690 1210 809 1248 fuisse
833 1210 948 1258 dicit,
977 1210 1133 1261 eiusque
1164 1212 1256 1249 artis
1288 1212 1510 1261 specimina,
1543 1224 1637 1263 quae
1665 1210 1901 1260 exhibuerit,

265 1276 442 1316 nonnulla
471 1279 637 1328 profert,
677 1277 742 1315 sed
785 1279 865 1317 scio
897 1278 1024 1316 eadem
1057 1280 1196 1317 narrari
1228 1279 1274 1317 ab
1307 1279 1414 1328 aliis,
1456 1284 1493 1318 et
1531 1281 1625 1318 satis
1657 1280 1776 1318 fuisse
1807 1277 1903 1317 lia'nc

266 1349 399 1385 faniam
432 1346 586 1395 Virgilii
617 1359 715 1385 aevo
748 1347 822 1386 isto
854 1346 1099 1396 divulgatam.
1171 1347 1327 1386 Dixeris
1372 1347 1510 1399 aliquid
1550 1347 1595 1386 de
1633 1360 1677 1386 ea
1715 1346 1901 1386 residuum

267 1428 356 1454 esse
394 1414 489 1465 apud
534 1414 774 1466 Pomponium
816 1414 993 1455 Sabinum
1035 1416 1068 1453 in
1111 1415 1224 1465 Virg.
1271 1415 1353 1455 Eel.
1396 1416 1503 1455 Vlll.
1539 1419 1604 1455 96.
1664 1417 1762 1469 Ipse
1793 1415 1903 1455 <ledit

268 1482 463 1531 Moeris.)
515 1482 598 1523 Per
629 1485 799 1524 Moerim
830 1485 1018 1536 inlelliqit
1046 1486 1155 1537 forte
1193 1486 1424 1537 Vetyilium,
1459 1489 1642 1541 qnoniam
1672 1485 1782 1540 apud
1812 1485 1902 1524 La-

267 1556 372 1594 tinos
423 1553 499 1592 duo
538 1553 701 1604 fuerunt
745 1555 914 1605 maqiei,
968 1553 1169 1605 Verqilias
1208 1561 1246 1594 et
1277 1555 1493 1603 Catullus,
1535 1561 1578 1594 ut
1618 1557 1677 1593 ait
1726 1554 1901 1593 Plinius.

266 1622 391 1662 Notus
432 1623 491 1659 est
533 1620 660 1664 locus,
704 1634 775 1674 quo
814 1622 980 1661 abutitur
1022 1623 1271 1674 Pomponius,
1310 1624 1421 1663 Plinii
1462 1625 1510 1663 1⁷1.
1551 1624 1599 1663 N.
1632 1622 1818 1662 XXVIII.
1860 1638 1901 1660 11.

268 1689 329 1731 Cl'.
363 1690 535 1741 Heynius
565 1689 610 1728 ad
644 1690 781 1729 Donati
814 1691 939 1730 Vitam
971 1692 1084 1740 Virg.
1118 1703 1200 1741 cap.
1235 1691 1264 1729 l.

355 1759 416 1798 Ad
447 1759 529 1797 Dir.
567 1763 600 1797 1.
634 1762 672 1797 2.
698 1760 759 1798 ubi
780 1761 988 1812 quaeritur,
1022 1773 1116 1812 quae
1138 1761 1272 1798 suerint
1291 1759 1376 1798 illae
1401 1761 1546 1811 priores
1566 1773 1686 1800 voees
1704 1773 1900 1813 cycneas,

268 1828 423 1868 ridicule
455 1828 501 1866 de
534 1827 674 1867 Culiee
705 1829 871 1880 cogitant
914 1828 1120 1876 Domitius,
1164 1829 1326 1878 Badius,
1374 1833 1411 1868 et
1449 1842 1526 1867 cum
1569 1829 1731 1867 Domitio
1772 1828 1901 1867 Gloss-

267 1898 319 1937 V.
351 1896 382 1935 1.
415 1908 508 1948 quae
539 1897 590 1935 ita
620 1896 889 1947 iuterpretatur
919 1897 1061 1935 locum:
1094 1899 1232 1935 tristia
1259 1900 1435 1937 earmina
1456 1898 1595 1951 qualia
1622 1899 1727 1948 eiyni
1758 1903 1905 1936 canunt

268 1968 477 2006 morientes
508 1972 546 2005 et
579 1965 719 2020 qualia
751 1968 789 2004 in
821 1966 949 2005 culice
979 1972 1203 2005 cantamus.
1265 1966 1404 2004 Badius
1437 1969 1554 2004 tamen
1585 1965 1807 2018 aliquantum
1840 1977 1902 2003 re-

269 2035 407 2086 sipuit,
440 2047 547 2086 quum
568 2033 689 2072 addit:
724 2039 793 2073 aut
826 2037 921 2088 qnia
940 2038 1054 2088 prins
1087 2037 1287 2074 cecinerat
1320 2043 1531 2089 (mlequam
1563 2049 1662 2086 affer
1690 2038 1903 2074 restitutus

269 2110 381 2144 erat:
428 2109 466 2143 et
496 2105 632 2142 iterum
664 2116 766 2142 nune
800 2104 958 2157 quaracla
990 2103 1040 2142 ab
1070 2105 1191 2142 Arrio
1223 2110 1442 2157 occupatus
1483 2110 1570 2143 est:
1615 2118 1717 2158 quae
1759 2118 1824 2143 res
1865 2107 1904 2143 in

269 2173 407 2213 Moeri
438 2172 651 2211 declarata
682 2178 756 2211 est.
818 2172 884 2211 Sic
913 2174 999 2210 ante
1045 2173 1196 2210 BadIum
1237 2172 1463 2222 Pomponius
1494 2172 1538 2210 ad
1575 2186 1614 2210 v.
1646 2177 1683 2210 3.
1727 2172 1904 2225 Scripsit

278 2241 478 2291 Veryiliecs
510 2245 548 2279 et
579 2241 690 2279 alias
723 2241 879 2289 Diras,
930 2253 1033 2294 qnae
1071 2254 1146 2279 non
1178 2242 1442 2279 inveniuntur.
1489 2240 1575 2280 ideo
1616 2243 1699 2289 ait,
1744 2240 1902 2280 Iterum.

272 2308 497 2363 Quamquam
527 2308 664 2361 aliquid
698 2308 819 2348 dill’ert
849 2310 944 2348 inter
963 2309 1204 2359 Pomponium
1237 2313 1274 2347 et
1299 2309 1465 2347 Badium.
1528 2310 1666 2348 Badius
1699 2309 1792 2348 enim
1812 2308 1903 2347 Vir-

270 2377 427 2428 gilium,
466 2389 573 2429 quum
615 2378 766 2428 primum
814 2377 1005 2416 amisisset
1051 2389 1189 2426 agr08‚
1241 2389 1385 2415 carmen
1430 2377 1592 2427 lugubre
1631 2378 1737 2417 Diris
1781 2377 1904 2416 simile

272 2445 481 2494 cecinisse,
513 2447 586 2484 tum
617 2446 826 2485 restitutum
858 2447 996 2495 fuisse,
1042 2448 1079 2484 et
1110 2445 1315 2496 scripsisse
1352 2446 1534 2495 Eelogam
1567 2447 1738 2498 primam3
1770 2449 1904 2497 postea

271 2515 402 2554 iterum
433 2515 624 2552 extrusum
657 2513 836 2563 Eclogam
873 2528 1002 2553 nouam
1044 2516 1081 2552 et
1118 2512 1186 2552 has
1227 2517 1378 2553 nostras
1415 2515 1530 2553 Diras
1561 2516 1702 2554 secisse
1733 2514 1902 2565 putabat.

271 2583 405 2636 ltaque
436 2582 578 2621 Badius
609 2582 701 2620 duas
736 2583 889 2631 Virgilii
924 2583 1193 2634 spoliationes,
1225 2585 1390 2634 tempore
1422 2583 1516 2622 baud
1550 2597 1674 2635 parum
1706 2583 1902 2631 diversas,

274 2651 547 2701 distinguebat.
608 2651 770 2690 Brerius
812 2653 1033 2702 Pomponius
1071 2650 1117 2689 ad
1158 2650 1238 2689 Ecl.
1270 2651 1300 2690 Ι.
1333 2654 1370 2690 et
1401 2651 1469 2690 IX.
1508 2653 1711 2702 praeeunte
1749 2650 1900 2700 Probo,

272 2720 474 2769 Virgilium
507 2718 702 2770 spoliatum
734 2721 839 2769 agris
870 2720 1053 2768 Eclogam
1085 2732 1213 2758 nonam
1247 2720 1449 2771 scripsisse
1480 2720 1693 2767 statuebatg
1733 2719 1790 2756 cni
1824 2720 1901 2769 igi-

273 2792 333 2828 tur
365 2789 545 2839 tempori,
577 2790 777 2826 exurente
817 2788 1034 2839 Pomponii,
1076 2789 1181 2826 etiam
1221 2788 1356 2836 Dirae,
1399 2791 1436 2826 et
1472 2788 1620 2839 priores
1662 2786 1768 2834 illae,
1809 2800 1903 2839 quas

274 2857 490 2908 deperditas
522 2856 615 2895 dicit
647 2857 893 2907 Pomponius,
927 2859 964 2895 et
993 2855 1063 2894 liae
1105 2858 1278 2904 nostrae,
1318 2856 1562 2907 apponendae
1601 2859 1729 2905 crunt,
1768 2859 1903 2905 postea

274 2927 482 2965 restitutum
516 2924 694 2974 Eclogam
725 2925 930 2976 scripsisse
961 2936 1060 2974 eam,
1093 2937 1187 2977 quae
1218 2937 1314 2964 nunc
1345 2926 1459 2976 prima
1490 2926 1561 2962 est.

362 2994 534 3048 Denique
565 2994 723 3034 militem
763 2994 989 3045 interpretes
1020 2994 1081 3034 isti
1114 2994 1148 3033 111
1182 2993 1340 3043 Eclogis
1372 2995 1409 3032 et
1442 2993 1477 3030 111
1509 2991 1613 3030 Diris
1646 2991 1810 3031 eumdem
1840 2992 1901 3032 in-
