1970 3350
505 620 562 674 l)
689 618 717 673 1
839 619 901 675 R
1023 617 1087 673 A
1211 617 1292 672 E.

84 1024 324 1101 Battare,
361 1060 561 1105 cycneas
600 1050 862 1105 repetamus
900 1044 1103 1089 carmine
1141 1059 1303 1090 voces:

85 1148 276 1195 Divisas
314 1150 479 1194 iterum
516 1147 651 1193 sedes
690 1155 735 1193 et
773 1163 881 1192 rura
917 1162 1161 1202 canamus,

87 1253 236 1304 Rura,
275 1252 441 1315 quibus
480 1250 603 1296 diras
642 1250 918 1305 indiximus,
959 1251 1096 1311 impia
1133 1256 1257 1294 vota.

88 1354 213 1400 Ante
251 1355 384 1416 lupos
423 1356 604 1415 rapient
640 1352 800 1407 haedi,
838 1352 976 1398 vituli
1014 1359 1121 1397 ante
1159 1352 1342 1408 leones,

88 1458 309 1519 Delphini
346 1457 528 1518 fugient
566 1457 740 1518 pisces,
779 1455 963 1517 aquilae
1002 1462 1108 1500 ante
1146 1455 1408 1508 columbas,

92 1561 152 1607 Et
189 1577 416 1606 conversa
453 1568 573 1605 retro
612 1574 764 1604 rerum
803 1558 1031 1602 discordia
1067 1558 1256 1619 gliscet,

91 1664 244 1710 Multa
280 1665 431 1725 prius,
469 1664 609 1708 fuerit
646 1677 783 1724 quam
821 1677 912 1707 non
951 1676 1052 1706 mea
1089 1661 1236 1706 libera
1273 1676 1439 1707 avena.

92 1767 330 1814 Montibus
369 1774 413 1812 et
450 1766 585 1811 silvis
624 1765 772 1810 dicam
809 1771 888 1809 tua
926 1764 1072 1820 facta,
1110 1764 1355 1826 Lycurge,

93 1871 253 1932 Impia.
306 1869 576 1915 Trinacriae
615 1867 908 1913 sterilescant
945 1865 1115 1928 gaudia
1153 1867 1312 1919 vobis,

94 1973 194 2020 Nec
231 1972 430 2018 fecunda
466 1974 590 2018 senis
628 1973 798 2026 nostri,
838 1971 993 2015 felicia
1029 1987 1158 2025 rura,

93 2078 283 2124 Semina
319 2078 578 2138 parturiant
615 2084 824 2137 segetes,
863 2091 953 2120 non
991 2089 1162 2135 pascua
1200 2073 1367 2127 colles,

94 2180 200 2226 Non
238 2181 424 2226 arbusta
463 2196 609 2225 novas
648 2180 832 2239 fruges,
872 2193 962 2222 non
1000 2178 1242 2238 pampinus
1281 2192 1421 2231 uvas,

93 2284 227 2345 Ipsae
264 2299 354 2329 non
392 2283 541 2329 silvae
580 2282 788 2337 frondes,
828 2297 918 2326 non
956 2281 1147 2325 flumina
1184 2289 1377 2325 montes.

93 2388 298 2441 Rursus,
336 2394 380 2431 et
417 2386 502 2431 hoc
540 2387 704 2431 iterum
744 2392 1004 2446 repetamus
1043 2382 1233 2429 Battare
1271 2398 1471 2428 carmen.

94 2489 270 2535 Effe-tas
310 2488 491 2535 Cereris
530 2488 646 2533 sulci
684 2488 891 2533 condatis
929 2503 1126 2541 avenas,

92 2592 273 2638 Pallida
311 2592 566 2637 flavescant
603 2598 733 2637 aestu
771 2593 973 2636 sitientia
1012 2599 1167 2651 prata,

91 2697 341 2742 lmmatura
380 2693 545 2739 cadant
582 2697 719 2740 ramis
757 2694 1005 2756 pendentia
1042 2693 1183 2746 mala,

90 2798 256 2844 Desint
294 2806 338 2843 et
375 2797 509 2842 silvis
546 2797 753 2852 frondes,
793 2804 837 2842 et
875 2796 1078 2841 fontibus
1116 2795 1303 2850 humor,

92 2901 192 2947 Nec
230 2902 347 2947 desit
384 2901 552 2945 nostris
590 2899 806 2945 devotum
844 2914 1027 2944 carmen
1065 2900 1242 2944 avenis.

92 3004 217 3050 Haec
256 3003 454 3049 Veneris
491 3003 620 3047 vario
659 3002 869 3047 florentia
906 3011 1030 3047 serta
1067 3001 1255 3055 decore,

92 3106 329 3168 Purpureo
367 3120 550 3167 campos
588 3120 705 3167 quae
743 3105 938 3164 pingunt
975 3119 1122 3149 verna
1158 3102 1333 3147 colore:

1668 1971 1732 2014 10

1665 2487 1726 2530 15

1654 3003 1721 3046 20
