2006 3365
497 129 551 168 IN
583 129 802 169 VALERII
835 129 1072 170 CATONIS
1102 128 1372 170 ECLOGAM.
1656 132 1752 175 201

127 257 216 283 mum
255 245 289 282 in
329 243 495 283 editione
528 245 578 283 H.
611 243 795 295 Stephani
837 244 976 283 video:
1016 258 1146 284 omnes
1178 259 1262 285 eum
1291 259 1357 295 eo,
1401 248 1443 283 ut
1482 243 1551 282 ille
1579 248 1755 281 mortuus

125 318 208 361 est,
249 314 369 352 etium
407 313 526 364 flores
559 314 845 352 contabuerunt
874 327 1018 355 omnes.
1080 314 1174 354 Post
1205 311 1340 350 πάντα
1384 308 1462 349 σύν
1504 305 1618 361 αὐτῷ
1657 309 1755 349 inbi-

125 381 247 420 benda
276 392 321 419 ac
350 379 520 419 sistenda
546 381 751 432 paullisper
783 394 861 420 vox
893 385 966 421 est..
1027 382 1250 434 Quamquam
1283 382 1380 434 quod
1414 395 1486 420 rem
1519 381 1652 419 attinet
1682 392 1753 417 no-

124 453 262 498 stram,
300 462 373 488 non
405 449 550 488 multum
583 450 690 489 Bioni
724 450 933 488 tribuerim:
976 453 1104 501 potest
1144 451 1262 498 enim,
1304 451 1399 502 quod
1433 450 1477 488 de
1508 449 1661 488 floribus
1693 448 1754 486 di-

124 519 195 566 cit,
225 519 271 557 ab
311 519 395 569 ipso
430 518 550 556 lictum
582 532 680 557 esse.
743 516 791 556 Ut
821 520 944 556 statim
978 519 1123 556 imitans
1158 518 1284 556 Bionis
1319 518 1435 556 locum
1465 517 1648 556 Moschus
1683 516 1752 556 III.

122 590 190 624 32.
223 588 332 625 etiam
363 587 397 624 in
431 587 562 625 Bionis
594 588 698 625 obitu
731 585 802 625 boe
832 586 1018 624 accidisse
1050 587 1165 624 dicit:
1203 582 1253 621 m*
1289 579 1468 622 δ’(ἵνθεα
1500 583 1617 621 πάντ’
1650 582 1752 632 ἐμα-

124 651 280 703 ράνθη.
396 655 571 707 Denique
601 656 697 706 apud
729 655 920 696 Nonnum,
954 656 987 692 in
1021 655 1278 705 descriptione
1311 655 1514 703 Horarum,
1553 654 1622 693 XI.
1657 657 1752 693 500.

120 724 279 762 Adonis
313 727 351 762 et
382 724 582 776 Cylherea
613 736 765 762 vernum
805 726 1094 773 repraesentare
1124 726 1290 774 tempus,
1333 723 1394 762 vel
1434 723 1631 773 praesides
1664 736 1753 762 esse

121 793 300 843 temporis
333 794 439 831 verni
472 793 660 831 vIdentnr.

204 864 356 913 yavz'sa
387 862 537 901 elidere
574 873 644 898 non
676 873 790 898 meum
823 861 1035 908 inventum,
1079 872 1291 912 quamquam
1326 858 1459 897 vellem
1492 872 1607 898 meum
1639 872 1752 908 esse,

119 929 184 968 sed
218 930 263 969 G.
297 929 470 978 Canteri‚
503 929 722 978 Scaligeri,
756 928 784 966 l.
818 929 878 967 Fr.
911 928 1094 968 Gronovii
1128 933 1211 977 est,
1252 942 1358 980 quum
1390 927 1510 977 vulgo
1543 930 1646 967 esset
1675 941 1753 979 ya-

117 1001 214 1038 vz‘sa
253 1006 318 1037 est
356 999 504 1038 ludere.
565 998 707 1048 Nempe
747 999 781 1035 in
815 997 1073 1036 emendatione
1105 998 1228 1036 differt
1259 997 1396 1049 aliquid
1430 998 1526 1035 inter
1566 996 1674 1046 illos3
1714 1000 1754 1036 at

117 1066 213 1117 boc,
246 1068 342 1119 quod
367 1069 629 1118 praecipuum,
662 1067 835 1105 viderunt
864 1078 1011 1115 onmeS‚
1035 1065 1155 1105 verbo
1177 1079 1271 1116 opus
1299 1078 1389 1104 esse
1420 1079 1486 1114 eo,
1511 1079 1531 1103 a
1555 1079 1625 1118 quo
1653 1079 1751 1116 pen-

117 1137 227 1185 deat,
259 1136 355 1188 quod
387 1137 576 1187 sequitur,
608 1135 841 1187 Purpureos
872 1135 1006 1187 flores.
1068 1135 1191 1184 Igitur
1215 1133 1300 1173 Gul.
1329 1132 1479 1173 Canteri
1513 1134 1613 1172 Nov.
1646 1134 1752 1173 Lect.

117 1205 167 1244 V.
207 1220 290 1244 xw.
330 1218 367 1256 p.
411 1207 505 1243 340.
549 1204 608 1243 ed.
648 1205 770 1243 Antv.
819 1204 942 1243 Plant.
988 1205 1105 1243 1571.
1140 1203 1259 1242 verba
1290 1205 1404 1242 sunt:
1444 1204 1549 1243 Num
1589 1210 1626 1242 et
1662 1205 1752 1243 heic

116 1272 286 1313 Lae-dere
317 1273 587 1322 scribendum,
626 1286 700 1326 pro
733 1272 874 1311 ludere.
907 1274 1063 1326 alioqui
1101 1272 1223 1323 flores
1257 1285 1443 1324 quorsum
1471 1268 1750 1325 pertinebunt?

116 1343 242 1382 lidere
271 1354 398 1380 ausum
431 1341 644 1391 Scaligeri‚
677 1342 773 1393 quod
806 1343 1034 1392 perstringit
1065 1341 1272 1380 Salmasius
1304 1354 1364 1391 ap.
1397 1341 1615 1380 Arnoldum.
1650 1340 1747 1379 Gro-

116 1412 252 1449 novius
293 1415 435 1455 autem,
478 1413 517 1449 nt
548 1411 615 1448 iam
647 1411 779 1449 dictum
811 1415 898 1449 est:
958 1412 1053 1450 Dea
1092 1412 1187 1450 visa
1218 1411 1369 1449 elidere
1395 1410 1633 1448 coniiciebat.
1694 1411 1751 1449 Ec

121 1494 252 1519 seeum
290 1485 428 1519 tenera
464 1482 615 1530 flavien
645 1480 792 1519 elidere
824 1479 1016 1518 Arnoldus
1057 1479 1186 1518 edidit.
1247 1478 1348 1517 Libri
1380 1479 1495 1528 longe
1527 1478 1671 1529 plurimi
1703 1493 1750 1517 u-

119 1549 254 1587 nanimi
297 1560 512 1587 consensu:
553 1551 704 1600 qauisa
743 1556 805 1587 est
846 1549 981 1588 ludere
1018 1551 1057 1587 in
1087 1549 1125 1587 Iz.
1186 1547 1228 1586 In
1260 1548 1431 1586 Parisino
1463 1547 1533 1586 IV.
1565 1550 1660 1587 uisa
1690 1554 1752 1587 est

119 1616 262 1666 legitur
298 1629 366 1667 pro
397 1619 547 1668 qauz’sa
578 1623 663 1665 est,
704 1619 742 1655 ct
772 1620 866 1657 visa
897 1623 959 1657 est
998 1617 1198 1656 colludere
1236 1616 1271 1654 in
1302 1616 1501 1663 Medicco,
1542 1616 1754 1656 Burmanno

120 1690 234 1725 teste.
293 1690 442 1736 yuuisa
482 1692 545 1725 est
584 1686 867 1725 udereinherba
909 1688 1075 1735 August.
1119 1687 1154 1724 in
1193 1698 1264 1737 quo
1297 1685 1462 1724 sortasse
1501 1698 1616 1724 verae
1655 1686 1754 1724 scri-

118 1758 250 1805 pturae
282 1755 474 1804 vestigia,
506 1755 650 1803 udere,
691 1756 829 1794 lidere.
890 1754 1030 1793 Verum
1069 1755 1114 1793 ad
1158 1757 1324 1793 veterem
1357 1766 1401 1793 ac
1432 1766 1557 1793 veram
1588 1755 1753 1805 scriptu-

120 1835 195 1861 ram
227 1825 320 1862 satis
353 1826 460 1862 etiam
493 1836 612 1875 prope
643 1825 791 1863 accedit
825 1823 1017 1873 vulgatum
1048 1826 1199 1874 ffaecisu
1227 1829 1289 1862 est
1318 1824 1466 1862 ludere.
1529 1824 1667 1862 Locum
1699 1824 1754 1862 si-

121 1891 325 1942 millimum,
364 1906 448 1943 sup.
498 1896 559 1932 13.
598 1897 660 1934 14.
692 1894 775 1932 Aut
806 1895 909 1932 inter
946 1894 1111 1941 varios,
1152 1893 1318 1932 Veneris
1361 1893 1594 1946 stipendia,
1633 1893 1755 1944 flores

123 1960 309 2000 Membra
346 1962 576 2010 reclinaril,
620 1969 871 2014 leneramque
912 1962 1078 2000 illiserit
1116 1961 1298 2009 herbam,
1347 1962 1523 2011 apposuit
1561 1961 1754 2010 Scaliger.

124 2028 162 2066 Is
203 2029 308 2068 locus
348 2029 493 2068 multam
535 2032 606 2068 vim
645 2029 761 2068 habet
799 2030 843 2067 ad
877 2029 1221 2079 commendamlmn,
1261 2030 1357 2081 quod
1398 2042 1466 2068 nos
1504 2031 1756 2079 restituimus,

124 2100 277 2149 yavisa
305 2099 466 2138 elidere.
529 2098 636 2137 Solet
665 2099 759 2137 enim
786 2111 853 2136 sua
881 2102 1055 2148 repetere
1081 2096 1198 2148 Cato,
1224 2102 1261 2136 ut
1284 2111 1414 2136 moneo
1438 2099 1531 2136 infra
1556 2099 1660 2137 Diss.
1686 2098 1756 2137 III.

212 2168 358 2206 Versus
392 2169 456 2205 (Π.
499 2167 597 2205 nulla
629 2180 724 2218 opus
757 2167 873 2206 babet
903 2167 1181 2212 emendatione,
1222 2172 1419 2219 postquam
1451 2168 1641 2205 inventum
1674 2170 1756 2217 est,

124 2249 146 2276 a
186 2249 256 2288 quo
298 2237 435 2287 pendet
472 2237 708 2289 Purpureos
746 2236 890 2287 flores,
941 2237 1094 2275 verbum
1134 2237 1297 2275 elidere.
1374 2235 1579 2284 Heinsius,
1618 2237 1758 2288 quippe

126 2318 261 2344 memor
293 2317 440 2354 eornm,
473 2318 566 2357 quae
598 2304 683 2356 ipse
714 2306 758 2343 ad
785 2305 901 2345 ovid.
933 2306 1057 2355 Epist.
1089 2304 1216 2344 XVII.
1255 2306 1316 2343 17.
1343 2304 1472 2344 Amor.
1506 2304 1536 2343 1.
1568 2320 1654 2344 v111.
1689 2308 1754 2345 43.

125 2376 369 2423 annotasset,
410 2374 457 2413 de
496 2388 563 2413 usu
603 2375 711 2413 verbi
750 2375 887 2413 ludere
924 2374 960 2411 in
992 2386 1032 2412 re
1065 2372 1256 2421 Venerea,
1300 2373 1363 2414 hic
1393 2387 1541 2427 quoque
1572 2374 1757 2424 religiose

126 2443 349 2482 servandum
382 2443 518 2482 ludere
548 2445 702 2483 verbum
729 2456 844 2482 versu
871 2447 936 2481 66.
962 2447 1000 2482 at
1024 2455 1138 2481 versu
1167 2444 1231 2481 (Π.
1271 2447 1453 2497 quociens
1481 2458 1604 2496 super
1629 2456 1756 2482 emen-

127 2512 282 2551 dandum
313 2512 489 2562 putabat,
532 2513 831 2563 approbantibus
863 2512 1072 2550 Burmanno
1105 2512 1148 2550 ad
1183 2512 1302 2551 Antii.
1335 2512 1416 2551 Lat.
1451 2512 1499 2551 Τ.
1531 2512 1561 2551 I.
1593 2526 1631 2563 p.
1665 2514 1756 2550 741.

128 2580 411 2629 Wernsdorfio,
454 2582 491 2619 et
521 2593 637 2630 nuper
668 2580 862 2619 Putscbio.
923 2582 985 2620 Ae
1018 2582 1114 2619 bona
1144 2582 1272 2630 foret,
1309 2585 1368 2622 est
1407 2583 1502 2622 enim
1534 2582 1678 2629 tacitis,
1715 2592 1758 2619 e·-

128 2650 333 2697 mendatio,
360 2649 392 2687 si
421 2648 503 2687 sola
524 2649 724 2688 bonitatem
750 2652 893 2689 faceret
916 2650 1094 2689 facilitas.
1152 2652 1204 2689 At
1228 2664 1399 2703 quorsum
1429 2654 1583 2706 quoties
1595 2647 1613 2689 ’Ξ
1666 2649 1759 2688 Suf-

130 2719 278 2757 ficiebat
318 2720 351 2757 in
394 2731 471 2756 eam
511 2719 729 2756 sententiam
764 2733 889 2771 quma.
950 2720 1124 2772 Insuper
1155 2721 1210 2758 sic
1240 2721 1422 2771 positum,
1465 2724 1503 2759 ut
1533 2723 1591 2758 est
1622 2732 1643 2756 a
1681 2717 1759 2757 Ca-

130 2789 216 2826 tone
246 2789 428 2838 positum,
461 2787 554 2824 satis
587 2799 679 2824 unns
711 2789 874 2827 tuebitur
905 2788 1101 2827 Lueretius
1132 2788 1200 2828 VI.
1221 2792 1313 2827 191.
1373 2789 1646 2836 accumbebat,
1675 2786 1758 2826 scil.

130 2856 275 2895 Venus.
305 2856 559 2895 aeumbebccn!
588 2855 744 2894 Vratisl.
772 2856 802 2895 l.
862 2871 930 2897 ros
962 2863 1003 2897 ut
1030 2871 1152 2909 super
1182 2857 1458 2905 accumbebat,
1491 2860 1551 2896 aut
1580 2870 1659 2910 qua
1690 2870 1758 2896 ros

133 2938 254 2977 super
284 2940 324 2964 α.
357 2926 594 2964 coniecturae
627 2925 796 2976 Ileinsii,
828 2930 915 2967 ante
944 2926 1043 2967 illam
1072 2927 1211 2967 saetae.
1271 2926 1331 2966 De
1362 2926 1515 2965 floribus
1543 2927 1758 2979 purpureis

133 2994 303 3034 monitum
334 2997 394 3034 est
423 2993 468 3032 ad
499 2993 581 3032 Dir.
618 2997 683 3031 21.
