2006 3365
500 189 554 227 IN
593 189 809 229 VALEnn
843 188 1080 229 CATONIS
1112 190 1291 231 DlRAS.
1645 195 1709 238 15

74 301 228 350 agebat.
269 302 368 340 Esse
396 304 516 341 autem
544 315 692 341 scenam
717 304 907 350 carminis,
940 307 978 343 ut
1002 304 1100 352 dixi,
1126 305 1161 342 in
1185 317 1281 354 agro
1306 304 1484 353 Catonis,
1518 304 1578 343 vel
1607 304 1708 343 levi-

74 372 133 408 ter
163 370 378 420 inspicienti
405 369 478 408 hoc
505 383 649 410 carmen
674 373 832 422 patebit.
886 371 1037 421 Flores,
1061 372 1218 422 silvam,
1243 374 1362 411 omnia
1384 373 1586 425 alloquitur
1611 376 1707 412 tam-

73 450 178 490 quam
201 439 428 488 praesentia.
472 440 637 486 Deinde,
671 440 768 492 quod
800 440 968 490 perbene
1000 441 1209 479 institutum
1242 446 1322 491 est,
1354 443 1476 480 omnia
1507 453 1578 480 uno
1611 445 1707 481 tem-

71 507 177 558 poris
202 509 404 557 momento,
431 506 494 546 vel
517 509 641 558 spatio
664 508 913 557 brevissimo,
939 507 1241 558 comprehendIt,
1266 522 1310 547 eo
1335 510 1499 561 quidem,
1531 509 1628 562 quod
1659 509 1706 549 ad

72 575 374 614 commovendam
405 576 681 615 miserationem
712 576 966 626 aptissimum:
1000 575 1112 624 lingit
1143 577 1238 614 enim
1271 578 1393 616 omnia
1424 591 1445 617 a
1473 591 1516 617 se
1542 579 1706 618 abeunte

72 644 167 683 cani.
201 644 248 683 cf.
279 657 318 684 V.
350 647 417 683 St.
450 647 488 684 et
518 647 584 685 86.
618 657 701 696 sqq.
819 643 994 695 Denique
1025 644 1148 682 onmia
1179 646 1246 694 agi
1278 657 1355 684 cum
1380 646 1554 686 Battaro
1579 648 1705 697 fingit.

156 779 235 819 Sed
268 781 468 821 Barbarus
502 783 584 834 quis
617 779 785 832 tandemj,
817 783 879 820 aut
910 780 994 832 quid
1027 778 1123 820 suit?
1182 781 1242 820 De
1273 794 1318 820 eo
1350 782 1585 821 incredibilis
1616 784 1705 834 opi-

67 849 214 887 nionum
246 851 426 890 varietas.
470 850 736 902 Antiquissimi
760 850 1009 900 interpretes,
1034 849 1265 901 Pomponius
1297 850 1485 898 Sabinus,
1517 851 1704 890 Domitius

69 916 314 969 Calderinus,
337 918 417 958 lod.
437 918 578 957 Badius
606 919 844 968 AseensiuS,
876 918 1053 958 arborem
1078 919 1198 957 fuisse
1217 919 1406 958 Battarum
1433 920 1702 965 conficiebant,

68 987 107 1025 et
137 986 282 1038 quidem
313 988 452 1039 faynm
483 1000 533 1025 ex
563 986 718 1035 Virgilii
751 986 898 1035 Eeloga
936 990 968 1027 l.
1030 986 1111 1040 Qua
1143 988 1189 1026 de
1220 1001 1260 1026 re
1300 989 1397 1026 satis
1429 987 1543 1026 semel
1577 1000 1704 1039 expo-

66 1054 197 1103 siturn,
230 1056 291 1093 uhi
322 1059 490 1095 veterem
523 1056 682 1094 fabulam
715 1056 760 1093 de
778 1055 941 1104 Virgilio
965 1055 1135 1094 Dirarum
1168 1059 1322 1094 auctore
1353 1069 1509 1105 enarro,
1542 1056 1650 1095 Diss.
1672 1056 1703 1095 i.

65 1123 200 1162 Fuisse
231 1125 341 1163 etiam
381 1126 442 1177 qui
480 1129 607 1165 vicum
648 1124 902 1175 intelligeret,
944 1136 965 1162 e
996 1123 1160 1163 Domitio
1200 1126 1468 1175 cognoscitur,
1508 1126 1612 1163 cuius
1651 1125 1704 1163 ibi

63 1192 184 1230 verba
207 1194 381 1243 apposui.
424 1194 489 1233 Ab
521 1193 663 1232 illorum
695 1194 839 1232 ratione
873 1193 970 1231 haud
999 1192 1114 1243 longe
1143 1194 1221 1232 abit
1244 1193 1384 1232 Glossa
1404 1194 1574 1232 Venetae
1602 1193 1702 1232 lens.

64 1272 159 1311 quae
189 1262 336 1301 silvam
362 1261 445 1301 vult
471 1275 560 1301 esse
587 1263 789 1301 Battarum.
838 1260 888 1300 Ut
915 1262 950 1299 in
976 1262 1160 1313 principio
1185 1262 1378 1301 carminis:
1412 1262 1459 1301 In
1481 1275 1580 1313 “9²⁴⁰
1612 1263 1704 1303 Vir-

63 1329 215 1380 filiano
245 1338 334 1370 erat
366 1331 478 1370 silva
509 1334 659 1370 nomine
691 1331 904 1377 battarus,
938 1333 976 1369 in
1006 1332 1186 1370 honorem
1217 1332 1332 1371 Iovis
1365 1333 1536 1371 incedua
1566 1346 1702 1372 reser-

63 1404 178 1437 vata.
237 1398 384 1437 Rursus
416 1398 596 1449 Scaliger
624 1399 787 1451 fluvium
817 1410 906 1437 esse
937 1399 1128 1438 Battarum
1161 1400 1366 1439 censebat:
1411 1413 1516 1452 quam
1548 1401 1702 1451 opinio-

64 1479 145 1505 nem
179 1468 361 1518 quomodo
403 1469 669 1517 exornaverit,
711 1469 830 1518 ipsum
869 1467 996 1506 audire
1034 1480 1173 1518 operae
1210 1469 1367 1519 pretium
1409 1472 1469 1507 est
1507 1468 1550 1506 ad
1591 1482 1630 1507 v.
1666 1472 1702 1509 1,

67 1534 157 1575 Cum
190 1535 394 1585 Scaligero
434 1537 575 1575 faciunt
607 1535 848 1576 Boxhornius
879 1535 924 1573 ad
956 1549 995 1574 v.
1029 1539 1094 1574 36.
1159 1536 1377 1576 Scriverius
1408 1550 1469 1588 ap.
1503 1538 1700 1576 Burmann.

65 1603 110 1643 ad
135 1618 174 1643 v.
194 1608 284 1655 93.,
315 1603 522 1643 Arnoldus.
555 1605 604 1644 N.
635 1605 817 1643 Heinsius
848 1604 892 1642 ad
927 1619 964 1645 v.
988 1608 1054 1644 29.
1074 1609 1140 1646 33.
1163 1607 1201 1644 et
1221 1608 1287 1646 35.
1320 1606 1368 1645 de
1399 1607 1501 1646 colle
1532 1607 1700 1656 cogitat3

65 1672 127 1711 vel
159 1673 276 1724 ipsam
307 1673 446 1712 villam
479 1673 639 1713 Catonis
677 1674 812 1712 dictam
852 1674 972 1712 fuisse
1005 1674 1208 1715 Battarum.
1270 1674 1476 1713 Audiamus
1508 1676 1618 1714 etiam
1649 1675 1700 1713 Is.

65 1741 263 1791 Vossium,
296 1743 358 1794 qui
388 1743 423 1780 in
448 1742 620 1793 exemplo
653 1743 829 1781 editionis
854 1742 1002 1791 Scalig.
1030 1744 1147 1782 1573.
1171 1744 1267 1795 quod
1290 1743 1430 1782 Leidae
1454 1746 1699 1794 asservatur,

64 1811 109 1850 ad
142 1810 430 1861 disputationem
456 1811 647 1859 Scaligeri
675 1824 774 1860 eam,
808 1824 879 1864 qua
909 1824 1060 1850 versum
1080 1814 1146 1850 64.
1181 1813 1373 1851 convertit
1404 1814 1439 1851 in
1471 1825 1547 1851 rem
1579 1826 1700 1855 suam,

64 1878 159 1917 haec
189 1880 412 1930 adscripsit:
446 1884 517 1920 imo
548 1894 656 1919 mons
685 1883 841 1933 potius,
874 1894 963 1919 nam
994 1883 1189 1935 sequitur,
1221 1882 1328 1921 IVam
1351 1881 1423 1921 tibi
1449 1889 1541 1921 sunt
1564 1883 1700 1933 fontes

66 1948 137 1987 tibi
165 1948 326 2000 flumina
357 1963 511 2002 semper
542 1952 685 1988 amica.
734 1951 817 1990 Sed
847 1956 1022 1988 neutrum
1052 1963 1187 1989 verum
1217 1964 1311 1989 esse
1339 1958 1451 2002 puto.
1501 1950 1609 2003 Quae
1640 1952 1701 1989 est

65 2017 165 2056 hona
196 2017 430 2057 observatio.
473 2018 638 2057 Videbat
658 2019 825 2058 Vossius
850 2030 1000 2056 versum
1025 2021 1091 2056 64.
1124 2030 1198 2057 non
1229 2019 1274 2056 ad
1301 2019 1582 2057 confirmandam
1608 2031 1700 2057 seu-

64 2086 214 2124 tentiam
246 2086 458 2136 Scaligeri,
491 2087 557 2125 sed
590 2087 635 2125 ad
667 2087 898 2125 refutandam
932 2088 1066 2126 factum
1098 2099 1200 2125 esse.
1246 2087 1289 2126 Si
1324 2089 1418 2126 enim
1450 2088 1532 2138 ipse
1565 2087 1701 2126 fluvius

66 2154 201 2193 suisset
222 2155 421 2204 Battarus,
454 2167 526 2194 non
558 2155 630 2194 hoc
660 2159 882 2207 precaturus
914 2159 994 2195 erat
1026 2155 1145 2196 Cato:
1181 2157 1370 2206 Battara,
1402 2157 1626 2209 fluminibus
1659 2164 1700 2196 tn

66 2229 226 2261 nostros
257 2224 374 2263 trade
404 2224 586 2275 dolores,
626 2225 692 2264 sed
727 2224 821 2274 hoc,
861 2227 900 2263 ut
937 2226 1021 2276 ipse
1051 2226 1193 2276 primus
1234 2228 1443 2265 incurreret
1483 2227 1517 2264 in
1557 2238 1702 2275 agrum.

66 2291 269 2329 Praeterea
286 2293 486 2343 Vossium,
519 2294 604 2346 quid
630 2306 755 2332 verum
777 2297 899 2340 esset,
934 2295 1007 2333 etsi
1027 2307 1098 2333 non
1122 2295 1231 2345 dicit,
1263 2297 1436 2334 sensisse
1463 2298 1584 2334 tamen
1609 2306 1704 2332 con-

66 2359 168 2398 iicio.
226 2359 381 2401 Scilicet
410 2363 532 2401 mirari
564 2363 669 2402 lubet
701 2365 757 2402 tot
788 2367 824 2402 et
855 2365 1038 2402 tantorum
1066 2364 1231 2402 virorum
1258 2364 1416 2411 iudicia,
1447 2363 1701 2416 quaerentium

66 2428 280 2467 Baltarnm
311 2429 345 2467 in
367 2432 446 2470 tota
477 2444 593 2470 rerum
620 2436 772 2481 natura,
806 2432 894 2470 illud
919 2444 990 2470 non
1015 2433 1237 2482 videntium,
1263 2433 1359 2485 quod
1387 2432 1700 2483 simplicissimum

67 2499 161 2536 erat.
209 2497 333 2536 Homo
365 2502 423 2538 est
453 2501 645 2539 Battarus.
696 2501 736 2539 ld
769 2513 864 2539 unus
896 2502 1018 2539 sensit
1048 2505 1160 2553 atque
1192 2501 1374 2539 indicavit
1404 2501 1528 2539 obiter
1553 2501 1612 2538 Fr.
1636 2500 1701 2538 la-

67 2566 221 2605 cobsius
252 2565 446 2616 praeclara
476 2568 539 2607 illa
570 2569 826 2620 disputatione
858 2569 902 2607 de
934 2569 1077 2609 Valerii
1110 2568 1268 2608 Catonis
1299 2570 1416 2608 Diris,
1460 2569 1567 2621 Quod
1593 2581 1701 2607 unum

67 2634 173 2684 dico,
219 2647 289 2673 non
330 2647 432 2684 nego
469 2636 505 2674 in
546 2638 672 2676 eadem
712 2651 930 2691 quemquam
968 2641 1054 2677 ante
1093 2638 1302 2677 lacobsium
1344 2639 1530 2677 sententia
1569 2638 1700 2675 fuisse.

68 2702 196 2742 Veluti
228 2703 387 2742 Heinsio
420 2705 561 2755 scripta
591 2707 634 2744 ad
669 2719 818 2745 versum
857 2711 889 2747 l.
922 2720 1030 2759 quum
1062 2706 1152 2756 lego
1183 2719 1228 2746 ac
1258 2707 1462 2758 perpendo,
1502 2706 1701 2744 veritatem

67 2772 308 2811 obversatam
341 2785 428 2810 esse
461 2773 534 2812 ista
564 2776 744 2814 scribenti
776 2776 950 2825 dixerim,
982 2788 1197 2828 quamquam
1229 2775 1302 2814 alio
1335 2780 1501 2826 tempore
1525 2775 1571 2811 de
1600 2774 1702 2812 colle

68 2841 265 2889 cogitavit.
329 2840 476 2879 Deinde
508 2844 567 2880 est
600 2842 737 2895 aliquid
770 2844 933 2883 Iacobsii
971 2846 1183 2883 sententiae
1215 2844 1337 2883 simile
1370 2845 1404 2882 in
1436 2843 1610 2893 opinione
1642 2841 1697 2880 Io.

67 2906 212 2947 Christ.
244 2910 517 2957 Wernsdorfii,
560 2911 606 2949 de
636 2912 722 2951 Val.
758 2911 915 2952 Catonis
946 2914 1052 2952 Diris
1083 2914 1256 2952 l'rooem.
1289 2928 1326 2965 p.
1360 2925 1461 2949 xmx.
1495 2923 1600 2962 sqq.,
1632 2910 1699 2949 sed

68 2975 105 3014 id
140 2977 267 3015 mirum
306 2978 342 3016 in
381 2979 524 3017 modum
562 2978 745 3018 deflexum
787 2984 826 3020 et
862 2981 1113 3021 deformatum.
1183 2981 1444 3020 W'ernsdorlio
1478 2980 1700 3029 Baleares,

68 3042 300 3099 βάτταρος,
332 3054 523 3100 nuqator,
557 3048 731 3098 blatero,
763 3061 893 3087 nomen
919 3052 978 3088 est
1003 3051 1089 3088 sive
1113 3062 1320 3098 cognomen
1354 3052 1490 3098 poetae
1522 3048 1701 3098 alieuius,
