2006 3365
231 156 297 200 54
787 152 1315 193 ANIMADVERSIONES

231 269 378 309 Tlluan.
410 270 531 309 Paris.
563 269 613 307 ΙΙ.
653 269 823 318 August.
857 269 891 306 in
924 268 1061 320 quibus
1089 269 1301 319 forantur,
1339 267 1461 307 Paris.
1491 269 1562 308 IV.
1602 272 1640 309 et
1676 268 1798 319 Angl.
1831 269 1866 308 in

230 339 364 390 quibus
393 339 598 390 fedantur.
641 335 747 375 Unde
771 337 1008 375 coniecturae
1029 336 1196 384 lleinsii‚
1229 344 1436 386 serantur,
1467 338 1530 376 vel
1555 346 1747 378 creentur.
1788 337 1867 377 Sed

229 407 328 445 nulla
358 408 394 445 in
424 406 582 454 vulgato
611 406 799 457 ferantur
830 406 911 445 vitii
941 405 1124 456 suspicio.
1185 405 1258 444 ilia
1288 418 1356 456 pro
1389 406 1474 445 ulla
1504 407 1614 446 Vrat.
1645 407 1695 446 ΙΙ.

284 542 416 580 5125.
450 551 523 585 sic
545 551 746 585 PREeoR:
768 552 826 585 ET
845 551 1047 585 Nosrffls
1070 552 1317 586 suPEnENT
1338 552 1462 586 HAEC
1479 553 1696 586 eAfflmNA
1712 553 1866 587 voris.

227 610 375 649 Versus
414 610 670 659 intercalariS,
720 613 779 663 qui
822 613 980 650 recurrit
1020 613 1136 660 infra,
1179 613 1244 649 47.
1315 612 1362 649 Et
1401 611 1474 649 hoc
1511 613 1656 663 quidem
1694 612 1779 651 loco
1822 625 1867 651 eo

229 690 343 717 versu
376 679 546 718 concludi
576 684 688 732 atque
720 680 927 719 confirmari
953 681 1238 730 praecedentem
1265 681 1586 731 imprecationem,
1618 693 1690 718 non
1718 681 1795 719 lieri
1821 681 1867 719 ad

226 759 359 785 novam
391 748 696 798 imprecationem
728 750 942 799 transitum,
980 750 1211 787 manifestum
1245 752 1316 787 est.
1379 749 1484 801 Quae
1516 749 1609 786 enim
1640 752 1867 800 sequuntur,

226 816 436 866 Ludimus,
469 825 506 856 ec
535 818 691 856 mullum
724 821 796 856 etc.
831 822 869 856 ut
900 821 1002 855 recte
1034 820 1157 855 monet
1190 817 1415 865 Putscliins‚
1448 817 1624 869 querelae
1655 821 1762 867 sunt,
1795 830 1868 856 non

227 885 459 936 imprecatio,
521 887 649 924 Versu
681 887 821 924 deinum
855 889 921 924 34.
965 889 1077 936 poeta
1116 898 1245 924 rursus
1285 886 1329 923 ad
1371 885 1643 936 imprecandum
1682 886 1867 935 assurgit.

225 954 515 1005 Explicationes
546 957 666 993 autem
699 956 908 993 sententiae
939 958 1091 1005 praeter
1129 954 1418 1005 explicationem
1450 954 1724 1003 W'ernsdorlii7
1763 966 1868 1005 quam

225 1026 330 1061 recte
362 1024 493 1061 reiecit
524 1023 749 1072 Putschius,
792 1024 904 1062 video
937 1024 1033 1062 (luas
1064 1036 1164 1061 esse.
1227 1022 1362 1071 Unam,
1405 1027 1443 1061 ut
1474 1023 1749 1061 diuturnitatem
1782 1035 1868 1061 car-

228 1091 386 1130 minibus
417 1092 495 1129 suis
527 1094 633 1141 optet
665 1104 766 1136 eam,
798 1104 892 1143 quae
925 1093 1067 1142 ipsum,
1100 1094 1263 1142 votaque
1294 1092 1413 1141 ipsius
1445 1095 1613 1141 superet.
1661 1091 1776 1143 Quasi
1808 1091 1869 1129 ‹li-

226 1163 308 1198 cat:
352 1162 549 1210 praestent
585 1160 788 1198 el'licaciam
832 1160 926 1198 llaec
966 1173 1046 1198 mea
1078 1160 1236 1198 carmina
1268 1162 1340 1197 tum
1373 1172 1541 1211 quoque,
1581 1172 1689 1211 quum
1730 1172 1868 1198 mecum

225 1241 306 1266 mea
337 1231 430 1267 vota
461 1232 602 1267 mortua
634 1232 751 1266 erunt.
813 1228 913 1266 Nota
946 1232 1004 1267 est
1036 1228 1145 1266 verbi
1179 1242 1374 1281 superare
1405 1228 1658 1278 significatio,
1688 1242 1867 1278 manere,

227 1297 440 1351 reliquum,
474 1299 727 1349 superstitem
758 1310 863 1336 esse.
926 1297 1079 1335 Plautus
1110 1297 1264 1335 Trucul.
1297 1296 1346 1335 V.
1380 1300 1446 1336 49.
1510 1298 1617 1355 Quid
1650 1299 1691 1337 iil
1721 1306 1784 1337 est
1814 1319 1866 1325 —

229 1366 334 1420 quod
365 1367 484 1405 dem?
516 1367 582 1405 dic
614 1368 729 1406 tium:
764 1370 801 1406 si
831 1371 1007 1417 superet,
1037 1368 1163 1420 feres.
1223 1366 1367 1416 virgil.
1399 1366 1480 1405 Ecl.
1514 1365 1582 1404 lx.
1615 1367 1682 1404 27.
1714 1368 1870 1417 superet

226 1435 337 1473 modo
370 1435 546 1474 Mantua
578 1435 704 1475 nobis.
766 1435 912 1484 Georg.
938 1435 1006 1474 Ill.
1040 1439 1105 1475 63.
1138 1439 1292 1486 superat
1321 1435 1508 1487 yreyibus
1542 1436 1631 1474 (lum
1661 1435 1771 1474 Caela
1804 1438 1870 1474 iu-

227 1510 386 1543 ventas.
447 1503 610 1554 Lepidus
651 1517 711 1555 ap.
754 1503 911 1543 Sallust.
944 1505 1091 1554 Fragm.
1126 1504 1225 1542 Ilist.
1260 1503 1324 1541 lih.
1358 1502 1388 1542 Ι.
1456 1504 1562 1543 Nam
1602 1505 1698 1558 quid
1728 1504 1870 1543 ultra?

229 1585 382 1626 quamve
411 1573 582 1611 lacunaria
612 1576 809 1622 superant,
852 1579 922 1611 aut
953 1573 1092 1611 (lirina
1124 1573 1330 1626 impolluta
1362 1568 1488 1611 simi?
1547 1573 1596 1610 Et
1627 1584 1704 1611 cum
1737 1573 1868 1612 dativo

229 1641 311 1679 eius
344 1641 419 1691 rei,
461 1642 518 1679 cui
549 1640 687 1692 aliquis
718 1643 935 1690 superstes:
976 1641 1117 1690 virgil.
1146 1640 1243 1679 Aen.
1277 1640 1326 1679 ll.
1361 1643 1454 1679 (3⁴3.
1488 1648 1634 1693 captae
1665 1643 1868 1692 superavi-

228 1722 307 1748 mus
339 1709 438 1748 urbi.
500 1708 560 1749 Cl'.
593 1723 686 1761 quos
719 1709 868 1747 laudant
900 1709 1094 1748 Arnoldus
1133 1710 1176 1747 ad
1212 1709 1310 1747 hunc
1341 1708 1500 1748 Catonis
1532 1710 1673 1760 locum,
1715 1708 1868 1750 Cortius

230 1779 266 1816 in
299 1778 456 1818 Sallust.
489 1777 662 1827 Iugurth.
696 1793 800 1827 Lxx,
834 1781 872 1816 2.
936 1778 1073 1817 Verum
1106 1778 1192 1817 talis
1224 1779 1437 1826 sententia,
1471 1779 1641 1830 quamvis
1672 1779 1770 1817 bona
1802 1791 1871 1829 per

231 1860 296 1896 se,
340 1847 462 1885 aliena
501 1859 522 1884 a
560 1851 683 1886 mente
716 1847 894 1891 Catonis,
941 1848 1000 1899 qui
1043 1848 1180 1885 ruinam
1219 1860 1314 1896 agro
1352 1860 1422 1884 non
1456 1847 1652 1899 aliquando
1687 1849 1868 1897 futuram,

229 1917 298 1955 sed
335 1928 453 1967 prope
493 1917 756 1958 imminentem.
801 1917 924 1954 statim
964 1916 1031 1954 lias
1064 1916 1176 1954 Diras
1215 1917 1512 1967 insequuturam‚
1556 1916 1698 1954 indicit.
1761 1916 1867 1965 Ergo

228 1984 482 2035 amplectimur
513 1986 854 2034 interpretationem
886 1984 1059 2031 alteram,
1101 1997 1196 2037 quae
1228 1986 1295 2022 iam
1327 1984 1603 2023 obversabatur
1634 1985 1773 2033 Badio,
1806 1986 1868 2036 qui

229 2055 298 2093 ita:
330 2055 431 2092 haee
461 2058 638 2092 carmina
670 2061 868 2107 superent.
902 2057 927 2091 i.
959 2057 1111 2093 maiora
1143 2058 1223 2093 sint
1254 2076 1306 2081 —
1339 2067 1454 2107 (siccem
1486 2055 1567 2091 sint
1592 2060 1688 2091 volu
1710 2061 1866 2092 nostra.

228 2122 314 2170 vel,
357 2126 396 2161 ut
435 2123 527 2161 idem
567 2123 609 2160 ad
645 2137 681 2160 v.
717 2125 782 2161 41.
825 2126 977 2161 maiora
1016 2127 1096 2162 sint
1135 2126 1286 2162 noslris
1326 2126 1445 2161 rotis.
1490 2125 1514 2161 i.
1548 2122 1763 2161 desideriis
1796 2130 1867 2162 aut

229 2193 517 2231 licitationibus.
580 2196 617 2231 et
649 2191 707 2230 Gl.
743 2192 791 2229 V.
825 2191 853 2229 Ι.
897 2194 936 2229 iri
975 2196 1128 2230 unciaru
1170 2205 1283 2245 quma
1321 2204 1394 2229 nos
1438 2191 1701 2230 (leuaueumus
1744 2192 1865 2231 mala.

228 2260 345 2311 Optat
375 2265 487 2311 poeta
519 2264 557 2299 ut
587 2260 671 2310 plus
703 2262 871 2310 praestet
901 2259 972 2298 lioc
1004 2272 1149 2298 carmen
1182 2273 1307 2309 suum,
1349 2272 1453 2311 quam
1487 2260 1570 2310 ipse
1601 2260 1759 2299 dicendo
1791 2273 1863 2298 vo-

227 2342 321 2368 vere
358 2330 498 2381 possit.
558 2329 663 2380 Apte
694 2328 874 2367 Heinsius
916 2332 952 2367 et
983 2328 1186 2367 Putschius
1218 2327 1393 2367 Ovidium
1434 2328 1584 2368 laudant
1620 2330 1655 2368 in
1686 2328 1793 2368 Ibide
1824 2342 1863 2368 v.

228 2402 293 2438 89.
325 2411 408 2451 sqq.

454 2467 644 2524 Quaeque
672 2480 834 2518 precor,
865 2466 993 2519 fiant:

454 2537 647 2594 Quasque
677 2548 747 2587 eqo
778 2539 977 2574 transiero
1006 2547 1185 2587 poenas,
1215 2537 1400 2587 patiatur
1430 2542 1467 2575 et
1500 2537 1633 2575 istus:

566 2604 730 2643 Plenius
763 2606 917 2654 inuenio
948 2608 1002 2643 sic
1032 2605 1149 2642 miser
1180 2602 1248 2642 ille
1277 2616 1370 2642 meo.

222 2673 336 2712 Addo
368 2685 417 2711 ex
449 2673 578 2710 eodem
611 2673 770 2711 carmine
799 2676 898 2711 extr.

450 2741 594 2780 Pauca
627 2742 802 2795 quidem,
833 2742 998 2793 faleor:
1032 2740 1105 2779 sed
1136 2740 1178 2778 «li
1208 2741 1298 2779 deut
1326 2742 1450 2793 plura
1479 2744 1659 2793 roqatis,

564 2810 918 2863 Multiplicentque
949 2822 1022 2848 suo
1053 2817 1147 2848 volu
1176 2810 1324 2860 fucore
1352 2824 1450 2848 naeu.

221 2876 424 2917 Commune
456 2878 593 2917 Ovidio
626 2882 663 2916 et
694 2876 829 2916 Catoni
861 2880 942 2926 est,
981 2878 1077 2929 quod
1110 2890 1216 2929 quum
1247 2877 1341 2916 mala
1373 2882 1529 2929 uterque
1559 2877 1678 2915 omnia
1709 2876 1857 2917 exhau-

222 2945 294 2982 rire
325 2946 556 2996 imprecando
588 2946 820 2991 studuerint,
853 2948 974 2985 tamen
1004 2946 1261 2985 accessionem
1293 2959 1409 2998 posse
1439 2945 1522 2983 mali
1553 2946 1632 2983 fieri
1664 2948 1854 2997 statuunt,

221 3024 371 3064 eamque
408 3017 602 3066 expetunt.
663 3014 745 3067 Quo
777 3013 985 3053 declaratur
1025 3014 1260 3055 vehementia
1290 3015 1365 3054 odii
1394 3017 1505 3066 atque
1536 3014 1624 3052 irae.
1724 3014 1856 3068 Itaque
