2006 3365
275 156 376 202 286
873 149 1234 191 DISSERTATIO
1264 150 1334 191 111.

272 267 322 308 ΙΙ.
354 271 422 308 25.
453 267 665 306 Astrorum
696 265 854 320 qnidam
892 267 1039 305 varias
1081 265 1219 305 dixere
1247 266 1420 318 fiyaras.
1480 267 1537 306 sic
1568 266 1788 316 Bentlems,
1826 277 1905 305 cum

272 337 343 376 hac
373 335 674 374 observatione:
709 334 880 373 Codices
912 336 1117 383 universi,
1148 338 1331 372 astrorum
1364 334 1508 386 quidam
1541 336 1681 374 varias.
1742 335 1826 375 Cur
1856 335 1906 374 ab

271 406 355 444 illis
388 407 476 443 sine
507 416 636 442 causa
666 398 928 442 recedamus?
970 402 1202 442 Recesserat
1234 402 1435 453 Scaliger,
1467 403 1563 455 apud
1596 416 1724 456 quem:
1756 405 1907 444 Astro-

270 487 353 512 rum
382 474 527 512 varias
561 472 721 526 quidam
752 472 790 511 cl.
821 472 856 524 f.
918 472 965 510 Et
995 470 1057 509 hic
1089 483 1181 509 sane
1223 471 1390 520 dubium,
1428 475 1510 510 utra
1549 473 1595 511 dc
1632 472 1775 511 duabus
1808 472 1908 511 scri-

269 545 379 593 ptura
408 541 493 592 plus
524 539 662 579 habeat
692 539 908 589 elegantiae
941 540 1063 578 istius.
1125 539 1221 577 Mihi
1242 538 1429 591 Scaligeri
1462 541 1701 579 artificiosior
1731 541 1906 581 videtur:

611 612 822 649 Astroram
852 612 996 648 varias
1038 607 1198 662 quidam
1229 608 1367 646 (lisere
1395 608 1568 660 figyaras.

267 679 317 718 Il.
351 681 417 718 46.
453 679 676 735 Quinetiam
706 678 879 718 tenebris
912 682 1127 717 immersam
1156 676 1357 715 Tartaron
1387 684 1516 716 atrum
1546 679 1620 716 etc.
1653 689 1758 730 quem
1788 677 1908 717 locum

267 747 393 800 paullo
424 751 512 787 ante
544 748 669 797 tetigi.
730 747 840 786 Nunc
878 746 922 785 ad
956 745 1277 785 connnendandam
1313 745 1605 784 emendationem
1636 746 1823 797 Bentleii,

892 815 1063 855 tenebris
1096 816 1312 854 immersam
1347 814 1549 853 Tartaron
1581 817 1686 855 atris

267 897 404 925 caussa
433 884 582 924 accedit
611 883 754 931 altera,
797 883 894 935 quod
936 882 1132 934 epitheton
1174 883 1217 921 ad
1250 882 1424 922 tenebris
1467 884 1628 922 refertur
1669 882 1908 933 elegantius,

266 968 372 1007 quam
413 954 460 992 ad
502 954 662 991 vicinum
707 952 921 991 Tartaron.
992 951 1040 990 Il.
1076 953 1170 991 874.
1211 955 1248 991 5.
1291 955 1427 991 merito
1473 952 1678 1005 Typhonis
1716 952 1911 992 habentur

266 1022 508 1063 Horrendae
540 1022 682 1071 sedes,
717 1034 826 1075 quem
857 1021 977 1060 tellas
1011 1034 1142 1060 saeva
1170 1022 1355 1074 profudit
1386 1024 1458 1060 etc.
1513 1020 1737 1060 Bentleius:

608 1090 813 1129 Ilorrendi
852 1090 995 1138 sedes,

265 1164 304 1201 ct
336 1161 392 1199 sic
421 1158 552 1198 melius
583 1161 853 1209 praeparatur,
885 1158 982 1209 quod
1015 1157 1061 1196 de
1092 1157 1284 1208 Typhone
1316 1161 1428 1208 poeta
1460 1158 1654 1197 additurus
1685 1161 1766 1208 est,
1801 1172 1911 1211 quem

264 1230 386 1270 tellus
418 1232 490 1268 etc.
522 1228 642 1267 sedes
676 1239 747 1265 non
780 1239 876 1278 opus
907 1226 1021 1265 hahet
1051 1226 1235 1277 epitheto.
1295 1225 1365 1265 IV.
1400 1229 1466 1265 40.
1515 1229 1741 1279 Accepisse
1780 1229 1910 1278 iaqam

264 1302 401 1340 victas
434 1298 698 1349 Carthaqinis
731 1308 880 1335 arces:
923 1295 1052 1334 dubito
1094 1299 1213 1333 utrum
1252 1295 1328 1339 sic,
1375 1307 1421 1333 an
1464 1307 1543 1334 cum
1592 1296 1706 1334 libris
1747 1295 1911 1335 Bentleii

264 1372 411 1408 victae.
472 1366 520 1405 Et
551 1365 649 1403 hune
680 1365 824 1417 quidem
857 1376 1005 1402 versum
1038 1364 1203 1415 spurium
1236 1375 1325 1402 esse
1357 1365 1576 1414 pronunciat
1605 1364 1818 1403 Bentleius.
1865 1363 1909 1403 In

266 1449 380 1476 versu
410 1436 586 1486 gemino,
627 1433 698 1473 IV.
732 1435 825 1473 ΠΒ.
858 1433 1056 1482 genitivus
1089 1435 1148 1470 est
1181 1434 1342 1471 vietae:

606 1503 788 1555 Inferias
821 1504 956 1541 victae
987 1502 1106 1541 siclus
1140 1501 1405 1552 Carthaqinis
1437 1514 1557 1541 arces

605 1572 661 1611 Et
692 1571 864 1623 Libyam
896 1593 948 1598 —
981 1571 1125 1621 Elissa.

263 1643 401 1682 Verum
433 1642 485 1680 ibi
516 1643 630 1692 poeta
663 1640 848 1678 vocabulo
880 1640 998 1679 sidus
1031 1640 1065 1677 in
1097 1638 1217 1677 locum
1249 1650 1320 1676 non
1353 1651 1458 1677 suum
1485 1638 1705 1678 inculcando
1738 1639 1908 1689 curavit,

263 1725 310 1752 ne
341 1710 503 1762 simplex
535 1709 666 1747 {lueret
697 1709 832 1747 oratio.
908 1707 977 1747 IV.
1016 1710 1107 1745 169.

494 1778 667 1818 Credere
697 1790 820 1829 opes,
861 1777 1048 1831 orbisque
1089 1775 1175 1815 orbi
1207 1776 1309 1815 bona
1339 1775 1510 1815 vendere
1537 1788 1677 1828 posse.

262 1847 487 1889 Bentleius:
527 1846 688 1900 orbique
730 1845 840 1884 orbis
874 1845 976 1884 bona
1007 1859 1046 1884 υ.
1076 1858 1118 1897 p.
1162 1846 1196 1883 in
1238 1857 1309 1896 quo
1343 1844 1518 1883 desidero
1550 1856 1701 1882 acumen
1734 1844 1806 1882 viri
1837 1843 1906 1883 has

262 1919 298 1958 in
331 1930 391 1956 res
423 1915 673 1956 intentissimi.
735 1912 984 1964 Concinnior‚
1027 1913 1062 1952 in
1094 1913 1168 1952 hoc
1198 1913 1343 1965 quidem
1376 1916 1489 1963 poeta
1520 1915 1558 1952 et
1589 1914 1625 1952 in
1657 1911 1726 1951 hac
1757 1916 1905 1963 aetate,

261 1986 445 2039 vulgatus
476 1984 593 2029 ordo,
635 1986 675 2022 ut
706 1981 814 2021 orbis
846 1983 1068 2032 seiungatur
1099 1994 1121 2021 a
1152 1982 1296 2020 nomine
1337 1994 1405 2020 suo
1440 1981 1553 2021 bona.
1615 1979 1812 2021 Contraria
1842 1993 1905 2020 res

261 2058 380 2103 foret,
412 2054 444 2093 si
468 2054 513 2092 de
532 2053 663 2100 orbis,
699 2048 926 2101 ὀρφανοῖς,
950 2064 1072 2090 sermo
1093 2054 1219 2098 esset,
1244 2063 1361 2101 posse
1388 2050 1546 2103 aliquem
1567 2050 1674 2101 orbi,
1694 2047 1901 2100 ὀρφανοῦ,

264 2125 366 2164 bona
396 2122 564 2161 vendere
595 2121 729 2169 orbis,
765 2117 987 2169 ὀρφανοῖς.
1049 2124 1122 2159 tum
1166 2133 1214 2158 ex
1247 2120 1376 2158 eadem
1409 2119 1624 2171 elegantiae
1654 2119 1743 2169 lege
1774 2120 1902 2158 Mani-

260 2193 333 2232 lius
364 2192 573 2242 scripturus
605 2193 712 2229 erat:
753 2189 916 2244 orbique
955 2189 1063 2229 orbis
1099 2190 1199 2228 hona
1231 2203 1270 2229 v.
1302 2202 1342 2242 p.
1461 2188 1531 2228 IV.
1574 2189 1668 2226 217.
1707 2189 1900 2241 Scorpios

261 2268 420 2301 armata
451 2259 629 2299 violenta
659 2259 829 2312 cuspide
859 2260 1019 2298 camla:
1060 2259 1157 2311 qnod
1190 2259 1329 2297 sufficit
1367 2260 1406 2297 ut
1443 2258 1538 2296 satis
1577 2256 1657 2306 legi
1695 2257 1779 2306 fiat,
1828 2258 1901 2297 etsi

261 2331 394 2369 merito
413 2327 589 2378 displicet
606 2327 777 2366 Bentleio
803 2327 1143 2366 homoeoteleuton.
1205 2327 1354 2379 Quanto
1387 2326 1626 2377 elegantius,
1658 2326 1756 2378 quod
1778 2327 1900 2367 Bent-

261 2398 359 2439 leius
390 2397 505 2445 fecit,
545 2396 714 2434 oratione
744 2396 867 2443 magis
902 2397 1070 2434 varIata:

546 2464 738 2516 Scorpios
771 2471 952 2504 armatae
980 2465 1209 2504 metuendas
1241 2465 1412 2518 cuspide
1442 2465 1613 2504 caudae.

347 2534 460 2586 Apud
494 2532 673 2573 Catonem
706 2537 796 2585 quot.
827 2533 932 2572 locos
965 2533 1034 2572 hac
1066 2535 1112 2573 de
1144 2546 1280 2572 caussa
1304 2536 1544 2572 tentaverunt
1575 2533 1715 2580 critici,
1748 2534 1804 2572 tot
1822 2532 1895 2571 loci

260 2603 472 2645 testimonio
505 2604 613 2645 sunt,
646 2605 718 2640 tum
750 2602 908 2640 nondum
940 2603 991 2641 ita
1022 2616 1089 2641 usu
1122 2602 1293 2642 stabilem
1326 2603 1445 2641 fuisse
1476 2602 1736 2641 collocationis
1766 2601 1895 2641 subti-

259 2675 397 2715 litatem
429 2673 560 2719 istam,
592 2673 632 2709 ut
662 2682 741 2709 eam
772 2683 903 2710 curare
934 2674 1047 2722 poeta
1078 2673 1236 2725 quisque
1266 2672 1454 2711 debuerit.

343 2743 426 2782 Dir.
458 2754 498 2778 v.
535 2743 596 2779 13.
627 2739 755 2793 Ipsae
784 2753 859 2779 non
890 2741 1026 2780 silvae
1054 2742 1236 2793 frondes.
1297 2740 1472 2781 Coniecit
1496 2740 1695 2789 Francius,
1728 2740 1893 2779 fortasse

258 2812 355 2864 quod
389 2809 638 2849 offenderetur
669 2809 726 2847 sic
754 2809 882 2859 posita
912 2809 1096 2859 particula
1125 2822 1222 2858 non,
1270 2809 1316 2848 de
1349 2821 1420 2861 qua
1451 2809 1575 2860 paullo
1608 2810 1696 2859 post
1727 2808 1890 2859 dicetur,

258 2881 325 2918 sed
355 2879 500 2929 magis,
532 2880 644 2929 puto,
684 2880 725 2916 ut
754 2877 953 2927 eleganter
983 2891 1004 2916 a
1034 2879 1180 2917 nomine
1219 2891 1287 2917 suo
1326 2878 1570 2917 divelleretur
1609 2880 1749 2930 ipsae:
1797 2879 1889 2917 Non

259 2951 378 2999 ipsae
406 2947 573 3000 frondes
607 2947 755 2986 sileae.

345 3018 424 3056 Dir.
471 3029 509 3054 v.
544 3018 608 3054 42.
656 3015 818 3055 Vicinae
852 3015 1032 3066 flammae
1076 3019 1240 3070 rapiant
1277 3031 1327 3055 e.1·
1365 3016 1502 3055 ordine
1541 3017 1658 3054 viles.
1720 3014 1887 3054 Conatus
