2006 3365
457 169 511 208 IN
542 168 760 209 VALERII
792 168 1030 210 CATONIS
1061 168 1243 209 DIRAS.
1576 170 1673 214 131

35 297 115 324 men
147 284 318 336 proxime
349 283 394 322 ad
433 286 602 322 veterum
642 283 817 323 librorum
853 284 1077 335 scripturam
1116 298 1233 324 esses
1272 283 1421 323 accedit
1459 284 1595 330 ensis,
1638 283 1677 321 et

35 357 234 405 praeterea
274 352 384 390 valde
423 353 608 401 poeticum
640 356 722 391 est:
762 356 872 392 ensis
905 365 972 403 pro
1004 353 1129 391 milite.
1218 353 1349 392 hostis
1381 353 1545 391 sortasse
1575 352 1676 390 sacta

35 434 56 459 e
87 424 262 471 corrupta
293 420 469 458 librorum
501 421 687 470 scriptura
721 421 905 459 correctio
937 423 1019 468 est,
1053 424 1093 459 ut
1123 423 1210 458 sunt
1241 420 1376 459 multae
1407 419 1490 458 olim
1523 418 1570 458 ab
1601 417 1677 458 ho-

34 489 194 528 minibus
227 489 332 527 ltalis
364 489 622 527 correctiones
654 491 798 537 sactae,
831 500 950 539 neque
975 487 1047 525 alia
1075 489 1213 526 virtute
1241 487 1575 538 commendabiles,
1608 499 1679 526 ne-

35 570 105 610 que
135 570 157 595 a
188 556 427 595 similitudine
458 556 662 594 litterarum
695 558 729 594 in
762 556 868 594 libris
900 567 1005 593 manu
1044 556 1198 605 scriptis
1231 556 1461 594 exstantium
1493 555 1677 607 probabi-

35 625 115 673 les,
145 625 212 664 sed
244 625 379 676 quibus
412 623 499 662 illud
533 629 669 664 tantum
701 624 950 675 spectabant,
983 627 1022 662 ut
1047 636 1113 674 pro
1140 636 1207 671 eo,
1240 624 1335 676 qnod
1366 636 1481 663 sensu
1504 624 1682 663 viderent

35 693 252 732 destitutum
285 706 396 741 esse,
428 692 526 730 aliud
560 695 807 743 reponerent,
841 691 936 743 quod
969 703 1117 729 sensum
1151 691 1322 731 liaberet.

121 762 311 812 Speciosa
343 769 402 799 est
433 762 541 799 etiam
579 761 763 810 scriptura
796 759 975 798 Vossiani
1007 759 1037 798 1.
1080 760 1213 800 obses.
1274 760 1400 799 Facile
1432 760 1529 799 enim
1560 760 1679 800 obses

35 830 81 869 ab
112 829 197 868 aliis
230 831 264 869 in
297 844 437 877 esses,
471 829 518 867 ab
551 828 636 867 aliis
668 829 702 866 in
733 828 864 866 hostis
897 830 1027 867 mutari
1061 829 1194 879 potuit.
1251 828 1389 866 Verum
1421 841 1528 881 quum
1560 840 1682 880 neque

35 900 156 939 obses
190 911 340 950 usquam
373 910 440 948 pro
474 897 681 935 obsessore
713 895 877 944 dicatur,
909 909 1032 949 neque
1058 897 1203 948 Lydia,
1236 898 1267 934 si
1299 897 1384 949 quis
1409 899 1506 937 forte
1529 897 1576 936 de
1600 896 1681 947 Ly-

35 968 98 1006 ‹lia
129 967 304 1016 cogitare
338 967 517 1006 Catonem
549 967 709 1014 statuat,
751 977 823 1016 quo
856 977 970 1003 sensu
1006 966 1150 1005 dicatur
1182 965 1325 1015 obses,
1367 968 1568 1017 appareat3
1612 965 1683 1004 de-

35 1037 147 1087 nique
178 1047 284 1086 quum
317 1046 388 1072 non
420 1045 465 1072 ea
495 1033 676 1072 Vossiani
709 1032 739 1071 Ι.
773 1034 894 1071 virtus
926 1035 997 1084 sit,
1039 1037 1079 1074 ut
1116 1037 1220 1074 recte
1261 1036 1423 1073 caeteris
1463 1034 1572 1073 libris
1610 1045 1683 1084 op-

36 1106 197 1154 ponatur
229 1103 419 1142 omnibus:
453 1102 732 1141 consistendum
764 1102 835 1140 erit
866 1102 900 1140 in
933 1103 1070 1142 iudicio
1102 1107 1246 1142 nostro.

120 1240 171 1280 V·
206 1243 271 1279 95·
333 1249 461 1283 RURA
488 1248 674 1282 VALETE
702 1248 901 1289 ITERUM,
940 1248 1096 1290 TUQUE
1130 1249 1307 1282 ΟΡΤΙΜΑ
1335 1248 1484 1282 LYDIA
1509 1247 1683 1283 SALVE.

122 1308 242 1348 Rura
278 1305 428 1361 ναίετε]
469 1309 622 1357 Salre,
664 1310 702 1346 et
748 1307 847 1347 Vale
883 1308 1059 1348 dicebant
1099 1309 1165 1359 iis,
1209 1322 1303 1361 quos
1344 1321 1524 1361 nunquam
1564 1307 1684 1346 visuri

37 1380 157 1416 erant..
218 1377 361 1416 Iccirco
393 1378 444 1416 ita
476 1380 514 1416 et
544 1380 709 1415 mortuos
741 1375 1041 1428 alloquebantur.
1103 1376 1283 1427 Plautus,
1317 1378 1518 1429 Virgilius.
1549 1382 1683 1416 SCAL.

124 1449 332 1500 itemquae
362 1446 508 1485 obtima
540 1446 655 1485 [odia
686 1446 834 1484 saluae
864 1445 1034 1494 August.
1101 1446 1248 1486 saluae
1279 1447 1388 1485 etiam
1420 1446 1581 1485 Parisin.
1613 1445 1683 1486 Ill.

40 1515 156 1567 lidya
190 1514 294 1552 Mon.
328 1515 357 1553 Ι.
420 1515 544 1554 mdia
576 1515 667 1553 Bas.
723 1514 816 1553 Post
846 1513 965 1553 salve
996 1512 1106 1552 colon
1138 1516 1216 1553 sere
1248 1515 1282 1552 in
1314 1514 1484 1553 omnibus
1516 1518 1588 1555 tam
1618 1526 1686 1553 an·-

41 1585 158 1635 tiquis
192 1596 296 1635 (luam
330 1584 617 1621 recentioribus.
679 1584 856 1622 Praestat
886 1582 998 1632 plene
1034 1583 1326 1634 interpungere,
1368 1595 1414 1621 ne
1451 1583 1536 1635 quis
1567 1584 1688 1624 salve

44 1653 210 1702 pendere
241 1665 262 1690 a
294 1652 542 1703 sequentibus
573 1652 672 1690 Sive
701 1653 782 1690 eris
813 1653 886 1690 etc.
920 1651 1125 1690 existimet.

126 1789 176 1827 V.
210 1793 276 1828 96.
345 1797 452 1831 SIVE
487 1797 593 1831 ERIS
620 1797 678 1830 ΕΤ
703 1796 746 1831 si
773 1796 890 1837 NoN,
925 1796 1095 1830 MECUM
1119 1797 1369 1839 MOROERIS,
1403 1797 1684 1840 UTRUMQUE.

127 1856 224 1896 Sive
254 1858 337 1895 eris
369 1864 407 1895 ec
439 1858 477 1895 si
507 1852 601 1908 non]
634 1869 747 1904 esse,
781 1855 842 1894 hic
865 1856 1039 1902 sumitur,
1073 1859 1112 1894 ut
1135 1857 1231 1907 apud
1259 1856 1510 1908 Plutarchum,
1533 1861 1571 1897 et
1594 1858 1685 1910 Ap-

39 1926 209 1976 pianum:
245 1922 283 1961 εἰ
315 1925 385 1961 δεῖ
412 1921 662 1973 καρχηδοίἀ
696 1928 820 1962 sirm.
867 1923 1030 1964 Caetera
1060 1925 1128 1963 iam
1160 1937 1276 1976 supra
1306 1925 1484 1976 exposui.
1515 1926 1681 1977 Fuisse,

40 1998 100 2032 est
131 1994 234 2031 mori.
276 1994 398 2032 Plaut.
432 1994 547 2032 Truc.
582 1994 691 2033 Pene
720 1994 792 2033 tibi
820 1995 899 2045 fuit
931 1992 1209 2033 Phronesium.
1242 1993 1317 2033 hoc
1347 1996 1429 2033 est:
1462 2007 1560 2045 pene
1583 2007 1683 2034 mor-

40 2068 103 2101 tua
134 2066 214 2111 est,
246 2075 371 2112 parum
404 2063 541 2111 abfuit,
576 2063 660 2114 quin
694 2066 910 2100 moreretur.
969 2066 1153 2100 SCALIG.
1215 2062 1365 2114 Optime
1397 2062 1598 2113 Scaliger:
1632 2065 1682 2104 cf.

40 2143 155 2181 supra
186 2131 320 2169 monita
350 2132 397 2170 ab
430 2131 558 2169 eodem
581 2132 624 2169 ad
649 2145 685 2169 v.
707 2135 773 2170 93.
808 2131 1004 2180 Singulari
1036 2132 1230 2171 brevitate
1260 2132 1374 2170 utitur
1404 2134 1531 2183 poeta.
1562 2132 1682 2173 Plena

40 2199 231 2237 sententia
262 2199 346 2238 talis
379 2203 458 2239 est:
495 2201 589 2238 Sive
621 2201 717 2248 eris,
750 2213 892 2239 meeum
922 2203 1027 2248 eris,
1061 2200 1149 2239 licet
1173 2201 1336 2250 absens3
1369 2201 1455 2240 sive
1477 2213 1550 2240 non
1582 2202 1682 2252 eris,

41 2267 77 2305 h.
112 2280 145 2305 e.
179 2269 263 2305 sive
295 2272 435 2306 mortua
467 2269 565 2317 cris,
608 2283 751 2309 meeum
780 2271 984 2309 morsm-is:
1025 2270 1058 2308 id
1093 2273 1175 2319 est,
1218 2280 1289 2307 non
1322 2270 1398 2307 eris
1439 2271 1583 2309 mortua
1613 2282 1681 2309 an-

42 2341 188 2388 tequam
222 2350 296 2383 cgo
330 2338 473 2374 moriar.
516 2337 672 2376 Scilicet
704 2342 852 2388 poterat
883 2339 966 2376 sine
997 2337 1123 2388 ellipsi
1156 2337 1208 2376 ita
1240 2337 1430 2377 scribere:
1461 2338 1561 2379 Sive
1582 2341 1681 2388 eris,

42 2408 132 2445 sice
163 2418 238 2443 non
270 2407 377 2451 eris,
410 2420 551 2444 meeum
582 2408 677 2445 eris.
738 2406 817 2445 Sed
852 2407 938 2459 quia
969 2405 1041 2444 hoc
1073 2407 1270 2445 obscurum
1302 2406 1460 2457 suisset,
1499 2408 1682 2460 quomodo

42 2473 164 2524 Lydia
197 2478 338 2511 mortua
377 2475 500 2522 possit
542 2486 620 2512 cum
653 2474 797 2513 Catone
836 2488 944 2521 esse,
987 2476 1143 2525 scripsit
1178 2489 1321 2515 meeum
1358 2478 1563 2516 morieris:
1609 2489 1682 2529 quo

42 2543 256 2591 significat,
302 2542 437 2580 tamdiu
469 2553 591 2580 secum
623 2544 779 2582 futuram
821 2556 909 2582 esse
941 2543 1121 2594 Lydiam,
1163 2544 1331 2596 quamdiu
1371 2544 1456 2594 ipse
1497 2544 1535 2582 in
1574 2544 1683 2583 vivis

43 2613 189 2649 futurus
220 2612 281 2649 sit.
344 2610 386 2648 Si
420 2610 503 2661 qnid
536 2611 571 2648 in
603 2611 660 2649 liis
691 2612 934 2651 obscuritatis
967 2614 1047 2661 est,
1080 2624 1125 2650 ea
1155 2613 1279 2651 statim
1312 2611 1476 2662 tollitur,
1516 2625 1555 2652 v.
1591 2616 1681 2651 102.

52 2683 138 2717 103.
171 2679 308 2731 quibus
341 2678 536 2722 versibus,
572 2684 610 2718 ut
639 2684 742 2719 recte
774 2681 959 2720 observat
990 2680 1194 2730 Scaliger,
1227 2680 1354 2719 eadem
1385 2681 1575 2722 sententia
1612 2693 1682 2720 ex-

43 2752 220 2786 ornatur:

217 2815 412 2871 szmris
445 2817 551 2866 z'gsnz's
583 2819 688 2864 eris,
722 2820 903 2871 quamvis
935 2831 1070 2872 aqna,
1104 2831 1258 2871 semper
1288 2817 1453 2858 amabo:

215 2884 379 2923 Gaudia
411 2897 565 2935 semper
593 2887 690 2922 enim
720 2892 792 2924 tna
822 2899 879 2924 me
907 2888 1132 2925 meminisse
1161 2887 1308 2926 licebit.

47 2951 151 3002 Quos
191 2964 334 3001 amare,
380 2956 418 2991 et
457 2964 606 3003 quorum
647 2953 856 2992 meminisse
895 2966 968 2992 non
998 2954 1224 3005 desinimus,
1262 2955 1288 2994 ii
1320 2959 1358 2994 et
1388 2955 1570 2993 absentes
1609 2966 1673 2992 no-

48 3019 191 3059 biscum
233 3025 457 3070 versantur,
506 3023 544 3060 et
583 3022 713 3060 mortui
752 3034 877 3061 amore
913 3026 1045 3063 nostro
1083 3034 1129 3062 ac
1168 3025 1342 3062 memoria
1380 3024 1509 3061 nostra
1546 3022 1682 3063 vivunt

1341 3092 1404 3137 9*
