2006 3365
281 144 382 188 110
840 138 1365 179 ANIMADVERSIONES

280 255 369 294 nihil
401 258 460 294 est
491 256 561 292 nisi
589 253 817 292 Venetarum
850 252 949 292 Rub.
984 253 1083 291 lens.
1118 255 1272 298 vitium,
1308 256 1610 294 communicatum
1638 255 1926 294 cumVossiano

282 323 330 362 ll.
364 324 588 369 vicentina,
619 320 723 359 aliis:
757 322 822 360 sed
856 325 974 360 tamen
1007 322 1182 372 imposuit
1215 323 1447 371 Burmanno,
1479 329 1515 363 et
1547 324 1619 375 ipsi
1645 324 1848 373 Scaligero
1880 322 1926 362 ad

282 406 319 429 v.
352 395 420 430 68.
538 390 672 439 Magis
706 390 845 429 usitate
887 390 1076 443 diffusus
1116 405 1290 443 yecryes,
1340 403 1447 443 quam
1489 393 1644 445 diffusi
1674 395 1817 446 cmnpi.
1880 392 1928 432 Et

280 460 403 507 magis
434 458 479 496 ad
511 472 646 496 morem
679 457 939 498 Catonianum.
1002 459 1059 498 lta
1090 473 1227 510 supra:
1272 460 1459 508 Littera,
1495 475 1599 515 qnae
1629 462 1764 501 dulcis
1796 474 1927 501 auras

279 528 522 579 diffunditt‘s
555 530 698 579 (aqrc's,
734 532 772 566 et
802 528 987 581 lymphas
1021 551 1072 556 -—
1105 529 1333 581 dil'fundile
1363 531 1531 581 eampis.

362 603 499 635 tenent
532 597 651 635 Paris.
686 596 754 635 lv.
816 610 958 650 cumpo
991 598 1087 636 Mut.
1149 598 1378 638 Coniectura
1410 598 1580 637 Heinsii:
1614 599 1667 637 Et
1700 599 1785 638 lato
1814 605 1927 637 tene-

277 671 349 703 ant
380 665 567 718 diffusos
599 667 761 717 yvtryite
792 679 969 720 campos.

364 825 412 863 V.
438 827 502 863 78.
546 835 623 877 QUI
651 835 851 868 DOMlNlS
878 835 1079 868 INFESTA
1107 835 1357 869 MtNAN‘rEs
1385 835 1577 869 STAGNA
1604 835 1927 877 RELINQUANT.

364 894 465 952 (mis
499 892 685 946 dominis}
721 896 799 951 Qui
830 895 1013 933 dominis.
1047 898 1231 932 SCALIG.
1291 896 1583 935 Obversabatur
1603 894 1807 944 Scaligero
1840 894 1929 934 vul-

276 968 370 1011 gata
395 964 576 1002 editorum
609 969 695 1002 ante
731 964 890 1001 Aldinas
922 965 1098 1011 omnium,
1134 966 1172 1002 et
1203 965 1369 1001 codicum
1403 965 1651 1011 novitiorum,
1684 964 1892 1014 scriptura:

480 1043 582 1099 Quis·
615 1044 786 1083 dominis
819 1045 978 1095 infesta
1007 1045 1205 1082 minantes
1239 1050 1391 1095 stanna
1422 1044 1677 1097 relinquant:

277 1123 338 1162 vol
371 1125 602 1177 relinquunt
630 1129 669 1162 ut
700 1125 733 1161 in
763 1124 898 1162 Mutin.
933 1128 969 1162 et
1004 1124 1169 1172 Argent.
1201 1127 1321 1161 1502.
1354 1127 1391 1161 et
1423 1123 1582 1161 Vratisl.
1613 1123 1663 1162 ll.
1696 1123 1762 1161 sed
1791 1124 1825 1161 in
1856 1136 1929 1176 quo

276 1205 298 1230 a
328 1204 434 1230 manu
467 1204 546 1230 sec.
580 1192 827 1246 relinquant.
891 1193 1096 1231 Praeterea
1127 1198 1274 1243 stagyne
1311 1192 1346 1230 in
1379 1191 1477 1230 ven.
1512 1190 1652 1230 Achat.
1715 1192 1863 1231 domini
1893 1193 1929 1231 in

275 1260 445 1309 Virgilio
481 1260 583 1298 Aldi.
705 1261 828 1299 Huius
861 1259 1048 1310 vulgatae
1080 1261 1291 1310 scripturae
1323 1272 1428 1298 unam
1464 1260 1753 1310 explicationem
1785 1273 1928 1312 propo-

275 1341 378 1378 nam,
412 1342 484 1368 non
522 1341 676 1380 prorsus
710 1330 895 1380 ineptam,
921 1328 1096 1367 Domitii:
1133 1328 1363 1367 Minanses.
1396 1329 1422 1365 i.
1454 1329 1638 1368 mitiles:
1673 1331 1742 1383 qui
1770 1331 1930 1368 minan-

272 1405 336 1437 tes
369 1399 483 1437 nobis
523 1405 754 1437 terreantur
793 1398 948 1437 talibus
981 1397 1204 1437 imbribus:
1247 1404 1284 1436 et
1327 1404 1524 1448 cossanlur
1560 1398 1789 1452 relinquere
1823 1411 1929 1437 meos

274 1481 415 1518 (tyros.
479 1467 611 1519 ltaque
653 1469 744 1521 qvis
777 1466 965 1505 Domitius
1008 1466 1198 1504 referebat
1236 1466 1280 1504 ad
1324 1466 1482 1505 imbres.
1545 1466 1678 1505 Altera
1721 1468 1929 1517 scriptura,

277 1537 434 1586 permira
467 1535 549 1581 illa,
593 1549 637 1573 eo
670 1536 851 1580 maxinw,
891 1535 1014 1586 quod,
1054 1548 1161 1586 quum
1204 1536 1401 1572 manifesto
1434 1534 1530 1573 salsa
1561 1537 1632 1585 sit,
1677 1540 1799 1574 tamen
1832 1549 1929 1588 quo-

275 1605 381 1641 modo
415 1605 502 1641 oriri
536 1605 726 1654 potuerit,
761 1616 830 1641 non
865 1604 1006 1655 liquet,
1040 1602 1259 1641 Aldinarum
1292 1608 1372 1640 est:

448 1684 605 1741 Quique
636 1684 771 1723 domos
805 1686 963 1736 infesta
994 1685 1194 1722 minantes
1227 1689 1379 1734 stanna
1409 1683 1663 1738 relinquunt:

274 1765 486 1818 relinquent
518 1763 660 1802 Aldina
691 1763 740 1801 ll.
802 1764 857 1801 Ea
888 1764 924 1802 in
955 1762 1086 1812 libris,
1131 1764 1192 1816 qui
1232 1775 1328 1801 nunc
1360 1766 1535 1808 exstant,
1577 1776 1704 1814 parum
1744 1764 1927 1815 praesidii

274 1832 413 1871 babet:
458 1836 538 1870 erat
570 1833 605 1870 in
638 1831 720 1870 cod.
754 1844 789 1882 q.
823 1832 858 1869 d.
898 1832 1039 1879 PIerii,
1082 1833 1116 1870 in
1153 1832 1236 1870 cod.
1272 1831 1432 1870 Helmst.
1475 1832 1572 1883 apud
1606 1833 1926 1882 VVernsdorfium,

275 1907 313 1940 et
345 1902 379 1939 in
414 1901 606 1939 Vossiano
640 1901 668 1939 l.
701 1901 733 1938 si
767 1903 792 1938 t'.
826 1914 858 1938 s.
922 1900 1067 1939 Deinde
1107 1913 1155 1939 ex
1187 1901 1339 1939 Aldinis
1380 1900 1487 1939 venit
1528 1900 1562 1938 in
1595 1901 1769 1940 Venetas
1806 1904 1926 1941 1544.

283 1974 400 2009 1555.
442 1973 558 2008 1558.
593 1969 711 2008 Basil.
746 1969 794 2007 H.
828 1969 871 2007 P.
908 1972 1028 2007 1561.
1088 1968 1186 2022 Quid
1220 1981 1346 2007 verum
1380 1972 1510 2017 esset,
1543 1970 1706 2018 egregie
1737 1970 1928 2010 divinavit

275 2039 466 2088 Scaliger.
502 2038 581 2096 Qui
602 2038 771 2077 dominis·
799 2038 938 2076 Medic.
972 2051 1033 2088 ap.
1059 2038 1326 2087 Burmanuum,
1363 2042 1421 2087 et,
1455 2038 1551 2090 quod
1585 2038 1678 2077 idem
1711 2042 1792 2087 est,
1821 2039 1930 2098 Quid

274 2108 445 2147 dominis·
481 2108 615 2146 Petav.
648 2106 796 2145 Tlnuan.
832 2108 955 2145 Paris.
990 2107 1039 2146 ΙΙ.
1074 2106 1142 2145 111.
1176 2106 1247 2144 lv.
1281 2107 1452 2156 August.
1485 2107 1636 2146 Monac.
1670 2107 1699 2146 Ι.
1732 2107 1784 2146 ΙΙ.
1824 2109 1927 2148 Vra-

274 2176 352 2215 tisl.
387 2177 415 2215 Ι.
478 2176 517 2214 ln
549 2189 621 2214 uno
656 2175 898 2225 Anglicano,
946 2177 1041 2228 quod
1081 2177 1213 2225 miror,
1261 2176 1363 2234 Quis
1405 2179 1499 2214 erat.
1560 2177 1792 2231 relinquunt
1832 2178 1927 2217 male

275 2245 384 2283 iidem
426 2258 577 2292 omncs,
622 2248 659 2283 et
697 2246 897 2283 relincunt
938 2246 1109 2294 August.
1202 2244 1304 2303 Qui,
1349 2245 1467 2284 intell.
1509 2245 1653 2284 imbres
1696 2258 1745 2285 ex
1787 2261 1826 2285 v.
1860 2248 1925 2285 26.

274 2326 380 2364 quem
412 2314 643 2363 pronominis
684 2326 786 2351 usum
828 2313 974 2352 illustro
1008 2314 1112 2352 Diss.
1146 2313 1214 2353 ΙΙΙ.
1254 2314 1300 2352 de
1340 2326 1485 2362 genere
1524 2314 1670 2353 dicendi
1702 2313 1925 2354 Catoniano.

274 2382 406 2420 Habes
439 2386 648 2420 accuratam
681 2387 719 2421 et
752 2382 860 2420 valde
903 2382 1126 2421 luculentam
1168 2383 1483 2433 descriptionem,
1527 2383 1697 2422 breviter
1727 2397 1749 2422 a
1779 2396 1836 2422 me
1865 2385 1925 2422 in-

275 2452 431 2489 dicatam
463 2452 507 2488 ad
548 2464 586 2488 v.
621 2452 686 2489 67.
750 2451 889 2501 Incipit
929 2454 1041 2501 poeta
1079 2452 1126 2490 ab
1159 2464 1227 2494 eo,
1273 2456 1310 2489 ut
1349 2452 1476 2491 iubeat
1517 2452 1789 2491 inundationem
1822 2453 1924 2500 fieri,

275 2532 449 2572 aquarum
484 2520 520 2557 vi
552 2532 573 2557 a
605 2520 779 2558 montium
821 2521 921 2569 iugis
955 2521 988 2557 in
1031 2520 1223 2570 planitiem
1264 2522 1539 2560 incurrentium.
1601 2521 1655 2558 Ea
1688 2521 1926 2560 inundatione

275 2591 388 2627 totam
428 2589 643 2637 regionem,
691 2601 809 2640 neque
853 2602 956 2626 suum
989 2592 1127 2627 tantum
1159 2601 1312 2638 agrum,
1355 2590 1422 2627 sed
1462 2590 1573 2628 etiam
1604 2589 1754 2627 aliorum
1786 2602 1924 2638 agros,

274 2661 312 2696 et
344 2658 489 2695 omnino
523 2668 687 2705 omnem,
730 2670 836 2709 quam
878 2656 996 2706 longe
1028 2660 1152 2707 patet,
1200 2657 1389 2707 planitiem
1430 2659 1557 2696 invadi
1597 2660 1709 2709 atque
1748 2660 1925 2709 occupari

275 2727 391 2764 iubet.
455 2726 537 2764 {loc
569 2730 650 2769 est,
684 2725 782 2776 quod
816 2725 928 2764 dicit:
973 2732 1009 2764 et
1042 2726 1127 2764 lale
1157 2733 1316 2764 teneant
1361 2726 1526 2779 diffuso
1556 2728 1716 2777 yuryite
1745 2739 1922 2780 campos.

275 2794 391 2846 Quum
420 2807 506 2832 vero
530 2795 711 2832 eiusmodi
744 2794 935 2831 inundatio
967 2806 1039 2831 non
1072 2794 1194 2833 soleat
1225 2795 1397 2833 diuturna
1429 2808 1538 2833 esse:
1569 2794 1691 2832 solent
1724 2796 1818 2832 enim
1852 2800 1923 2834 tam

276 2868 430 2913 repente
463 2864 647 2901 immissae
689 2875 807 2914 aquae
847 2861 1034 2911 paullatim
1068 2863 1312 2913 decrescere,
1356 2878 1443 2902 mox
1481 2863 1592 2901 dilabi
1636 2866 1672 2901 ct
1703 2863 1922 2921 absorberi,

276 2933 393 2982 campi
427 2932 687 2980 revirescere,
729 2934 766 2969 et
796 2942 926 2967 rursus
958 2930 1153 2969 admittere
1184 2935 1399 2981 pastorem,
1433 2930 1662 2981 agricolam:
1705 2929 1800 2971 Cato
1830 2946 1922 2984 por-

276 3002 413 3038 tentum
445 3000 571 3049 addit,
604 3006 641 3039 ut
672 2999 809 3038 imbres
841 2998 951 3037 infusi
984 3010 1055 3036 non
1086 2999 1383 3050 absorbeantur,
1425 3001 1490 3039 sed
1524 3000 1662 3050 passim
1696 3000 1924 3051 colligantur
