2006 3365
199 92 267 136 98
763 83 1295 124 ANIMADVERSIONES

201 205 352 243 Ernesti
383 203 427 242 ad
460 202 587 242 Taciti
622 201 721 239 Hist.
755 198 823 238 111.
856 202 922 237 29.
958 198 1124 247 iudicio,
1163 198 1395 237 vindicantis
1434 211 1538 236 usum
1576 198 1685 237 istum
1717 198 1851 237 inscri-

201 274 279 311 oris
321 273 458 311 aetatis
498 268 766 320 scriptoribus.
828 265 888 306 Cf.
931 266 1126 305 Drakcnb.
1165 266 1211 305 ad
1252 266 1336 306 Liv.
1370 267 1418 306 Il.
1453 283 1557 314 xxx,
1594 270 1657 306 13.
1719 266 1774 306 At
1806 267 1852 306 de

201 341 362 389 Tacito,
395 339 503 387 aliis,
536 337 690 376 ulterius
723 336 851 388 quaeri
883 336 1041 385 poterit3
1074 335 1120 374 dc
1150 336 1278 385 poetis
1309 335 1408 374 nulla
1440 336 1621 374 dubitatio
1655 337 1727 374 est.
1785 335 1854 375 Sic

199 410 342 459 optimi.
402 405 593 456 Virgilius
626 404 728 443 Aen.
761 404 829 443 lx.
865 405 960 442 721.
1012 404 1276 459 Bellatorque
1307 405 1448 442 animos
1482 405 1581 444 dens
1615 404 1758 442 incidit.
1814 408 1854 442 ut

202 478 252 516 ibi
285 475 468 515 Heinsius
500 473 619 514 edidit
650 487 670 512 e
704 473 904 511 Mediceoz
945 475 982 511 et
1014 473 1164 512 videtur
1195 485 1288 511 sane
1319 472 1391 512 lioc
1423 486 1580 524 prorsus
1613 472 1853 521 Virgilianae

201 545 419 593 elegantiae
451 555 554 582 esse.
589 542 708 592 vulgo
741 544 892 590 animo,
927 545 965 579 ut
997 542 1032 580 in
1066 542 1217 581 Veneta
1249 547 1286 581 et
1318 542 1597 581 Mediolanensi
1631 541 1853 588 Maittairii,

201 617 238 652 et
270 614 306 651 in
337 613 451 662 meis,
491 612 720 661 Mutinensi,
755 611 905 649 Veneta
937 611 1081 658 Ruhei,
1116 611 1360 650 Lovaniensi.
1423 610 1621 649 Lucretius
1656 609 1722 648 lV.
1756 612 1852 648 512.

203 685 257 720 At
291 695 394 735 qncte
423 694 526 734 pars
558 694 695 720 vocum
727 694 802 719 non
834 681 937 718 auris
970 679 1097 718 incidit
1129 682 1262 732 ipsas.
1325 678 1386 719 Cf.
1420 680 1451 717 si
1483 678 1630 728 placet,
1673 691 1768 730 quos
1801 678 1853 716 ibi

203 749 481 789 Wakefieldius
513 750 622 788 viros
653 749 811 798 doctos,
845 751 882 787 et
914 748 958 786 ad
986 761 1083 800 quos
1110 749 1318 799 scriptores
1339 748 1477 786 laudat.
1519 748 1670 786 accidit
1696 759 1717 785 a
1743 747 1855 786 Lam--

201 821 290 859 bino
324 819 480 869 editum,
513 818 608 871 quod
641 830 734 857 sane
766 819 887 869 magis
920 818 1113 865 usitatum,
1146 829 1177 854 e.
1211 829 1253 865 g.
1286 816 1440 864 Plauto,
1482 814 1607 854 Stich.
1641 814 1670 852 Ι.
1706 831 1752 863 11,
1786 819 1854 854 31.

204 891 322 928 Certo
354 890 452 927 enim
483 888 575 926 mihi
603 894 802 940 paternae
831 888 945 925 vocis
979 889 1135 925 sonitus
1167 899 1288 924 aures
1315 885 1478 924 accidit.
1513 884 1580 923 Sic
1605 884 1734 923 allabi
1756 884 1853 935 apud

205 956 406 1006 Virgilium
438 956 540 995 Aen.
564 955 634 995 IX.
659 957 753 994 474.
804 955 961 995 Ime’a
994 955 1118 993 Fama
1149 957 1251 1003 ruit,
1284 957 1506 1008 matrisque
1535 952 1723 992 adlabitur
1753 954 1856 991 auris

211 1026 394 1078 Euryali.
457 1024 575 1064 Plena
614 1024 728 1063 dictio
769 1027 829 1063 est
869 1024 966 1074 apud
999 1023 1144 1061 Attium
1177 1023 1290 1062 Nonii
1323 1036 1360 1074 p.
1393 1026 1468 1070 39,
1504 1027 1541 1060 6.
1574 1035 1611 1072 p.
1648 1026 1753 1070 292,
1789 1025 1855 1060 21.

214 1096 299 1135 Vox
330 1094 386 1133 acl
418 1095 532 1132 auris
565 1093 732 1132 accidit.
764 1095 803 1131 ct
833 1091 930 1143 apud
962 1091 1176 1130 Lucretium
1201 1091 1250 1130 11.
1283 1094 1400 1130 1023.
1424 1093 1461 1129 4.
1503 1092 1610 1130 Nam
1633 1091 1706 1128 tibi
1737 1091 1856 1129 vehe-

206 1170 352 1203 menter
382 1175 488 1202 nova
519 1176 586 1201 res
617 1161 775 1200 molitur
805 1160 850 1199 ad
884 1161 984 1198 auris
1018 1161 1219 1198 Aecidvre.
1281 1160 1545 1199 Verumtanwn
1578 1160 1652 1198 ista
1684 1158 1858 1210 exempla

207 1233 349 1280 onmia,
391 1234 429 1269 et
460 1242 556 1283 quac
587 1229 662 1268 alia
692 1229 860 1267 eiusdem
891 1229 1049 1277 generis
1086 1228 1198 1267 multa
1237 1241 1389 1267 numero
1421 1228 1592 1267 Gil'anius
1625 1229 1660 1267 in
1694 1226 1856 1267 Collect.

208 1301 359 1340 Lucret.
401 1299 582 1338 Heinsius
622 1298 667 1336 ad
711 1297 828 1336 Ovid.
870 1295 1025 1335 Metam.
1058 1296 1166 1335 Vlll.
1204 1300 1294 1334 142.
1337 1295 1384 1335 G.
1417 1296 1447 1335 1.
1489 1298 1678 1343 Vossius,
1722 1296 1858 1348 aliique

209 1369 463 1419 grammatici,
496 1368 604 1407 etiam
635 1365 893 1418 antiquiores,
938 1368 975 1404 ut
1007 1365 1126 1404 lulius
1158 1365 1284 1405 Rufin.
1316 1377 1354 1415 p.
1387 1367 1483 1403 253.
1516 1378 1573 1418 sq.
1615 1365 1858 1403 observave-

210 1442 314 1478 runt.
357 1436 492 1475 similia
522 1440 609 1476 sunt
641 1435 800 1483 Catoni,
840 1435 944 1486 paria
977 1447 1047 1472 non
1081 1437 1199 1473 sunt<
1242 1434 1408 1473 Interest
1445 1435 1539 1472 enim
1579 1433 1718 1486 aliquid
1761 1433 1859 1471 inter

213 1507 334 1546 verba
366 1509 517 1552 neutra,
549 1506 696 1554 ridere,
729 1504 892 1553 cadere,
922 1504 1110 1557 pendere,
1145 1504 1288 1551 salire,
1317 1503 1483 1552 vadere,
1508 1506 1545 1541 ct
1568 1503 1688 1541 verba
1713 1502 1861 1549 activa,

212 1588 307 1627 quae
340 1588 447 1627 quum
480 1575 547 1613 iam
581 1573 688 1612 alium
715 1584 835 1623 penes
859 1585 901 1611 se
928 1572 1183 1610 accusativum
1209 1570 1395 1621 habeant,
1428 1570 1617 1610 difficilius
1644 1571 1863 1609 adsciscunt

212 1645 311 1683 illum
343 1644 598 1682 accusativum
631 1641 717 1680 loci.
760 1641 884 1694 Quare
916 1641 961 1678 ad
989 1639 1169 1680 Catonem
1202 1653 1297 1692 quae
1330 1641 1492 1689 faciunt,
1525 1653 1596 1678 non
1625 1639 1736 1678 multa
1761 1641 1861 1677 sunt.

217 1714 332 1752 Unum
364 1711 595 1763 alterumque
627 1711 722 1762 apud
757 1711 991 1757 Lambinum,
1027 1710 1086 1762 qui
1119 1722 1237 1760 saepe
1268 1711 1398 1760 attigit
1423 1710 1494 1748 hoc
1521 1714 1654 1759 caput,
1687 1709 1753 1746 sed
1781 1707 1863 1759 ple-

216 1794 366 1833 rumque
398 1779 472 1819 alia
501 1779 667 1818 admixta
699 1779 851 1816 diversa
885 1777 1021 1817 habet:
1054 1778 1098 1816 ad
1132 1779 1282 1817 anrct.
1317 1778 1346 1816 1.
1384 1777 1473 1816 117.
1509 1777 1556 1816 ll.
1586 1780 1674 1815 124.
1708 1777 1752 1815 ad
1780 1776 1863 1814 Ηο-

215 1854 285 1890 rat.
318 1848 441 1890 Carm.
474 1847 523 1887 ΙΙ.
558 1862 629 1897 vn,
663 1850 729 1886 24.
762 1846 888 1898 Epist.
922 1846 950 1884 Ι.
985 1862 1102 1897 xvm,
1139 1850 1202 1884 16.
1235 1848 1323 1886 Art.
1358 1847 1400 1885 P.
1440 1850 1529 1885 194.
1604 1846 1806 1884 Horatius:

700 1929 772 1955 neu
807 1916 903 1970 quid
934 1915 1076 1954 medios
1108 1916 1307 1955 intercinat
1337 1919 1457 1954 actus.

218 1987 410 2028 Catullus:

618 2053 804 2092 Transfer
835 2056 958 2092 omme
987 2066 1072 2092 cum
1105 2052 1201 2092 bono

620 2123 746 2162 Limen
779 2122 967 2161 aureolos
996 2122 1136 2174 pedes.

220 2193 317 2246 quod
351 2193 401 2231 ibi
433 2192 607 2230 Muretus
639 2204 739 2231 nove
769 2191 904 2229 dictum
945 2203 1034 2228 esse
1066 2190 1269 2239 observat,
1310 2202 1402 2241 pro,
1444 2191 1499 2228 rer
1531 2190 1651 2240 pedes
1683 2195 1788 2229 trans
1819 2188 1869 2227 li-

221 2274 316 2301 men.
376 2260 569 2311 Apposite
601 2259 759 2298 Plautus
794 2257 933 2299 Casina
957 2259 1027 2298 IV.
1061 2274 1113 2305 ιν,
1149 2263 1184 2297 l.

450 2330 604 2368 Sensim
636 2327 886 2378 superattolle
918 2327 1025 2366 limen
1055 2328 1204 2381 pedes,
1237 2340 1342 2367 nova
1374 2335 1511 2380 nupta.

222 2400 278 2439 sic
308 2398 381 2437 hoc
419 2397 675 2448 accipiendum
707 2396 803 2435 haud
836 2396 970 2444 dubie,
1002 2408 1075 2435 non
1107 2410 1229 2450 super
1262 2397 1414 2437 attolle.
1478 2397 1677 2435 Lucretius
1709 2395 1740 2434 Ι.
1779 2396 1867 2434 11Ἰ.

225 2469 272 2508 de
303 2468 445 2506 anima:

455 2537 519 2573 An
550 2534 717 2585 pecudes
748 2533 844 2572 alias
876 2534 1072 2573 divinitus
1105 2533 1270 2573 insinuet
1299 2546 1356 2572 se.

227 2605 327 2644 idem
359 2603 409 2643 II.
448 2606 537 2641 124.

457 2672 545 2711 Hoc
577 2673 696 2710 etiam
726 2674 854 2723 mayis
889 2670 983 2710 baec
1014 2672 1168 2709 animum
1200 2674 1237 2710 te
1269 2671 1472 2711 advortere
1500 2685 1580 2726 par
1609 2676 1672 2710 est

456 2738 640 2790 Corpora.

229 2812 275 2849 Et
316 2810 389 2849 hoc
422 2809 596 2861 quidem,
643 2811 810 2847 animum
857 2808 1091 2857 advertere,
1139 2807 1330 2847 multorum
1373 2807 1715 2859 disputationibus,
1762 2807 1870 2846 etiam

233 2878 446 2917 Ruhnkenii
477 2877 522 2915 ad
555 2875 733 2915 Rutilium
765 2875 905 2926 Lupum
937 2889 975 2927 p.
1008 2879 1075 2915 77.
1115 2876 1342 2916 celebratum
1374 2881 1456 2916 est:
1498 2877 1594 2916 inter
1624 2887 1719 2927 quos
1750 2876 1869 2915 Bent-

234 2946 352 2996 leius,
386 2947 416 2985 si
450 2945 520 2984 hoc
554 2957 626 2984 non
660 2944 807 2996 effecit,
839 2944 935 2997 quod
965 2943 1118 2984 volebat
1142 2945 1315 2996 efficere,
1350 2948 1515 2985 animum
1540 2945 1751 2984 advertere
1775 2956 1872 2982 nun-

1823 3036 1830 3058 0
