2006 3365
239 156 341 201 208
801 146 1324 189 ANIMADVERSIONES

240 264 473 321 Cephalus?
505 264 609 305 Sane
638 263 700 303 hic
728 265 818 316 post
835 262 1037 302 Tithonum
1069 265 1149 302 sere
1179 263 1297 315 vulgo
1324 264 1538 303 notissimus
1565 261 1739 303 Aurorae
1758 275 1874 302 amor.

239 336 379 375 Glossa
410 335 459 374 V.
491 333 520 374 I.
558 334 722 373 Aurora
762 333 981 386 Cephalum
1011 335 1163 372 amauit
1193 341 1230 372 et
1265 333 1455 372 Titanum.
1515 332 1640 381 Igitur
1670 333 1874 382 cogitarem

241 405 287 442 de
330 403 523 454 Cephalo,
577 403 622 441 ad
663 414 769 454 quem
809 401 916 450 ibat,
961 406 1000 440 ut
1040 402 1172 440 verbis
1211 404 1291 440 utar
1329 400 1479 447 Ovidii,
1526 403 1693 454 sapiens
1725 414 1752 440 α
1781 415 1877 440 sene

239 473 354 510 Diva
385 475 497 521 υῖνο,
531 472 654 522 Epist.
682 470 751 509 IV.
782 475 847 510 96.
879 471 911 509 si
943 470 1128 509 infelicem
1160 470 1281 509 fuisse
1312 471 1449 509 exitum
1481 469 1640 521 Cephali
1672 473 1876 508 constaret.

239 542 316 580 Sed
350 539 555 591 Cephalum
596 542 776 589 veteres,
822 542 861 577 ut
906 551 955 577 ex
997 539 1175 589 Euripide
1216 540 1372 591 Hippoi.
1415 544 1508 579 455.
1548 538 1732 587 colligere
1763 538 1874 586 licet,

238 612 379 660 raptum
411 609 457 647 ab
500 608 673 655 Aurora,
711 612 1014 660 assumptumque
1054 608 1152 646 inter
1185 609 1273 646 deos
1307 609 1527 657 narrabant,
1571 607 1633 645 ubi
1666 607 1727 645 illo
1761 619 1876 659 usque

238 679 283 717 ad
326 679 536 716 satietatem
578 676 649 715 frui
694 676 762 714 dea
808 677 952 727 potuit,
994 688 1116 728 neque
1156 689 1324 715 caussam
1362 677 1553 730 plorandi
1591 675 1698 714 ullam
1734 675 1876 715 habuit.

238 745 297 787 Cf.
329 746 489 786 Hesiod.
519 746 675 794 Theog.
709 749 803 784 986.
837 745 1064 796 Apollodor.
1095 745 1163 785 ΙΙΙ.
1190 761 1280 794 mv,
1313 750 1351 785 3.
1413 746 1476 784 Ab
1508 744 1580 782 hoc
1611 743 1781 794 Cephalo
1813 744 1872 782 di-

236 829 393 863 versus,
427 819 466 855 ut
494 815 667 865 videtur,
713 813 906 865 Cephalus
938 817 1019 863 est,
1061 816 1213 853 maritus
1246 814 1460 863 Procridis,
1504 825 1718 865 quamquam
1749 816 1787 851 et
1816 811 1876 851 hic

235 886 508 937 perantiquus:
554 897 633 922 nam
677 885 723 923 de
756 883 830 922 hoc
862 885 1033 932 cogitare
1064 885 1262 922 Homerum
1295 883 1476 922 credibile
1508 885 1588 931 est,
1629 881 1775 931 odyss.
1806 880 1876 921 xl.

236 959 333 994 320.
366 957 403 993 et
435 954 634 1003 Virgilium
666 953 766 993 Aen.
798 953 868 991 VI.
902 956 995 992 4⁴5.
1030 954 1078 991 cf.
1117 951 1261 992 Callim.
1302 951 1339 991 h.
1379 952 1491 990 Dian.
1525 954 1619 990 209.
1679 949 1769 988 Eum
1811 962 1874 988 re-

237 1024 426 1062 centiores
459 1023 732 1061 confundentes
765 1034 843 1060 cum
874 1022 1000 1072 priore
1045 1020 1128 1067 illo,
1176 1022 1344 1070 raptum,
1383 1019 1449 1057 sed
1491 1021 1625 1069 postea
1665 1019 1875 1057 restitutum

237 1104 329 1130 suae
371 1092 544 1140 coniugi,
590 1090 790 1139 Procridi,
836 1089 883 1127 ab
918 1091 1067 1127 Aurora
1098 1089 1271 1127 tradunt:
1319 1087 1433 1125 Ovid.
1473 1086 1626 1125 Metam.
1662 1084 1749 1126 VII.
1782 1089 1875 1125 700.

237 1172 322 1211 sqq.
355 1162 404 1198 cs.
438 1159 522 1198 Art.
554 1171 623 1197 am.
654 1158 724 1197 111.
756 1162 824 1197 84.
867 1157 1051 1196 Antonin.
1084 1157 1165 1196 Lib.
1196 1156 1296 1195 XLI.
1339 1154 1562 1206 Apollodor.
1594 1154 1624 1193 Ι.
1657 1169 1714 1202 1x,
1748 1158 1785 1193 4.
1824 1154 1878 1192 At

236 1230 387 1280 antiqua
418 1228 489 1276 sit,
533 1239 602 1277 per
643 1239 698 1264 me
738 1226 849 1275 licet,
892 1225 988 1263 haec
1034 1237 1181 1277 quoque
1213 1224 1358 1262 sabula:
1401 1235 1549 1273 semper
1579 1222 1765 1261 fatendum
1798 1225 1877 1270 est,

236 1308 309 1334 non
340 1296 441 1335 bene
488 1296 692 1334 convenire
731 1293 936 1345 Cephalum
970 1294 1014 1332 ad
1059 1294 1179 1331 verba
1212 1293 1371 1333 Catonis
1402 1305 1526 1331 novos
1556 1292 1737 1343 ploravit
1767 1304 1878 1330 amo-

235 1379 317 1405 res.
433 1365 570 1403 Eadem
594 1364 690 1403 Cliti
715 1364 808 1402 ratio
836 1365 916 1412 est,
949 1375 1054 1414 quem
1074 1362 1223 1399 Aurora
1254 1362 1377 1412 rapuit
1408 1356 1586 1403 κάλλεος
1618 1357 1758 1396 εἵνεκα
1786 1351 1869 1403 οἷο,

237 1431 287 1470 ἵν’
320 1430 579 1469 α’θανοίῖοισι
613 1431 782 1481 μετείη,
815 1431 923 1470 Hom.
956 1430 1103 1480 Odyss.
1128 1429 1217 1469 XV.
1251 1431 1346 1468 250.
1373 1432 1408 1468 l.
1523 1428 1686 1477 Restat,
1717 1429 1878 1479 aptissi—

236 1516 316 1541 mus
365 1504 400 1541 in
440 1515 515 1541 rem
559 1504 745 1550 nostram,
791 1499 1085 1550 pulcherrimus,
1139 1499 1288 1536 iuvenis
1333 1497 1430 1536 haud
1470 1497 1605 1549 dubie,
1645 1501 1879 1548 praematura

240 1575 359 1611 morte
390 1575 543 1621 ereptus
584 1571 779 1618 Aurorae,
820 1567 965 1616 Orion,
1010 1567 1056 1606 de
1087 1580 1158 1620 quo
1191 1565 1325 1606 Catoni
1356 1566 1476 1605 locum
1503 1568 1591 1605 ante
1621 1565 1753 1605 oculos
1785 1577 1877 1604 ver—

235 1642 311 1679 sari
342 1641 494 1679 Homeri
525 1642 637 1690 puto,
685 1637 832 1687 Odyss.
864 1637 914 1676 V.
952 1639 1041 1675 121.

463 1703 520 1751 ὥς
550 1704 627 1755 μὲν
671 1702 726 1742 ὅτ’
757 1701 918 1754 Ὠρίων’
950 1702 1064 1740 ἕλετο
1098 1700 1414 1754 ῥοδοδάκτυλος
1443 1699 1574 1748 Ἠώς,

467 1774 610 1827 τόφρα
645 1771 684 1812 οἷ
728 1772 926 1824 ἠγάασθε
959 1772 1058 1809 θεοί
1087 1771 1182 1821 ῥεῖα
1216 1769 1413 1818 ζώοντες,

467 1843 549 1889 ἕως
579 1858 654 1892 μιν
685 1843 729 1881 ἑν
759 1841 954 1894 Ὀρτυγίῃ
988 1840 1289 1891 χρυσόθρονος
1309 1834 1515 1890 ”Asnaum
1548 1836 1651 1889 ἁγνή

471 1906 533 1958 οἷς
566 1912 738 1962 α’γανοῖς
771 1911 993 1959 βελέεσσιν
1025 1908 1283 1960 ἐποιχομένη
1319 1911 1596 1959 κατέπεφνεν.

243 1984 502 2036 Apollodorus
533 1983 563 2023 Ι.
592 1999 644 2033 iv,
669 1986 707 2022 4.
736 1978 938 2031 Ὠρίωνος
973 1978 1017 2017 δὲ
1045 1976 1156 2024 Ἠώς
1188 1979 1429 2028 ἐρασθεῖσα
1461 1973 1647 2028 ἥρπασε,
1682 1973 1757 2013 καί
1785 1973 1877 2012 ἑκό-

236 2066 362 2101 ,ιιισεν
395 2050 456 2096 εἷς
488 2051 657 2101 Δῆλον·
700 2048 831 2087 {noret
872 2046 950 2100 γάρ
986 2046 1123 2099 αὐτήν
1157 2047 1393 2099 Ἀφροδίτη
1427 2045 1621 2095 συνεχῶς
1651 2042 1770 2096 ἐρᾷν,
1814 2040 1878 2081 ὅτι

236 2115 366 2172 ”Apri
396 2119 686 2170 συνευνάσθη.
742 2116 788 2156 Ὃ
814 2117 858 2157 δὲ
887 2116 1059 2169 Ὠρίων,
1096 2116 1153 2162 (ἇς
1178 2116 1256 2166 μὲν
1280 2115 1383 2155 ἔιίοι
1409 2116 1625 2166 λέγουσιν,
1662 2110 1873 2166 ἀνῃρέθη,

238 2196 312 2231 etc.
344 2191 406 2229 ubi
437 2193 587 2239 mirum,
621 2193 658 2229 et
690 2191 891 2228 inauditum
923 2188 1008 2227 mihi
1043 2189 1207 2240 quidem,
1241 2189 1337 2241 quod
1370 2188 1496 2225 dicere
1527 2185 1676 2224 videtur
1707 2183 1875 2235 Apollo-

238 2260 375 2306 dorus,
419 2259 599 2298 Auroram
631 2271 777 2296 amores
809 2271 887 2297 cum
918 2258 1042 2296 Marte
1074 2257 1307 2295 exercuisse.
1382 2256 1466 2303 An,
1513 2257 1552 2294 ut
1583 2254 1707 2292 statim
1737 2252 1873 2304 aliquid

237 2330 422 2379 proferam
455 2324 810 2376 αὕτοσχεὸιαστί,
852 2326 983 2365 lacuna
1015 2329 1074 2365 est
1105 2327 1141 2363 in
1172 2325 1302 2363 verbis
1350 2323 1609 2374 Apollodori?
1669 2325 1709 2360 ut
1739 2332 1871 2359 narra-

239 2398 339 2435 verit
369 2395 464 2445 hoc,
497 2397 674 2434 irritatam
696 2395 882 2434 Venerem
915 2397 951 2433 in
983 2395 1165 2433 Auroram
1196 2395 1336 2441 fuisse,
1370 2393 1465 2444 qnod
1487 2394 1634 2431 Aurora
1665 2391 1739 2442 ipsi
1769 2401 1871 2427 amo-

239 2478 316 2504 rem
347 2464 663 2515 exprohravisset
695 2464 844 2503 Martis,
909 2463 1050 2503 Similis
1081 2463 1244 2501 eiusdem
1277 2462 1476 2512 scriptoris
1507 2460 1537 2500 l.
1571 2476 1637 2511 111,
1669 2463 1708 2499 3.
1740 2470 1870 2496 narra-

240 2537 315 2585 tio,
348 2533 430 2573 Clio
471 2533 616 2571 Musam
654 2545 777 2571 amore
818 2536 961 2584 captam
1007 2532 1106 2571 Pieri
1149 2543 1237 2570 esse
1279 2526 1385 2566 κατα
1426 2529 1552 2579 μῆνιν
1589 2524 1870 2578 Ἀφροδίτης·

239 2601 434 2639 ὠνείδισε
466 2597 542 2650 γάρ
579 2597 685 2651 αὐτῇ
717 2597 788 2636 τὸν
820 2601 895 2636 τοῦ
926 2598 1158 2642 Ἀδώνιδος
1186 2596 1338 2647 ἔρωτα.
1457 2598 1546 2639 Cum
1567 2595 1788 2649 Apollodori
1810 2593 1870 2632 lo-

239 2684 282 2711 co
314 2672 359 2710 de
392 2670 532 2710 Orione
564 2670 852 2720 componendum
884 2673 943 2708 est
974 2668 1154 2707 Scholion
1188 2670 1221 2707 in
1255 2668 1399 2718 odyss.
1424 2668 1474 2707 V.
1512 2671 1600 2706 121.
1632 2665 1725 2703 hoc:
1763 2660 1868 2698 Τού-

239 2754 312 2776 του
346 2736 423 2789 γάρ
458 2736 697 2788 ἐρασθεῖσα
732 2735 753 2786 ἡ
791 2734 956 2786 Ἡμέρα
990 2732 1176 2787 ἥρπασεν
1217 2733 1297 2773 ἀπὸ
1347 2734 1566 2785 Ταιάγρας
1599 2732 1659 2776 εἰς
1697 2730 1863 2781 Δῆλον,

238 2807 347 2846 ἔνθα
378 2805 452 2858 τήν
484 2802 790 2856 α’λιιαλλοφόρον
825 2798 966 2842 Οὕπιν
996 2798 1181 2853 (Οῧπιν.
1220 2819 1281 2857 ap,
1315 2804 1537 2856 Apollodor.
1570 2795 1718 2851 3Ωῑῑιν)
1765 2795 1869 2836 ἰδών

240 2876 429 2928 ἠθέλησε
460 2873 718 2925 βιάσασθαι.
775 2871 842 2925 ἐφ’
874 2864 907 2925 ᾧ
939 2871 1194 2924 ὀργισθεῖσα
1229 2872 1251 2924 ἡ
1283 2869 1387 2916 θεὸς
1419 2869 1592 2920 α’ναιρεῖ
1618 2866 1766 2913 αὐτόν,
1811 2864 1868 2912 αἱς

241 2945 474 2997 Εὐφορίων
518 2943 651 2994 δηλοῖ.
694 2943 755 2982 uhi
794 2944 890 2996 quod
934 2942 1104 2981 laudatur
1134 2943 1348 2994 Euphorio,
1396 2942 1477 2980 eius
1509 2939 1755 2978 testimonium
1787 2939 1865 2975 for-

241 3020 345 3055 tasse
376 3016 421 3054 ad
452 3015 697 3065 posteriorem
729 3017 866 3052 tantum
897 3013 1121 3051 narrationis
1151 3016 1316 3063 partem,
1348 3011 1394 3049 de
1424 3011 1540 3048 morte
1571 3007 1745 3055 Orionis,
1776 3019 1866 3058 per-
