2006 3365
281 134 381 178 312
882 126 1246 167 DISSERTATIO
1278 128 1345 167 ΙΙΙ.

510 242 716 281 Labeates
750 241 904 294 biinqes
935 244 1053 282 etiam
1091 254 1166 294 per
1196 242 1337 282 sidera
1367 242 1485 283 Luna

509 310 676 349 Pressit
706 323 858 364 equos:
904 316 942 350 et
971 317 1013 349 tu
1045 313 1262 359 currentis,
1295 317 1497 352 menstrua
1527 316 1660 364 virqo,

508 379 716 418 Auditum
746 379 873 431 lyram
911 382 1078 419 tenuisti
1106 386 1220 419 noete
1249 379 1405 418 relicta.

282 449 388 488 recte
417 447 594 498 lleynius
625 446 890 498 reprehendit,
924 448 1020 500 quod
1054 448 1124 486 iam
1155 450 1255 488 facta
1284 449 1472 488 mentione
1493 449 1640 495 Lunae,
1663 461 1791 487 rursus
1814 461 1916 488 eam-

282 517 362 555 dem
392 515 614 568 alloquitur,
647 523 684 555 et
714 522 780 565 tn,
813 525 1016 557 menslrna
1047 520 1175 570 virqo.
1236 517 1378 570 Quodsi
1407 518 1482 557 tale
1506 518 1589 569 quid
1614 519 1916 568 praecessisset:

283 583 466 624 Constitit
496 585 604 624 etiam
636 585 739 623 orbis
770 585 902 634 lunae,
936 585 1025 623 nihil
1057 586 1277 624 offensionis
1308 585 1466 624 haberet
1497 585 1731 637 apostrophe
1763 587 1807 624 ad
1841 586 1917 629 Lu-

281 665 362 692 nam
394 653 526 692 Deam.
585 653 694 693 Nunc
736 667 843 706 quum
875 655 943 692 iam
975 654 1109 693 dictum
1141 655 1191 693 sit
1221 654 1269 693 de
1305 655 1410 693 Luna
1449 654 1555 702 Dea,
1603 656 1783 707 equisque
1814 656 1916 703 ciue,

280 720 438 771 languet
469 725 506 761 et
536 735 663 773 parum
695 726 908 774 opportuna
938 727 998 762 est
1026 722 1271 774 apostrophe.
1333 725 1529 762 currentis
1560 725 1730 772 August.
1764 726 1801 762 et
1832 723 1918 762 vul-

279 804 355 841 go,
390 791 474 830 cod.
506 791 626 830 Basil.
658 791 797 831 Venet.
830 792 968 831 Achat.
1002 795 1039 831 et
1070 793 1170 832 Rub.
1203 792 1340 830 Mutin.
1374 790 1524 829 Vicent.
1557 792 1676 830 Voss.
1700 791 1750 830 ΙΙ.
1809 805 1918 831 mon-

280 866 397 900 strem
436 860 554 898 Voss.
574 863 640 899 81.
701 860 791 899 Alia
822 860 998 899 librorum
1030 866 1153 900 errata
1183 862 1356 900 recensui
1402 873 1492 911 pag.
1526 863 1621 900 292.
1696 861 1738 900 ln
1770 860 1846 900 Ciri
1878 875 1918 899 v.

281 932 376 968 328.
398 932 438 968 9.
470 928 596 968 turbat
615 929 809 979 Heynius,
833 930 901 968 vix
934 932 971 968 ut
1003 941 1239 978 cognoscere
1271 942 1407 981 queas,
1441 930 1528 982 quid
1559 930 1609 970 sit
1639 930 1675 968 in
1708 929 1918 969 veteribus.

279 997 432 1038 Veneta
462 997 610 1046 Rubei,
645 997 845 1037 Vicentina
876 1011 956 1036 cum
988 999 1179 1038 Vossiano
1211 998 1260 1037 11.
1295 998 1421 1037 aliae:

507 1066 603 1105 Non
633 1079 705 1117 eqo
735 1072 774 1106 te
804 1069 957 1120 incepto
987 1067 1078 1119 fieri
1110 1068 1214 1121 quod
1244 1081 1319 1107 non
1347 1074 1441 1120 pote
1471 1081 1592 1107 eonor

508 1135 715 1174 Flectere:
749 1148 884 1174 amor:
923 1149 1050 1189 neque
1080 1138 1135 1174 sit
1167 1149 1250 1175 cum
1282 1137 1363 1176 diis
1396 1137 1629 1176 contendere
1659 1141 1848 1174 nostrum.

280 1206 318 1243 et
349 1203 406 1242 sic
437 1203 520 1243 cod.
554 1203 670 1241 Basil.
702 1203 956 1254 Apostrophe
987 1206 1047 1242 est
1077 1204 1123 1242 ad
1156 1204 1355 1243 Amorem:
1395 1205 1491 1257 quod
1524 1205 1725 1255 perspexit
1755 1204 1917 1252 Badius,

279 1273 478 1323 perspexit
509 1272 703 1321 Scaliger.
765 1273 1024 1323 Perspexerat
1044 1273 1151 1311 etiam
1174 1272 1377 1323 lleynius,
1403 1274 1471 1312 sed
1497 1272 1619 1312 haesit
1649 1274 1730 1311 sine
1761 1284 1919 1322 caussa,

279 1354 386 1393 quum
417 1340 652 1391 apostrophe
684 1341 777 1379 satis
808 1341 1012 1392 perspicua
1044 1342 1096 1380 sit
1126 1345 1281 1392 propter
1321 1343 1538 1393 sequentia,
1578 1355 1702 1395 neque
1739 1343 1795 1380 sit
1834 1354 1919 1379 enm

279 1410 346 1448 dis
378 1409 613 1449 contendere
638 1416 828 1449 nostrum.
890 1410 1066 1460 Apparet
1097 1410 1205 1448 etiam
1230 1410 1469 1461 Pomponium
1501 1421 1572 1448 non
1604 1422 1735 1449 amore
1758 1409 1920 1459 legisse,

280 1479 348 1517 sed
381 1492 502 1518 amor.
563 1480 618 1517 At
648 1482 708 1530 qui
741 1480 1008 1518 restituendam
1036 1478 1121 1517 huic
1146 1478 1230 1517 loco
1258 1478 1517 1530 apostrophen
1540 1491 1699 1528 censeo,
1727 1490 1799 1517 non
1827 1477 1920 1516 idem

279 1546 389 1586 laudo
421 1550 534 1599 atque
565 1547 750 1597 approbo.
810 1547 951 1585 Durum
991 1551 1050 1586 est
1086 1550 1245 1598 repente
1291 1549 1459 1586 invocari
1502 1548 1696 1596 Amorem,
1737 1559 1844 1599 quum
1885 1549 1923 1585 et

280 1615 568 1667 praecedentia,
603 1620 640 1654 et
671 1616 732 1667 qui
764 1617 932 1668 sequitur
963 1628 1110 1664 sermo,
1142 1618 1262 1655 omnia
1280 1617 1440 1668 Scyllae
1471 1618 1656 1656 dicantur.
1718 1616 1875 1655 Manilio
1890 1615 1921 1654 Ι.

282 1687 377 1723 229.
408 1684 530 1733 bene,
564 1687 602 1723 ut
633 1685 804 1734 videtur,
846 1685 1082 1723 continuavit
1120 1686 1379 1736 apostrophen
1423 1686 1639 1735 Bentleius,
1680 1686 1920 1738 Deficeres,

280 1765 348 1803 pro
381 1752 541 1801 vulgato
574 1753 788 1804 Deficeret.
848 1753 1058 1805 Deficeres
1097 1757 1156 1805 tu,
1198 1767 1219 1792 o
1251 1754 1350 1793 luna.
1412 1753 1555 1794 Contra
1585 1755 1681 1793 idem
1712 1767 1761 1793 ex
1794 1754 1922 1793 eodem

279 1821 350 1861 lv.
385 1823 478 1859 76⁴.
512 1833 569 1872 sq.
604 1822 743 1859 exemit
773 1821 1060 1873 apostrophen,
1094 1823 1324 1862 scribendo:

515 1890 677 1942 Vimine
708 1891 781 1930 suh
813 1897 933 1930 casta
965 1912 1018 1920 -—-·

510 1960 580 1998 Est
618 1959 806 2006 Rhodos,
848 1960 1064 2012 hospitium
1101 1962 1250 1999 recturi
1277 1962 1478 2013 principis
1510 1959 1668 2009 orbem5

508 2027 679 2080 Tininque
711 2029 848 2068 domus
879 2041 972 2068 vere
1003 2029 1127 2077 sotis,
1171 2032 1235 2068 cni
1265 2036 1351 2068 lota
1382 2035 1553 2068 sacrata
1585 2032 1667 2079 est,

508 2097 634 2155 Quum
666 2101 822 2148 caperet
853 2097 980 2136 lmnen
1011 2100 1084 2136 etc.

279 2168 407 2214 recte,
439 2166 524 2217 quia
556 2165 778 2214 eleganter,
825 2169 862 2205 et
903 2167 987 2218 quia
1025 2168 1155 2206 favent
1200 2165 1300 2205 libri.
1361 2166 1443 2205 Alii
1473 2168 1561 2205 ante
1591 2164 1827 2205 Bentleium:
1860 2166 1922 2204 Es

279 2234 469 2282 Rhodos,
507 2235 802 2288 Tuque—es,
836 2248 1019 2287 caperes.
1081 2236 1199 2288 Quum
1237 2235 1442 2285 praecedat
1486 2234 1719 2285 apostrophe
1762 2235 1796 2272 in
1839 2233 1921 2272 loco

280 2304 327 2342 de
358 2303 510 2350 Leone,
544 2303 764 2352 lVemeaee,
804 2304 859 2342 Te
890 2304 1011 2352 colit,
1044 2303 1265 2351 Manilium,
1300 2306 1446 2353 poetam
1477 2303 1715 2352 elegantem,
1748 2303 1922 2341 variasse

280 2373 487 2411 orationem
519 2372 719 2423 probabile
750 2376 822 2412 est.
884 2371 1159 2422 Apostrophae
1191 2371 1291 2410 nullo
1324 2372 1431 2410 modo
1462 2373 1641 2410 serendae
1672 2372 1705 2409 si
1739 2373 1821 2424 quis
1853 2384 1921 2410 ex·

280 2441 437 2492 emplum
468 2441 680 2489 desiderat,
714 2441 910 2480 Manilium
942 2440 1047 2490 legat
1078 2441 1127 2480 V.
1150 2444 1245 2479 300.
1278 2444 1311 2478 l.
1345 2453 1393 2479 ex
1427 2441 1685 2480 emendatione
1718 2440 1921 2492 Scaligeri.

280 2509 328 2549 de
358 2509 573 2549 Philoctete
604 2523 724 2547 sermo
757 2513 840 2549 est:

508 2579 700 2618 Hectore’s
732 2579 801 2617 ille
838 2579 957 2630 faces
990 2592 1088 2618 arcu
1119 2578 1277 2631 teloque
1304 2579 1493 2629 fnyavit,

511 2647 708 2686 Mittebat
742 2649 809 2700 qui
841 2660 932 2696 vos,
966 2648 1098 2696 ignes,
1132 2649 1172 2684 in
1202 2647 1309 2686 mille
1339 2649 1523 2686 carinas.

282 2715 431 2754 Versus
472 2717 577 2766 prior
618 2717 720 2754 recte
761 2728 803 2753 se
842 2714 957 2754 habet
1004 2714 1099 2753 haud
1143 2715 1276 2765 dubie,
1319 2729 1438 2767 neque
1478 2715 1628 2754 ridiculi
1659 2715 1852 2767 quicquam
1884 2714 1919 2752 in

283 2798 382 2823 aren
413 2785 582 2839 teloque.
642 2784 811 2823 Acumen
853 2784 1043 2835 quaesivit
1074 2787 1189 2833 poeta
1229 2786 1417 2834 oppositis
1457 2786 1553 2823 inter
1597 2796 1639 2822 se
1676 2782 1842 2835 facibus
1883 2785 1921 2822 et

283 2866 382 2891 arcu
413 2854 597 2907 teloque:
630 2853 777 2891 scilicet
808 2852 854 2890 ad
885 2852 1073 2900 fugandas
1106 2854 1211 2891 faces
1244 2854 1371 2891 maiori
1404 2853 1558 2905 quodam
1590 2851 1791 2899 molimine,
1826 2864 1915 2902 gra-

283 2922 533 2974 vioribusque
563 2921 837 2971 instrumentis,
876 2933 980 2972 quam
1013 2923 1099 2960 sunt
1129 2933 1239 2960 arcus
1270 2921 1479 2974 telumque,
1512 2934 1605 2972 opus
1638 2932 1725 2958 esse
1756 2921 1919 2959 videba-

285 2990 356 3028 tur.
418 2990 480 3029 Ad
513 3006 551 3030 v.
584 2993 679 3030 301.
717 2992 822 3030 reete
861 2988 1085 3030 Bentleius:
1126 2991 1186 3030 ica
1224 2991 1433 3044 Scaliqer,
1474 2990 1641 3041 indiyna
1678 2995 1791 3029 tanto
1831 2992 1919 3029 viro
