2006 3365
576 198 645 238 DE
678 197 833 239 POESI
865 197 1200 239 CATONIANA.
1603 201 1703 246 293

300 312 490 351 Fluctuat
519 316 642 353 omnis
674 317 714 354 in
744 326 941 368 aequoreo
971 315 1197 366 navifraqa
1225 314 1361 366 fluctu.

73 380 201 433 Atque
232 381 288 420 sic
319 379 493 420 facillime
525 383 613 420 oriri
644 383 768 433 potuit
799 382 974 420 librorum
1006 384 1235 435 antiquorum
1266 383 1434 422 mendum
1467 382 1704 434 naufraqia.

699 465 737 490 v.
772 453 865 489 369.
905 451 968 489 70.

299 517 403 557 Istic
433 519 730 573 scipimlusque
769 518 892 558 duces
925 519 1070 557 deuota
1100 520 1309 571 triumphis

302 587 470 626 stloenia
505 601 603 640 quos
635 587 805 639 rapidos
837 587 994 638 libycae
1025 587 1279 637 carthuyinis
1310 588 1480 627 horrent.

73 654 140 693 Sic
170 652 311 703 vulgo,
359 655 443 693 inde
475 668 495 692 a
534 655 616 693 cod.
660 653 885 693 Basilecnsi.
949 653 1029 693 Una
1071 654 1216 693 Veneta
1259 655 1398 694 Achat.
1440 655 1511 694 1100
1545 657 1706 695 ordine:

73 724 134 763 In.
160 738 196 777 q.
218 723 348 775 tybiee
376 724 562 775 rapidos.
623 723 760 762 Verum
791 721 862 760 hoc
893 721 980 761 leve
1013 725 1094 771 est,
1127 726 1165 762 01
1196 723 1283 761 1111111
1316 725 1389 762 0131
1424 725 1549 763 vitium
1572 726 1707 763 editio-

72 793 128 830 nis
159 790 282 829 huius.
345 791 430 840 Ego
451 792 536 830 mihi
565 804 703 842 operae
728 791 884 841 pretium
918 792 1058 829 fecisse
1090 792 1125 829 in
1159 791 1241 830 1000
1273 792 1491 830 difficillimo
1524 793 1708 840 videbor,

71 861 103 898 si
135 860 297 899 docuero
330 873 400 899 11011
433 864 504 899 tam
537 859 716 898 mirabilia
748 860 782 897 in
814 858 922 897 libris
954 860 1108 910 scriptis
1138 861 1301 912 antiquis
1333 861 1582 909 circumferri,
1604 874 1709 913 quam

71 929 356 967 Friesemannus
388 933 425 969 et
456 930 632 979 lleynius
664 929 843 967 referunt.
908 926 957 966 Ut
989 928 1086 980 quod
1117 928 1214 978 apud
1247 928 1436 979 Heynium
1469 929 1630 979 legitur,
1673 931 1709 967 in

71 997 280 1036 Petaviano
313 1010 402 1036 esse
423 999 599 1037 [starum
627 996 861 1050 piaclusque
891 997 1014 1036 duces
1049 1011 1153 1050 quae
1182 1011 1262 1037 vox·
1290 1000 1513 1051 triumphet.
1575 998 1709 1038 Thua-

73 1077 165 1104 0003
197 1069 235 1105 01
259 1066 512 1115 PetavianuS,
537 1066 688 1105 ,vossio
721 1067 915 1104 testante:

297 1135 343 1174 Is
376 1141 528 1174 starum
556 1135 790 1188 piadrtsque
828 1134 952 1174 «luces
986 1148 1147 1188 quorum
1180 1135 1327 1175 devota
1357 1137 1567 1190 triumphis

299 1204 465 1243 Moenia
496 1204 659 1255 rapidis
692 1202 876 1255 Libycae
907 1205 1169 1255 Carthaqinis
1207 1205 1379 1244 horrent.

72 1274 110 1310 et
140 1272 195 1310 310
226 1272 500 1321 Augustanus,
540 1273 610 1310 nisi
644 1272 739 1324 quod
775 1271 836 1310 1110
869 1272 1047 1311 Isturum
1077 1272 1214 1321 habet,
1255 1275 1293 1311 01
1325 1286 1438 1312 versu
1470 1273 1588 1312 altero
1620 1277 1713 1326 rapi

73 1342 138 1380 dis
172 1353 250 1379 cum
283 1341 507 1390 intervallo,
550 1341 646 1393 quod
691 1341 836 1378 duabus
868 1341 1032 1381 sufficiat
1069 1341 1231 1381 litteris:
1271 1354 1315 1381 ac
1351 1355 1391 1380 re
1430 1355 1522 1381 vera
1560 1344 1712 1393 primum

72 1409 279 1460 scripserat
311 1408 485 1447 librarius
517 1412 656 1462 rapis,
690 1409 756 1447 scd
789 1412 925 1460 postea
957 1410 1101 1449 delevit
1132 1425 1167 1450 s.
1228 1411 1321 1450 Tum
1353 1411 1513 1463 lybicae
1544 1410 1713 1460 August.

73 1477 170 1531 Quid
192 1476 262 1516 1100
288 1473 382 1516 fiet?
413 1477 620 1516 Missumnc
652 1478 829 1516 faciemus
861 1481 1082 1525 monstrum,
1117 1483 1154 1518 et
1184 1492 1252 1530 pro
1285 1492 1330 1518 eo
1364 1479 1578 1528 vulgatam,
1610 1493 1715 1532 quum

73 1546 178 1595 dixi,
218 1547 438 1596 scripturam
477 1542 771 1597 amplectemur?
820 1546 1000 1586 Profecto
1034 1560 1104 1586 000
1137 1549 1341 1586 faciemus:
1382 1549 1489 1586 nimis
1533 1547 1597 1587 illa
1628 1560 1714 1587 cor--

71 1618 251 1654 rectorem
283 1614 422 1665 prodit.
485 1614 699 1653 Vossianus
732 1618 797 1653 81.
840 1615 914 1653 ita:

297 1684 566 1737 Scipiaclasq3
609 1683 732 1722 duces
766 1696 928 1737 quorum
960 1683 1106 1723 deuota
1135 1684 1343 1737 triumphis

297 1751 441 1791 Meuia
470 1754 646 1791 romanis
680 1752 798 1791 tibiee
828 1754 1055 1804 cartaginis
1085 1753 1257 1792 horreret.

69 1832 164 1873 quae
195 1822 254 1859 est
283 1819 401 1859 altera
432 1819 504 1859 loci
537 1820 676 1872 pridem
710 1821 875 1871 corrupti
907 1822 1136 1869 emendatio,
1160 1820 1295 1860 nullum
1321 1823 1539 1861 concinnum
1565 1835 1714 1862 sensum

70 1890 226 1928 taciens.
287 1889 468 1938 Magnum
500 1890 585 1941 quid
619 1888 679 1928 1110
713 1889 899 1928 turbatum
932 1901 1020 1928 esse
1052 1890 1160 1929 etiam
1193 1903 1237 1928 00
1270 1891 1481 1940 evincitur,
1515 1892 1611 1943 quod
1647 1893 1713 1930 vix

70 1962 194 2008 aptum
237 1970 315 1996 cum
356 1958 672 2008 praecedentibus
715 1970 849 1996 nexum
897 1959 1090 2010 quisquam
1135 1959 1314 1997 inveniat.
1384 1960 1560 2009 Ileynius
1599 1972 1711 1998 versu

71 2026 246 2077 praeced.
284 2027 410 2064 nescio
445 2026 551 2064 cuius
576 2026 827 2065 coniecturam
848 2026 1017 2065 honorat
1034 2026 1156 2076 dedit,
1187 2031 1259 2066 tum
1291 2028 1386 2066 Illic
1411 2028 1715 2081 Scipiadueque

71 2099 109 2134 et
140 2107 217 2133 cum
253 2093 410 2143 vulgata
443 2107 542 2148 quos
569 2095 766 2147 rapidos:
801 2106 896 2146 quae
928 2095 1047 2133 onmia
1073 2096 1141 2133 iam
1165 2096 1262 2146 apud
1289 2096 1480 2135 chbum.
1541 2100 1597 2136 At
1627 2097 1711 2135 libri

71 2167 143 2203 tam
175 2164 331 2214 scripti,
372 2163 481 2201 etiam
515 2163 730 2202 Vossianus
763 2166 827 2202 81.
861 2174 967 2216 quam
1000 2162 1156 2213 vulgata
1186 2176 1259 2203 non
1289 2166 1478 2216 honorat,
1520 2166 1587 2205 sed
1622 2177 1712 2204 una-

72 2233 156 2271 nimi
187 2243 403 2270 consensu:

300 2300 393 2339 Iure
423 2302 548 2351 iyz’tur
577 2300 678 2340 talis
711 2301 830 2340 sedes
860 2303 1029 2354 pietatis
1060 2302 1242 2342 honores.

72 2370 143 2423 Qui
176 2381 312 2408 versus
344 2381 411 2419 pcr
441 2382 483 2407 se
524 2369 657 2407 honum
697 2382 846 2407 3003001
888 2370 1064 2420 praebet,
1106 2370 1212 2409 modo
1254 2370 1469 2420 distinguas
1500 2374 1590 2422 post
1621 2384 1706 2411 voc.

74 2439 221 2479 sedes:
255 2438 348 2477 Iure
378 2441 501 2489 iyitur
529 2439 630 2477 talis
664 2438 808 2487 sedes,
836 2440 1007 2491 pietatis
1037 2439 1221 2478 honores.
1253 2439 1298 2477 ad
1333 2451 1419 2478 voc.
1449 2440 1617 2480 honores
1650 2443 1708 2479 sa-

73 2507 146 2547 cile
183 2506 380 2557 suppletur
418 2507 538 2546 tales.
600 2505 658 2546 Cr.
698 2521 736 2546 v.
777 2511 872 2546 357.
911 2511 949 2546 8.
1017 2507 1154 2546 Verum
1196 2520 1316 2546 nexus
1357 2508 1592 2548 desideratur
1630 2522 1708 2548 0001

73 2575 330 2627 sequentibus.
393 2575 514 2624 Igitur
545 2579 608 2614 aut
638 2575 745 2615 alium
778 2577 812 2614 10
845 2576 962 2615 100001
995 2577 1278 2616 transferendus
1322 2579 1393 2616 erit
1434 2591 1571 2617 versus
1616 2579 1710 2617 Iure

74 2647 195 2697 iyitur
225 2647 296 2682 etc.
332 2646 370 2682 ut
402 2643 600 2682 videbatur
638 2643 864 2694 Scaligeroz
910 2658 1125 2698 quamquam
1165 2657 1211 2683 ne
1250 2646 1305 2684 310
1344 2647 1486 2699 quidem
1516 2647 1630 2699 liquet
1661 2649 1708 2686 de

73 2713 253 2752 versibus
285 2713 344 2765 qui
373 2717 600 2763 sequuntur3
633 2716 716 2763 aut,
746 2727 840 2767 quae
863 2728 943 2754 mea
975 2716 1213 2764 coniectura,
1247 2727 1386 2753 versus
1419 2716 1562 2755 excidit
1594 2728 1708 2765 unus,

75 2783 179 2821 00103
209 2782 395 2821 residuum
429 2782 463 2819 in
496 2793 591 2819 voce
633 2782 809 2823 Istarum
840 2783 955 2834 latet,
997 2785 1032 2822 in
1064 2796 1178 2822 versu
1212 2796 1308 2822 nunc
1339 2783 1579 2834 luypcrmetro
1611 2786 1708 2824 anti-

76 2864 225 2903 quorum
256 2850 444 2889 librorum.
504 2850 575 2889 Est
605 2853 642 2889 et
672 2850 768 2890 alius
809 2852 912 2891 locus
954 2851 1126 2901 Culicis,
1169 2853 1204 2891 in
1244 2866 1315 2905 quo
1355 2854 1475 2904 magis
1506 2853 1708 2903 perspicua

75 2919 228 2958 lacunae
259 2919 419 2965 indicia,
453 2917 497 2956 de
530 2930 601 2971 quo
634 2931 708 2968 ego
739 2921 774 2958 in
806 2922 928 2960 fronte
960 2921 1068 2960 Diss.
1095 2921 1164 2960 lv.
1226 2921 1321 2974 Quid
1353 2921 1416 2959 illo
1450 2933 1562 2959 versu
1594 2926 1707 2972 poeta

77 2989 236 3032 dixerit,
270 2991 308 3027 et
338 2988 424 3040 quid
456 3000 505 3026 ex
536 2990 711 3039 corrupta
741 3001 837 3028 voce
860 2991 1021 3042 rapidis
1044 2989 1260 3028 eliciendum
1280 2991 1349 3038 sit,
1381 2990 1572 3028 incertum.
1604 2990 1704 3041 Ego,

77 3069 125 3095 ne
158 3053 402 3105 ἀσύμβολος
422 3057 637 3107 discedam,
669 3069 818 3097 sensum
839 3059 956 3097 fuisse
980 3057 1089 3098 talem
1108 3070 1116 3095 ε
1151 3058 1242 3098 Ista
1263 3057 1375 3097 sedes
1398 3058 1500 3098 hunc
1516 3066 1554 3100 et
1574 3059 1703 3110 ictum,
