2006 3365
249 132 315 178 40
807 127 1335 169 ANIMADVERSIONES

250 244 394 284 Tibull.
427 244 497 284 lv.
533 261 562 295 1,
598 245 690 281 172.
733 243 779 281 ad
811 243 915 285 cuius
956 242 1247 293 disputationem
1288 254 1383 295 quae
1414 242 1550 292 addas,
1592 242 1703 282 multa
1733 245 1887 282 exstant

251 314 412 366 ubique,
454 317 492 352 ut
523 311 604 351 Cic.
639 313 745 350 Orat.
777 311 867 359 XV,
901 313 966 351 48.
1030 309 1110 350 Cic.
1143 323 1203 362 ap.
1244 311 1403 350 Nonium
1434 325 1471 362 p.
1506 315 1606 359 ⁴01,
1639 317 1677 353 S.
1718 312 1887 361 (Fragm.

251 383 310 421 ed.
344 382 496 420 Ernest.
527 393 564 430 p.
600 380 741 429 1092.)
777 380 895 418 Poeta
925 393 1012 418 mox
1042 379 1249 417 laudandus
1280 379 1325 417 ad
1357 393 1396 418 v.
1420 384 1484 418 16.
1536 380 1613 419 Sed
1646 383 1767 419 tamen
1798 379 1888 417 alibi

251 464 368 501 seyes
401 450 572 486 dicuntur
603 451 802 487 exstantes
834 461 884 486 ex
914 460 1011 497 agro
1042 450 1194 497 fruges:
1228 447 1347 486 Poeta
1376 448 1472 499 apud
1506 448 1657 489 Charis.
1690 448 1759 487 lv.
1792 450 1886 487 252.

252 521 289 557 et
321 521 413 556 253.
449 516 640 563 (Scriver.
671 529 706 567 p.
729 518 841 566 180.)
875 519 1024 569 seqetis
1057 523 1237 555 armatae
1266 530 1419 555 manus.
1453 520 1492 556 et
1522 518 1578 556 sic
1609 516 1705 557 Cato
1737 517 1887 563 iterum,

252 599 289 625 v.
325 588 389 623 43.
425 585 661 624 Pascuntur
692 592 862 635 seqetes.

333 655 513 706 fecunda
545 654 684 705 scripsi
719 666 796 692 cum
829 654 1060 703 Augustano
1100 657 1137 692 et
1167 652 1365 692 Thuaneo.
1426 654 1509 692 Etsi
1548 666 1593 692 ne
1630 652 1691 692 his
1722 653 1889 706 quidem,

251 723 312 775 qui
344 725 431 762 sunt
462 722 613 773 optimi‚
645 722 792 761 multum
825 723 948 762 tribuo
980 723 1045 761 tali
1077 723 1113 760 in
1145 734 1198 760 rc.
1231 722 1332 760 Infra
1354 721 1435 760 Ecl.
1457 724 1522 761 40.
1547 722 1697 774 phoebe
1724 724 1758 760 in
1784 726 1890 760 utro-

252 804 336 843 que.
397 791 471 830 Pro
508 805 558 831 ae
595 793 630 830 in
667 791 872 838 Timaristo,
916 795 954 830 ut
993 794 1105 842 puto,
1150 803 1298 841 semper
1328 805 1372 841 e,
1414 794 1452 830 ut
1490 791 1615 842 paullo
1653 797 1739 830 ante
1774 791 1889 838 hedi,

249 861 410 914 aquile,
452 863 490 900 et
521 873 606 899 mox
639 861 757 914 Ipse,
798 861 915 900 silue.
950 861 1201 908 Augustanus
1233 873 1294 898 ae.
1369 860 1435 899 vel
1463 863 1574 899 mitia
1605 862 1711 912 ruri,
1749 859 1891 899 futilem

248 928 461 969 Boxhoruii
494 929 767 979 coniecturam,
799 929 950 968 edidere
981 927 1206 976 Dnherrus,
1240 927 1446 966 Arnoldus.

337 1065 385 1105 V.
423 1070 488 1105 12.
548 1075 647 1109 NON
680 1076 900 1110 ARBUSTA
935 1075 1095 1110 NOVAS
1121 1075 1324 1116 FRUGES,
1360 1075 1459 1108 NON
1484 1074 1726 1110 PAMPINUS
1754 1074 1892 1108 UVAS.

335 1135 427 1174 Non
454 1135 625 1175 arbusta
656 1149 785 1175 novas
809 1132 971 1188 fragres]
1005 1136 1124 1174 Etiam
1149 1133 1285 1175 Cicero
1312 1136 1347 1173 in
1369 1134 1463 1174 libro
1489 1135 1535 1173 de
1558 1138 1756 1174 senectute
1779 1135 1893 1173 vitem

250 1204 286 1242 in
317 1204 492 1253 frugibus
523 1205 640 1254 ponit.
674 1207 858 1241 SCALIG.
1040 1203 1151 1241 Immo
1182 1204 1324 1256 fmyes
1358 1202 1392 1241 h.
1427 1202 1451 1242 l.
1490 1206 1579 1242 sunt
1609 1203 1722 1252 mala,
1764 1215 1893 1241 nuceS.

249 1270 310 1310 De
342 1273 421 1310 vite
451 1273 575 1311 statim
606 1273 797 1324 sequitur:
831 1285 905 1311 non
934 1276 1148 1324 pampinus
1182 1286 1302 1312 uvas.
1376 1285 1498 1313 noves
1530 1274 1701 1322 August.
1752 1271 1894 1310 Medic.

250 1344 289 1380 et
319 1341 441 1380 Paris.
472 1340 542 1381 IV.
575 1341 743 1380 novalia
773 1341 863 1380 miro
896 1353 1023 1380 errore
1055 1354 1122 1392 pro
1153 1354 1297 1381 novas.

337 1478 387 1517 V.
424 1482 486 1517 13.
535 1487 671 1521 IPSAE
704 1488 804 1521 NON
837 1488 1009 1522 SILVAE
1038 1488 1274 1528 FRONDES,
1312 1487 1411 1522 NON
1444 1487 1659 1522 FLUM1NA
1684 1487 1892 1522 MONTES.

253 1548 347 1589 Non
378 1550 495 1600 ipsae
523 1548 693 1599 frondes
726 1548 862 1587 silvae
892 1547 1163 1598 transponebat
1193 1548 1386 1586 Francius.
1433 1546 1493 1587 Cf.
1520 1547 1625 1586 Diss.
1653 1547 1723 1586 ΙΙΙ.
1756 1548 1817 1586 uhi
1849 1547 1895 1586 de

254 1615 503 1655 collocatione
533 1629 607 1654 non
640 1616 858 1666 particulae.

338 1685 502 1737 flamina
539 1684 680 1724 Medic.
723 1687 760 1724 et
798 1685 938 1723 Aldina
970 1684 1017 1724 11.
1058 1697 1093 1723 a.
1137 1687 1255 1724 1534.
1294 1684 1389 1736 quod
1429 1683 1662 1734 amplectitur
1699 1684 1894 1723 Heinsius.

256 1753 407 1794 Caeteri
440 1753 527 1791 libri
556 1753 740 1805 stamma,
774 1754 881 1792 etiam
904 1754 1118 1792 Vossianus
1138 1753 1166 1791 1.
1201 1754 1297 1805 quod
1331 1754 1398 1791 iam
1431 1756 1532 1791 recte
1560 1756 1762 1803 acceperat
1783 1753 1896 1792 Pom-

255 1824 390 1874 ponius
423 1822 612 1861 Sabinus:
645 1822 760 1861 solas
798 1822 944 1875 Tyyris
978 1824 1016 1859 in
1045 1822 1215 1874 planitie
1246 1824 1284 1860 in
1315 1821 1444 1860 media
1476 1824 1662 1860 Armenia
1692 1824 1897 1873 nascitur,

256 1893 405 1930 caeteri
441 1892 557 1943 flezvii
597 1893 636 1929 in
675 1891 868 1930 montibus
900 1898 1131 1929 nascuntur.
1195 1890 1242 1928 Et
1280 1890 1398 1928 inanis
1437 1893 1497 1928 est
1528 1890 1674 1928 Heinsii
1706 1891 1897 1941 obiectio,

255 1972 328 1998 non
360 1960 454 1999 adeo
487 1961 680 2010 spatiosos
711 1961 830 1998 fuisse
861 1959 1009 2010 agellos
1037 1957 1216 2007 Catonis,
1249 1962 1288 1996 ut
1319 1958 1449 1996 flumen
1483 1971 1552 1996 non
1587 1971 1691 1996 unum
1724 1964 1898 1998 oreretur

256 2030 292 2067 in
322 2028 381 2067 his
413 2029 614 2067 montibus.
670 2028 809 2077 Erant,
842 2029 941 2080 quod
973 2029 1080 2066 etiam
1113 2040 1161 2065 ex
1197 2040 1232 2065 v.
1266 2029 1331 2065 64.
1364 2040 1449 2079 sqq.
1482 2027 1729 2076 intelligitur,
1766 2029 1801 2065 in
1834 2029 1896 2066 vi-

258 2098 356 2136 cinia
387 2099 470 2147 agri
503 2096 701 2137 Catoniani
734 2097 899 2135 ssumina:
932 2110 1036 2149 quam
1071 2097 1215 2143 vicina,
1249 2108 1352 2134 nemo
1384 2096 1541 2145 dixeritg
1575 2109 1694 2148 neque
1718 2109 1814 2146 opus
1837 2099 1898 2136 est

257 2166 302 2204 ad
335 2167 596 2217 explicandum
629 2165 832 2210 Catonem,
876 2171 914 2204 ut
945 2179 989 2204 ea
1020 2178 1149 2215 agrum
1183 2165 1341 2205 Catonis
1382 2166 1499 2215 ipsum
1540 2164 1694 2203 alluisse
1736 2168 1895 2203 statuas.

257 2235 313 2274 Ea
344 2235 488 2272 flumina
520 2248 569 2273 ex
601 2235 736 2287 quihus
767 2236 955 2273 montibus
992 2235 1187 2283 venerint,
1229 2234 1434 2272 nescimus:
1482 2235 1651 2272 venerint
1689 2246 1739 2272 ex
1779 2233 1897 2282 longe

258 2303 546 2342 remotissimis:
574 2316 740 2354 semper,
769 2304 971 2342 exstinctis
996 2302 1094 2350 illis,
1127 2304 1293 2353 peritura
1321 2308 1400 2340 erat
1424 2303 1629 2340 amoenitas
1651 2302 1760 2351 agri.
1821 2315 1897 2341 non

257 2373 416 2425 flamina
446 2373 581 2424 fontes
615 2373 711 2410 coni.
753 2370 1095 2420 Lindenbrucliius,
1130 2370 1392 2419 Boxhornius,
1423 2370 1594 2419 Tollius,
1628 2374 1781 2420 propter
1806 2383 1896 2408 ver-

258 2455 336 2479 sum
371 2444 436 2479 18.
476 2441 586 2492 idque
624 2441 760 2491 probat
793 2439 1099 2484 Wernsdorfius,
1142 2440 1283 2489 recepit
1324 2438 1542 2478 Putschius.
1603 2439 1651 2477 Et
1684 2438 1896 2477 Wakefiel-

260 2510 342 2548 dius
374 2509 417 2547 ad
450 2508 606 2550 Lucret.
638 2508 668 2549 Ι.
703 2512 797 2548 291.
837 2512 900 2547 aut
929 2507 1001 2547 hoc
1032 2508 1115 2546 loco
1145 2508 1307 2559 fontes,
1351 2511 1414 2545 aut
1454 2518 1566 2544 versu
1605 2509 1666 2546 18.
1703 2506 1896 2546 montibus

258 2578 510 2629 reponendum
541 2590 629 2616 esse
661 2578 762 2616 dicit.
820 2578 905 2626 Ego
940 2589 1030 2616 vero
1064 2589 1137 2615 non
1169 2575 1365 2624 intelligo,
1398 2588 1462 2613 cur
1494 2575 1700 2627 exaequari
1730 2574 1828 2613 inter
1853 2588 1896 2614 se

258 2647 296 2687 hi
327 2646 400 2686 loci
432 2647 607 2685 debeant.
670 2646 886 2685 siccitatem
918 2647 1161 2696 imprecatur,
1194 2643 1309 2682 semel
1340 2644 1550 2683 fluminibus
1581 2643 1668 2682 alibi
1700 2644 1895 2682 nascenti-

259 2716 353 2764 bus,
385 2714 539 2754 alterum
569 2715 762 2763 fontibus,
794 2715 856 2767 qui
889 2718 994 2753 erant
1025 2715 1060 2752 in
1092 2726 1187 2762 agro
1219 2714 1318 2763 ipso.

344 2852 394 2891 V.
415 2854 478 2892 14.
511 2856 715 2898 RURSUS,
741 2856 800 2889 ET
825 2855 917 2888 HOC
942 2855 1123 2888 ITERUM
1148 2855 1434 2889 REPETAMUS
1459 2856 1497 2888 B.
1524 2855 1561 2889 C.
1607 2862 1729 2888 ursus
1747 2847 1894 2888 Thuan.

262 2924 359 2960 teste
382 2922 575 2961 Lasseno:
609 2921 763 2959 evanuit
786 2920 822 2959 R
852 2919 998 2959 littera.
1031 2926 1069 2958 et
1099 2920 1208 2958 deest
1226 2920 1398 2958 Parisino
1418 2919 1467 2958 ΙΙ.
1500 2931 1727 2970 reperamas
1755 2917 1896 2957 vitiose

260 2989 359 3030 Ven.
391 2989 532 3030 Achat.
595 2989 759 3030 baccare
788 2988 932 3028 Mutin.
1051 2988 1224 3028 Venetae
1254 2988 1396 3028 Achat.
1428 2987 1527 3027 Ruh.
1549 2985 1652 3025 lens.
1670 2985 1895 3036 vicentina,
