2006 3365
502 115 555 155 IN
587 113 805 155 VALERH
838 111 1075 154 CATONIS
1104 111 1286 152 DIRAS.
1650 114 1717 157 97

72 236 183 284 puto,
217 232 251 270 in
283 231 425 270 Medic.
457 231 555 282 apud
589 231 780 269 Heinsium
813 232 851 269 et
871 230 1136 277 Burmannum,
1168 231 1241 267 tum
1272 228 1307 266 in
1331 226 1424 265 meis
1445 225 1568 265 Paris.
1583 224 1715 264 11.1v.

71 300 193 349 Angl.
216 299 334 338 Voss.
358 300 388 338 1.
412 300 444 337 si
468 301 492 338 f.
517 313 548 338 s.
586 301 754 348 August.
788 299 894 338 Mon.
920 297 950 336 Ι.
982 297 1032 336 11.
1065 297 1175 335 Vrat.
1196 297 1225 335 1.
1267 299 1382 336 auris
1405 295 1540 335 Petav.
1565 293 1714 332 Tlman.

72 368 177 407 Med.
200 367 306 407 Leid.
329 372 366 406 et
388 369 480 417 mei,
503 381 596 420 quos
622 368 720 414 dixi,
746 379 894 404 munes:
928 367 997 403 nisi
1022 365 1119 417 quod
1144 366 1179 402 in
1200 364 1393 403 Vossiano
1412 363 1442 403 1.
1469 364 1610 402 diserte
1635 376 1715 401 mo-

72 440 182 475 nente
206 436 372 485 vossio,
407 440 445 474 et
472 437 506 474 in
530 437 649 475 Paris.
670 436 736 474 lll.
758 435 913 486 Anglic.
937 435 1105 473 Lasseno
1137 437 1323 483 testante,
1355 435 1442 473 aris
1470 432 1624 482 legitur.
1669 432 1718 471 Et

71 506 127 543 sie
147 505 297 543 mixtam
317 517 366 542 ex
390 504 549 553 vulgata
574 509 612 544 et
634 505 772 544 Aldina
790 504 1010 552 scripturam
1029 501 1213 551 nonnulli,
1232 502 1300 540 sed
1321 502 1573 547 recentiores,
1595 504 1633 541 et
1653 501 1713 539 in-

71 573 220 611 ferioris
252 572 416 620 ordinis,
450 577 489 612 ut
520 574 692 613 Venetae
727 575 847 610 15⁴4.
883 572 1003 608 1555.
1043 573 1161 607 1558.
1190 569 1307 608 Basil.
1338 573 1459 608 1561.
1490 574 1528 608 et
1557 569 1716 609 Pithoe-

71 654 137 690 us,
170 640 448 680 exhibuerunt:
504 643 552 682 Si
588 644 714 680 atinus
746 639 840 677 haee
870 639 926 678 N.
959 639 1039 677 cuis
1076 638 1150 689 inf.
1184 639 1274 676 aris.
1334 636 1414 676 Sed
1446 639 1715 677 restituendum

72 714 153 748 erat
184 709 271 748 illud
306 723 356 748 ex
388 710 495 749 libris
527 709 815 761 probatissimae
847 706 955 754 fidei,
985 707 1085 745 haee
1116 727 1169 734 ·-—-
1202 708 1340 751 auris.
1380 711 1572 756 assumpta
1602 719 1716 757 prae-

70 778 171 816 clara
202 779 349 816 lleinsii
383 780 617 817 correctione
647 784 742 816 τιιαε
775 788 842 826 pro
875 787 942 817 60,
976 773 1074 827 quod
1105 775 1140 813 in
1172 774 1280 813 libris
1310 776 1370 813 est
1394 774 1587 823 omnibus,
1618 780 1716 815 tuis.

71 846 121 885 Ut
154 851 214 885 est
246 859 266 885 a
296 860 354 886 me
385 848 595 885 restitutum
635 845 669 883 in
702 844 839 883 Museo
871 842 1078 893 Rhenano,
1118 855 1225 895 quum
1264 843 1311 882 de
1347 843 1504 883 Battaro
1545 843 1716 882 dissere-

71 915 174 961 bam,
211 920 248 955 et
279 928 301 954 a
332 913 537 960 Putsehio,
571 914 632 965 qui
665 917 784 952 tamen
817 913 867 951 ita
897 911 992 951 haee
1023 910 1081 950 edi
1115 912 1285 951 curavit:
1318 919 1411 952 tuas
1444 914 1483 950 in
1511 913 1716 964 fundimus

69 998 205 1023 (mres.
258 983 378 1021 Valde
409 981 657 1021 memorabilis
690 981 795 1019 locus
826 992 884 1029 eo,
917 980 1013 1032 quod
1046 979 1309 1031 interpolatum
1340 992 1429 1019 esse
1460 993 1481 1019 a
1512 993 1616 1019 manu
1649 993 1715 1019 sa-

69 1053 120 1091 tis
151 1053 302 1104 antiqua
334 1055 450 1102 patet.
512 1050 670 1090 Scilicet
701 1062 808 1102 quum
839 1049 989 1087 falleret
1019 1048 1208 1087 librarium
1246 1050 1399 1102 antiqua
1429 1050 1547 1088 forma
1578 1053 1714 1093 auris,

68 1128 163 1160 tuas
196 1124 368 1159 mutatum
401 1123 461 1159 est
492 1121 526 1158 in
557 1123 664 1169 tecisg
697 1119 830 1157 deinde
861 1119 907 1157 ab
939 1118 1023 1156 aliis
1055 1120 1169 1157 auris
1202 1118 1238 1156 in
1259 1120 1370 1168 aris;
1403 1118 1562 1171 denique
1587 1131 1717 1157 rursus

68 1189 116 1227 ab
148 1189 233 1228 aliis
263 1191 363 1228 haee
394 1190 429 1227 in
460 1190 547 1228 heu.
667 1187 866 1226 Sententia
897 1187 1136 1238 planissima:
1169 1187 1202 1224 si
1234 1187 1354 1225 minus
1381 1187 1580 1238 Neptunus
1611 1188 1715 1225 acei-

71 1259 126 1309 pit
160 1257 253 1297 haec
283 1261 375 1296 vota
407 1260 554 1306 nostra,
587 1260 647 1306 tu,
680 1270 702 1296 0
736 1257 911 1306 Battare‚
954 1258 1013 1295 fac
1052 1260 1090 1295 ut
1121 1255 1186 1294 illa
1226 1267 1337 1294 curae
1375 1255 1453 1294 sint
1490 1255 1715 1294 fluminibus.

67 1331 219 1375 minus,
253 1329 291 1365 ut
321 1326 432 1372 alibi,
465 1328 546 1364 sere
578 1327 670 1364 idem
704 1325 829 1373 valet,
863 1325 957 1376 quod
992 1326 1148 1374 negatio
1179 1323 1354 1375 simplex.
1386 1324 1531 1363 Noster
1561 1324 1642 1363 Eel.
1678 1338 1714 1363 v.

72 1397 139 1433 7⁴.
172 1396 359 1449 nmnqm'd
391 1395 509 1433 minus
541 1409 665 1435 aurea
693 1390 854 1448 promo?
887 1394 919 1431 id
954 1397 1035 1442 est,
1067 1407 1141 1432 non
1173 1406 1312 1434 aurea.
1402 1392 1451 1432 Et
1481 1393 1715 1432 Heinsianae

71 1464 218 1515 quidem
251 1464 521 1502 emendationis
552 1464 819 1515 praestantiam
852 1463 961 1501 etiam
996 1461 1235 1500 Eichstadius
1267 1464 1540 1512 perspexerat,
1575 1463 1633 1514 qui
1654 1463 1717 1501 hei

72 1533 192 1580 legit,
227 1545 296 1570 non
328 1533 451 1577 haee,
484 1533 668 1584 aliumque
700 1532 770 1570 loci
804 1543 959 1579 nexum,
991 1530 1097 1568 aliam
1129 1529 1352 1569 sententiam
1384 1531 1510 1569 insert.
1556 1531 1604 1569 Et
1629 1543 1714 1581 per-

71 1604 255 1650 spexerat
287 1600 593 1645 Wernsdorfius,
635 1601 701 1638 sed
735 1602 848 1639 mutat
879 1599 1119 1645 sententiam,
1162 1600 1357 1651 tentatque
1394 1597 1517 1650 aliud,
1561 1600 1595 1637 in
1631 1600 1715 1638 Ad-

72 1669 228 1717 (lendis,
261 1668 368 1707 Poet.
402 1668 483 1707 Lat.
516 1668 611 1707 Min.
643 1668 715 1707 To.
748 1668 817 1706 lv.
850 1668 892 1707 P.
926 1666 975 1706 ΙΙ.
1008 1680 1046 1718 p.
1078 1670 1174 1706 829.

156 1737 357 1777 Ciceronis
389 1736 531 1779 locum,
564 1738 611 1776 de
643 1737 804 1777 Oratore
835 1737 886 1775 ΙΙ.
921 1748 1110 1775 Lxxxvu.
1155 1741 1196 1775 ut
1234 1736 1298 1775 illi
1337 1749 1412 1776 non
1451 1737 1645 1776 infundere
1677 1737 1714 1776 in

70 1818 179 1844 aures
220 1810 304 1845 tuas
343 1809 576 1852 orationem,
622 1807 696 1845 sed
735 1810 773 1845 in
813 1808 940 1845 animo
981 1806 1197 1845 videantur
1235 1805 1479 1845 inscribere:
1526 1805 1620 1844 idem
1652 1806 1714 1845 ille

71 1875 254 1912 Heinsius
286 1875 456 1914 eontulit.
508 1875 612 1914 Alibi
641 1887 711 1913 non
740 1874 849 1914 t‘aeile
882 1874 954 1913 hoc
985 1874 1156 1920 obvium,
1191 1875 1402 1927 infundere
1432 1878 1470 1913 in
1502 1885 1644 1924 ames3
1677 1878 1715 1914 et

72 1944 249 1981 incertum
282 1949 364 1988 est,
398 1948 514 1983 utrum
540 1944 635 1983 Cato
660 1943 872 1994 Neptunum
906 1942 1006 1982 nolle
1037 1942 1185 1989 audire,
1217 1954 1264 1981 an
1294 1941 1367 1982 hoc
1397 1943 1608 1992 significet,
1641 1955 1713 1982 non

72 2016 302 2062 perventura
334 2025 422 2050 esse
453 2013 497 2050 ad
531 2025 641 2050 aures
672 2013 839 2062 Neptuni
872 2016 981 2050 vota:
1015 2012 1081 2050 sed
1114 2010 1202 2050 illud
1233 2012 1356 2060 magis
1386 2011 1599 2062 probabile.
1647 2012 1714 2050 Si-

72 2079 169 2117 milia
208 2084 313 2128 sunt,
351 2081 447 2131 apud
488 2081 678 2127 Plautum,
721 2081 815 2120 Non
849 2102 897 2107 —
937 2088 1009 2120 cua
1041 2081 1152 2120 dicta
1189 2093 1291 2120 nune
1329 2082 1369 2119 in
1406 2094 1528 2121 aures
1564 2083 1714 2133 recipio

73 2146 223 2187 Cistell.
257 2148 304 2187 ll.
339 2165 362 2197 ι,
396 2152 462 2188 34.
504 2150 601 2200 apud
636 2149 855 2199 Virgilium,
897 2150 977 2189 Cur
1006 2163 1092 2189 mea
1122 2150 1235 2188 dicta
1265 2157 1385 2201 neqac
1417 2149 1542 2189 duras
1576 2150 1714 2189 demit-

72 2223 155 2255 lere
185 2221 223 2255 in
253 2220 392 2266 auris,
425 2219 526 2257 Aen.
546 2218 615 2257 IV.
650 2222 743 2256 428.
778 2222 816 2257 et
846 2217 892 2257 de
923 2232 995 2270 quo
1027 2219 1153 2257 statim
1184 2218 1350 2257 dicturus
1382 2231 1484 2265 sum,
1515 2220 1716 2259 immittere

74 2288 112 2323 in
144 2299 277 2324 (mres.
394 2287 493 2325 Idem
527 2289 705 2326 Heinsius
744 2288 790 2326 de
822 2286 1020 2326 insolentia
1051 2287 1249 2335 dictionis,
1287 2287 1533 2339 infundimus
1565 2301 1710 2337 aures,

74 2354 213 2391 onnissa
246 2355 358 2392 semel
394 2357 699 2406 prxwpositione,
733 2356 886 2394 brevem
918 2355 1206 2394 admonitionem
1236 2355 1354 2406 fecit,
1387 2357 1492 2395 cuius
1523 2368 1595 2395 una
1626 2369 1711 2407 par-

75 2421 187 2461 ticula
227 2423 311 2459 sive
345 2423 538 2462 Burmanni
578 2426 663 2463 sive
703 2436 896 2474 operarum
936 2423 1173 2473 negligentia
1215 2436 1284 2463 suo
1322 2428 1421 2464 mota
1459 2424 1567 2476 loco,
1607 2426 1713 2464 eius-

75 2491 231 2541 demque
265 2489 410 2528 lleinsii
442 2493 485 2530 ad
521 2505 669 2531 versum
702 2496 767 2531 55.
800 2493 1044 2544 disputationi
1074 2495 1222 2532 attexta
1253 2496 1325 2532 est.
1379 2493 1442 2532 Ac
1471 2495 1587 2544 primo
1620 2506 1712 2532 con-

76 2562 149 2598 fert
179 2559 385 2609 exemplum
418 2560 536 2610 ipsius
568 2562 724 2601 Catonis
755 2562 897 2611 nostri,
930 2574 968 2600 v.
1004 2564 1097 2600 108.
1132 2561 1233 2609 (Ε61.
1266 2563 1324 2612 5.)

589 2643 658 2667 vos
689 2643 790 2668 nunc
820 2630 961 2669 arridet
991 2631 1144 2669 ocellis.

77 2697 226 2736 Deinde
257 2697 421 2735 eumdem
453 2710 555 2735 usum
587 2699 709 2746 cerni,
741 2698 803 2736 vel
835 2698 996 2737 eamdem
1026 2698 1288 2749 insolentiam,
1319 2699 1356 2738 in
1387 2700 1506 2739 verbo
1538 2699 1713 2738 incidere

77 2766 363 2812 animadvertit,
405 2778 474 2817 qua
507 2765 552 2803 de
583 2778 622 2804 re
653 2779 694 2804 se
725 2768 843 2817 ipsum
883 2768 927 2805 ad
961 2767 1075 2806 Ovid.
1108 2768 1273 2807 Halieut.
1304 2782 1343 2806 v.
1381 2772 1441 2806 10.
1485 2772 1522 2807 et
1552 2768 1711 2806 lun-tum

77 2835 125 2871 ad
159 2834 373 2883 Synnnacli.
416 2834 498 2872 Lib.
531 2833 580 2872 11.
613 2835 684 2885 Ep.
716 2838 781 2874 22.
823 2839 860 2874 et
891 2835 974 2875 Lib.
1008 2835 1057 2873 V.
1090 2836 1161 2886 Ep.
1193 2840 1258 2876 85.
1300 2837 1436 2875 laudat.
1498 2836 1711 2885 Symmachi

80 2902 264 2953 exemplis
296 2904 405 2943 etiam
438 2902 719 2940 Wernsdortius
750 2904 884 2951 utitur,
923 2917 1049 2955 parum
1080 2905 1330 2943 considerate.
1391 2905 1533 2956 Quodsi
1563 2904 1608 2941 de
1639 2903 1712 2943 hoc

80 2983 148 3009 usu
180 2983 251 3009 non
283 2971 457 3009 meliores
489 2969 711 3020 Symmacho
742 2976 916 3011 auctores
946 2975 1193 3021 testarentur,
1230 2975 1400 3023 protecto
1432 2973 1710 3011 subscriberem

146 3051 299 3082 Valerius
321 3051 415 3083 Cato.
1408 3044 1439 3086 '7
