2006 3365
496 173 625 215 VITA
659 173 891 215 CATONIS
924 173 993 214 ET
1030 173 1279 216 SCRIPTA.
1615 177 1715 222 255

82 289 248 329 Athenis
280 294 426 337 natus,
459 302 603 340 {seuere
638 290 907 336 (lamminas,
940 289 1148 339 eSicilia,
1181 293 1218 329 et
1235 290 1315 328 sim.
1375 290 1425 330 Et
1448 287 1521 328 hoc
1546 288 1715 342 quidem,

81 371 130 397 ex
174 357 314 397 Gallia
360 358 480 396 l'uisse
526 357 729 404 Catonem,
773 357 972 395 communis
1020 358 1170 396 videtur
1207 359 1362 397 omnium
1401 358 1527 410 opinio
1573 358 1714 396 ruisse:

81 438 185 477 quam
216 427 340 464 statim
372 426 482 465 infert
514 427 719 466 Suetonius
752 425 1018 463 dubitationem
1051 428 1088 464 et
1110 427 1430 476 controversiam,
1462 439 1533 479 quo
1565 426 1715 474 ordine,

81 494 329 532 libertinusne
360 507 404 532 an
438 496 625 543 ingenuus
665 494 799 541 suerit,
842 506 885 531 ea
926 506 995 531 non
1039 497 1188 543 spectat
1226 494 1270 532 ad
1310 496 1478 545 patriam.
1540 494 1717 534 Galliam

79 568 200 601 autem
232 561 440 601 Suetonius
472 563 570 600 dixit
613 561 706 600 haud
747 562 858 600 dubie
898 561 1052 600 Galliam
1094 559 1321 611 Cisalpinam
1359 564 1444 602 sive
1484 564 1715 612 citeriorem,

78 632 228 682 antiqua
258 630 432 683 loquendi
465 631 750 671 consuetudine.
813 628 862 668 Ut
893 629 987 668 idem
1019 641 1125 680 quum
1159 629 1207 667 de
1238 630 1293 669 M.
1314 631 1483 669 Antonio
1516 630 1716 681 Gnipllonc

79 700 210 738 scribit
240 699 381 739 Illustr.
423 700 488 739 Gr.
531 716 602 738 v11.
643 701 860 751 inqemms,
902 699 941 735 in
981 697 1122 736 Gallia
1163 705 1315 747 natas,
1362 700 1436 738 secl
1475 702 1716 751 exposilets5

79 769 241 806 eamdem
265 768 360 806 baud
393 769 506 807 dubie
526 767 682 807 Galliam
714 766 906 815 intelligit.
968 764 1038 818 Qui
1071 768 1195 804 terrae
1227 769 1369 806 tractus
1400 769 1440 806 ut
1470 770 1609 806 mature
1633 772 1717 807 stu-

78 837 139 875 dia
172 837 313 887 recepit
348 838 610 887 grfflmnatica,
650 836 696 874 de
727 848 798 888 quo
832 835 1035 874 Suetonius
1068 846 1151 885 cap.
1186 850 1243 874 111.
1289 838 1429 874 mature
1460 836 1588 886 coepit
1618 836 1718 874 bona

79 906 252 954 ingenia,
295 909 428 957 poetas
460 918 629 957 quoque,
669 907 852 955 prolerre.
914 902 1041 941 Veluti
1075 902 1268 943 Caecilius
1299 903 1469 953 Statius,
1501 904 1718 943 comoedia-

79 987 153 1012 rum
186 976 372 1026 scriptor,
414 973 543 1013 Gallus
575 974 644 1012 suit
675 985 724 1012 ex
757 972 1001 1019 Insubribus,
1048 975 1147 1011 teste
1180 972 1344 1012 Eusebio
1377 972 1438 1011 vel
1470 973 1719 1023 Hieronymo.

79 1042 185 1096 Quod
218 1045 250 1082 si
292 1056 443 1092 vermn,
492 1047 530 1081 ut
561 1043 737 1082 rationem
770 1041 961 1079 dubitandi
994 1038 1172 1079 habemus
1205 1041 1362 1090 nullam,
1405 1053 1575 1081 caussam
1608 1044 1718 1080 tene-

78 1125 158 1151 mus
189 1113 450 1163 praecipuam,
494 1123 558 1150 cur
588 1111 719 1150 malus
751 1117 891 1149 auctor
924 1109 1165 1149 Latinitatis
1199 1112 1337 1159 fuerit,
1374 1111 1495 1150 iudice
1534 1108 1720 1150 Cicerone

77 1181 201 1231 Epist.
232 1181 276 1220 ad
310 1181 393 1220 Att.
426 1179 514 1219 VH.
549 1195 606 1217 ιιι.
676 1178 735 1220 Cf.
780 1180 883 1217 Brut.
925 1193 1067 1216 Lxxw.
1107 1179 1333 1217 memorabili
1373 1179 1483 1228 loco,
1525 1179 1588 1217 ubi
1623 1179 1719 1218 bar-

80 1251 215 1290 baries
248 1251 467 1289 ‹loncestiea
512 1249 557 1287 ad
590 1248 794 1289 Caecilium
826 1248 983 1286 maxime
1015 1251 1190 1299 spectare
1222 1248 1384 1286 videtur.
1446 1247 1576 1287 Gallus
1609 1249 1718 1286 etiam

79 1319 149 1358 suit
190 1319 322 1357 Furius
362 1317 594 1367 Bibaculus,
634 1317 666 1355 si
715 1317 808 1356 [ides
847 1318 950 1355 recte
992 1316 1196 1355 emendatis
1235 1330 1257 1355 a
1296 1316 1471 1356 Bentleio
1504 1316 1647 1356 Acroni
1681 1320 1720 1357 et

79 1387 281 1438 luterpreti
313 1386 526 1439 Cruquiauo
559 1386 603 1424 ad
637 1385 768 1424 Horat.
802 1385 923 1424 Serm-
955 1385 985 1423 Ι.
1024 1401 1064 1424 x.
1108 1388 1174 1424 36.
1236 1386 1493 1436 Hieronymus
1524 1387 1558 1424 in
1592 1384 1718 1425 Chro-

79 1457 175 1495 nicis
206 1456 434 1495 Eusebianis
464 1468 498 1494 a.
532 1453 845 1495 MDCCCCXV.
907 1454 972 1493 M.
1005 1455 1153 1495 Furius
1199 1455 1329 1495 Poeta
1359 1460 1608 1507 coynomento
1639 1455 1718 1494 Bi·-

82 1526 250 1564 baculus
283 1523 491 1563 Cremonae
530 1527 726 1563 RHSCMIII‘·

166 1594 241 1632 Hic
272 1595 388 1643 igitur
419 1592 533 1641 Cato,
566 1594 637 1631 etsi
671 1604 817 1642 semper
847 1594 935 1643 apto
967 1592 1012 1630 ad
1045 1591 1163 1630 bonas
1187 1594 1288 1631 artes
1310 1592 1465 1641 ingenio
1488 1591 1719 1631 litterarum-

80 1675 152 1714 que
183 1675 204 1700 a
235 1674 351 1713 puero
383 1662 483 1700 nullo
516 1665 681 1712 tempore
714 1661 813 1699 rudis
847 1661 936 1710 suit,
979 1663 1098 1699 tamen
1140 1673 1211 1698 non
1244 1673 1395 1711 semper
1426 1662 1492 1700 fuit
1524 1659 1719 1700 Gramma-

80 1732 199 1781 ticus,
232 1743 352 1783 neque
385 1732 500 1782 prima
536 1734 661 1769 aetate
692 1742 779 1776 sua,
820 1733 1015 1782 antequam
1048 1734 1184 1767 exutus
1216 1733 1276 1768 est
1318 1730 1538 1780 patrimonio
1571 1729 1718 1769 Sullani

81 1801 260 1851 temporis
292 1799 462 1849 licentia,
496 1801 531 1838 in
562 1802 716 1839 mentem
750 1799 906 1837 venisse
936 1799 1036 1837 bono
1068 1796 1202 1838 Catoni
1234 1802 1344 1849 puto,
1377 1811 1532 1851 unquam
1565 1800 1660 1849 fore,
1681 1802 1721 1839 ut

81 1881 211 1907 munus
249 1869 466 1919 susciperet
506 1869 794 1919 professorium.
863 1867 1013 1918 Prima,
1056 1880 1161 1920 quam
1200 1867 1308 1916 dic0,
1353 1869 1480 1906 aetate
1519 1880 1587 1906 sua
1626 1881 1719 1920 quos

82 1939 351 1988 praeceptores
396 1936 592 1985 habuerit,
633 1938 850 1987 ignoratur,
892 1936 958 1974 sed
998 1948 1069 1974 non
1101 1939 1295 1986 expertem
1327 1936 1531 1975 studiorum
1564 1935 1719 1975 Galliam

85 2007 202 2044 l'uisse
233 2008 472 2044 monstratum
503 2009 583 2055 est3
630 2019 736 2058 quam
776 2005 897 2056 ampla
928 2005 1067 2043 fuerint
1099 2003 1255 2044 Catonis
1287 2004 1430 2048 studia,
1464 2017 1514 2044 ex
1545 2006 1720 2044 carmini-

84 2075 155 2113 bus
188 2075 268 2112 cius
300 2075 518 2112 metiendum
565 2080 642 2118 est,
691 2086 785 2127 quae
824 2074 869 2112 ad
908 2073 1005 2112 hanc
1044 2077 1204 2112 aetatem
1235 2075 1438 2124 pertinent.
1499 2073 1604 2127 Quae
1635 2074 1720 2113 mihi

85 2143 301 2191 diligentem
334 2143 511 2181 honorum
544 2144 789 2193 scriptorum,
823 2146 1014 2194 poetarum
1045 2142 1226 2190 maxime,
1258 2142 1436 2181 lectorem
1468 2143 1629 2193 prodere
1660 2143 1721 2181 vi-

86 2212 238 2261 dentur3
272 2210 417 2260 Ecloga
448 2213 604 2250 maxime
635 2214 781 2263 poetam
813 2212 925 2250 multa
957 2223 1034 2250 cum
1066 2210 1263 2262 voluptate
1295 2213 1328 2250 in
1362 2211 1500 2250 sabulis
1530 2214 1719 2251 versatum

87 2293 176 2320 esse
207 2280 384 2318 ostendit.
446 2281 577 2332 Neque
609 2281 752 2319 nimium
785 2282 949 2333 cuiquam
981 2279 1193 2328 videbitur,
1226 2280 1321 2332 quod
1356 2279 1553 2319 Homerum
1584 2280 1718 2319 lectum

87 2349 221 2389 Catoni
254 2362 340 2387 esse
372 2351 562 2388 statuerim
594 2350 638 2388 ad
674 2350 753 2389 Ecl.
788 2352 852 2388 72.
912 2349 1021 2389 Talia
1052 2353 1125 2388 tum
1157 2348 1269 2398 lusit,
1303 2361 1375 2388 non
1407 2352 1477 2388 tam
1510 2349 1629 2388 laudis
1651 2362 1719 2389 cu·-

87 2420 264 2470 piditate,
299 2431 402 2470 (piam
435 2419 598 2467 ingenuo
629 2420 723 2458 artis
754 2432 879 2458 amore
905 2420 1101 2470 poeticae,
1135 2421 1172 2456 et
1204 2418 1299 2470 quod
1332 2419 1514 2467 sentiret,
1545 2419 1718 2470 quicquid

86 2489 215 2537 angit,
262 2491 325 2526 aut
361 2487 432 2525 alio
470 2489 575 2526 modo
609 2491 818 2528 commovet
860 2491 1038 2539 pectora,
1076 2488 1112 2526 in
1150 2487 1377 2526 carminibus
1418 2487 1555 2538 deponi
1587 2488 1720 2526 iucun-

88 2557 256 2595 dissime.
318 2555 424 2594 Lusit
452 2561 571 2594 autem
604 2569 782 2606 securus,
815 2569 887 2595 non
921 2557 1114 2595 abundans
1147 2555 1315 2605 divitiis,
1347 2556 1414 2595 sed
1448 2558 1595 2595 fortuna
1626 2557 1720 2595 satis

88 2625 288 2664 luculenta.
350 2624 442 2662 Nam
482 2624 615 2663 lautum
654 2627 771 2665 luisse
815 2626 1067 2677 patrimonium
1105 2624 1215 2670 illud,
1259 2624 1343 2675 ipse
1383 2623 1480 2664 Cato
1521 2626 1631 2664 testis
1662 2628 1722 2663 est

88 2694 215 2743 Diris,
255 2707 326 2745 quo
360 2694 520 2731 carmine
551 2694 645 2746 quod
678 2695 849 2733 amissum
895 2694 1067 2745 deplorat
1107 2694 1325 2744 praedium,
1366 2693 1455 2732 illud
1501 2694 1619 2744 ipsum
1652 2706 1721 2744 pa-

89 2763 293 2802 trimonium
314 2775 425 2812 csse,
457 2762 503 2801 de
534 2774 605 2814 quo
628 2762 860 2814 Suetonius,
892 2763 952 2802 vel
986 2766 1127 2814 partem
1151 2762 1234 2802 eius
1261 2763 1469 2815 patrimonii
1494 2763 1721 2813 primariam,

91 2831 269 2871 convenit
300 2831 396 2870 inter
426 2842 568 2869 omnes.
627 2831 711 2870 Fuit
741 2835 860 2872 autem
890 2833 1079 2884 praedium
1124 2831 1217 2882 hoc,
1258 2834 1297 2871 ut
1328 2844 1378 2870 ex
1409 2831 1513 2870 Diris
1543 2836 1720 2882 apparet,

92 2911 162 2938 non
203 2899 471 2940 contemnenda
509 2900 789 2950 magnitudine,
835 2903 873 2941 et
917 2901 1013 2954 quod
1053 2899 1172 2939 aleret
1213 2912 1496 2952 possessorem,
1536 2903 1573 2938 et
1609 2899 1722 2940 valde

92 2980 303 3019 amoenum,
343 2970 375 3007 si
415 2968 506 3007 tides
538 2968 699 3007 domino.
757 2968 830 3008 Ubi
872 2971 1000 3020 fucrit,
1045 2982 1115 3008 non
1158 2970 1314 3008 traditur
1346 2969 1508 3017 diserte,
1551 2980 1670 3021 neque
1700 2981 1722 3008 a

95 3036 297 3091 Suetonio,
341 3050 462 3092 neque
499 3050 521 3077 a
551 3036 721 3089 Catone,
767 3051 817 3077 ex
860 3051 932 3090 quo
975 3038 1048 3078 hoc
1088 3042 1224 3079 tantum
1266 3037 1533 3087 cognoscitur,
1580 3038 1720 3090 primo,
