2006 3365
441 173 511 213 DE
544 173 768 214 VlRGILIl
800 171 897 213 LIB·
927 172 1217 214 IUVENALIS
1249 171 1384 213 LUDI.
1635 177 1733 222 241

179 288 313 341 Neque
335 289 506 328 Aetnam
528 290 678 328 constat
707 300 862 340 unquam
886 288 1007 328 fuisse
1030 289 1065 327 in
1090 288 1283 328 Iuvenalis
1306 289 1403 328 Ludi
1434 288 1576 328 libello.
1637 289 1733 329 For-

96 361 200 397 tasse
225 359 375 396 Aetnae
406 357 454 395 ab
479 358 642 409 antiquis
674 358 760 396 inde
792 356 1023 407 temporibus
1054 369 1141 396 sors
1171 359 1261 406 suit,
1295 370 1366 397 non
1399 361 1437 397 ut
1468 370 1546 396 cum
1579 356 1735 409 Culice,

94 426 198 466 Diris
230 431 301 464 etc.
335 425 401 463 scd
435 430 474 464 ut
503 429 566 464 aut
598 438 767 464 scorsum
807 424 1060 472 scriberetur,
1101 428 1164 464 aut
1205 438 1283 464 cum
1326 424 1403 466 Ciri
1444 428 1483 466 et
1523 424 1731 466 Catalectis

93 494 388 542 coniungeretur
419 505 463 531 ac
494 494 738 532 scriberetur.
800 492 881 545 Qua
919 495 1036 532 forma
1078 493 1241 531 codicem
1273 494 1500 545 descriptum
1532 494 1732 545 diligentia

92 562 269 601 Passovii
307 561 449 610 liabeo,
490 562 830 601 wratislaviensem
862 560 929 599 111.
991 561 1129 599 Ε3110111
1171 562 1288 600 forma
1325 575 1445 612 penes
1486 564 1729 615 Pomponium

91 631 210 669 fuisse
249 630 414 669 codicem
448 632 677 681 suspiceris,
712 643 762 668 ex
793 642 864 682 quo
896 631 1005 667 aucta
1035 630 1148 667 editio
1180 629 1358 668 Romana.

178 684 482 738 Commemorabo
514 701 622 738 etiam
648 699 719 737 hoc
742 698 824 736 loco
846 699 1028 748 Elegsiam
1051 699 1090 735 in
1114 697 1375 737 IlIaecenatis
1398 698 1553 738 obitum.
1614 699 1732 752 Quam

90 771 243 819 praeter
274 780 341 806 eos
372 767 509 817 libros⁷
542 781 635 820 quos
666 768 760 805 inl'ra
792 767 897 805 Diss.
922 765 990 804 IV.
1008 767 1236 814 recensebo,
1270 779 1320 805 ex
1350 765 1409 805 1113
1430 779 1580 818 qnorum
1606 767 1730 807 haheo

90 837 279 884 notitiam,
315 837 388 875 etsi
420 849 564 875 carmen
597 837 716 885 ipsum
748 847 820 873 non
854 833 1017 881 contuli,
1050 833 1190 872 habent
1220 835 1403 873 Vossiani
1428 835 1478 874 N.
1506 839 1572 875 81.
1606 834 1728 876 Catal.

89 918 129 956 p.
169 909 264 944 389.
306 905 354 944 Ν.
394 908 460 944 96.
501 903 626 944 Catal.
665 916 702 954 p.
745 906 839 941 390.
882 907 919 941 et
959 902 1279 942 Vratislaviensis
1322 902 1392 942 111.
1453 903 1495 942 In
1537 904 1730 944 Vossiano

88 973 137 1012 N.
165 977 231 1013 81.
259 977 347 1024 post
371 973 557 1021 Culicem,
592 980 847 1015 DEFLERAM
873 980 1066 1013 IUVENIS
1097 974 1210 1012 tristi
1233 974 1306 1011 etc.
1332 972 1416 1010 sine
1439 971 1560 1011 titulo.
1624 971 1732 1011 Vos-

89 1042 184 1080 siani
219 1044 284 1081 96.
318 1042 378 1094 qui
413 1054 506 1079 unus
538 1044 597 1080 est
628 1053 775 1089 eorum,
810 1052 906 1092 quos
937 1040 981 1079 ad
1017 1040 1088 1079 1100
1112 1052 1257 1079 carmen
1283 1039 1517 1079 Burmannus
1547 1040 1729 1090 adhibet,

89 1109 184 1148 113110
215 1124 265 1148 ex
304 1110 441 1149 litteris
482 1108 604 1148 Geelii
643 1109 796 1148 brevem
835 1109 1124 1159 descriptionem
1167 1108 1276 1147 daho.
1340 1108 1527 1161 Quaedam
1561 1110 1732 1150 continet

89 1178 289 1218 Ovidiana.
333 1182 431 1218 tum:
474 1179 555 1217 Hic
596 1181 790 1231 incipiant
829 1179 1026 1232 opuscula
1064 1177 1114 1216 P.
1148 1178 1339 1218 Maronis
1381 1177 1510 1229 Eteyo
1541 1182 1731 1218 carmine.

88 1247 239 1299 Incipit
272 1246 482 1286 Maecenas
517 1246 691 1299 Viryilii.
755 1246 1018 1298 Subscriptum
1044 1250 1123 1286 est:
1156 1247 1264 1285 Finit
1286 1247 1418 1298 eleyia
1445 1246 1607 1298 Virgilii
1628 1247 1731 1286 Ma-

88 1317 198 1355 ronis
240 1319 278 1355 in
317 1317 595 1356 Maecenatem
634 1320 795 1355 inventa
834 1315 884 1355 ab
918 1325 1074 1358 HENOC
1106 1318 1146 1354 in
1185 1316 1337 1354 Dacia.
1399 1314 1572 1355 Publius
1605 1316 1729 1356 Maro

88 1385 138 1424 de
166 1397 260 1424 vero
294 1383 423 1436 (vere)
456 1397 556 1424 novo
581 1384 638 1423 acl
663 1385 859 1423 amasiam
885 1386 1037 1436 incipit.
1105 1383 1297 1436 Virgilius
1324 1384 1380 1423 acl
1403 1383 1565 1438 Copam.
1634 1384 1729 1425 Vir-

87 1453 213 1504 yilias
246 1454 294 1493 de
323 1461 386 1493 est
416 1459 454 1492 et
479 1465 568 1492 non.
600 1453 852 1503 subscriptum
873 1453 972 1505 finit.
1034 1452 1147 1506 Opus
1171 1454 1428 1493 mellitissimi
1462 1454 1651 1494 Maronis
1678 1455 1729 1494 de

87 1524 175 1561 viro
215 1524 406 1575 sapienti.
475 1521 660 1561 Valerius
701 1521 921 1560 Martialis
964 1522 1013 1561 de
1043 1523 1171 1562 culice
1208 1522 1380 1574 Virgilii.
1420 1522 1618 1574 Virqilius
1651 1536 1724 1562 ca-

85 1591 198 1629 licem
229 1593 373 1629 cecinit
404 1603 470 1629 ore
501 1590 594 1628 rudi
618 1589 768 1642 Incipit
795 1590 989 1642 feliciter.
1051 1590 1267 1643 Sequuntur
1286 1589 1359 1629 alia
1380 1590 1558 1643 quaedam
1585 1591 1729 1631 diversi

85 1659 242 1708 generis
275 1663 313 1698 et
344 1658 490 1698 Ovidii.

171 1728 276 1766 llaec
308 1739 403 1779 quae
433 1739 504 1765 non
536 1729 607 1766 tam
637 1727 752 1766 multa
781 1728 954 1778 potuisse
981 1727 1028 1766 ab
1056 1727 1201 1766 editore
1227 1725 1385 1767 Catonis
1414 1729 1632 1779 exspectari
1664 1730 1726 1768 sa-

84 1798 189 1844 teor,
230 1797 395 1835 sortasse
433 1795 531 1835 haud
572 1796 772 1835 iniucunda
812 1797 941 1848 poesis
982 1796 1120 1835 latinae
1156 1797 1336 1846 amatori,
1378 1797 1441 1836 vel
1474 1798 1581 1837 etiam
1622 1799 1727 1838 utilia

83 1869 192 1903 crunt
223 1866 292 1914 iis,
333 1866 394 1917 qui
433 1868 567 1916 postea
611 1868 698 1905 sunt
736 1867 771 1904 in
803 1864 878 1904 11110
898 1866 1106 1911 ,carminum
1137 1877 1285 1914 genere
1318 1865 1568 1915 elaboraturi3
1615 1868 1728 1906 1101113

81 1937 227 1981 autem,
261 1935 295 1971 in
317 1947 390 1972 rem
415 1932 598 1982 Catonis,
633 1933 705 1972 1100
733 1933 882 1982 valent,
918 1936 956 1972 ut
981 1946 1085 1971 nemo
1113 1934 1148 1971 in
1176 1935 1365 1983 posterum
1387 1946 1598 1987 quaerere,
1629 1949 1727 1988 quo-

81 2002 191 2039 modo
224 2002 391 2051 Virgilio
431 2002 599 2041 adscribi
643 2004 833 2052 potuerint
863 2003 1019 2049 Dirae,
1059 2001 1209 2040 debeat.
1272 2002 1416 2054 Quodsi
1448 2003 1484 2041 in
1518 2016 1622 2042 unam
1654 2017 1724 2044 30-

82 2070 254 2109 cie-tatem
287 2069 621 2122 collectionemque
653 2083 732 2109 cum
765 2069 895 2109 Culice
929 2070 1106 2119 Virgilii,
1140 2074 1252 2122 atque
1283 2070 1377 2109 adeo
1402 2071 1437 2109 in
1463 2072 1623 2111 nominis
1655 2086 1724 2112 so-

81 2140 278 2186 cietatem,
323 2143 506 2178 venerunt
537 2138 687 2189 Rosae,
729 2142 767 2178 et
798 2138 897 2177 nullo
928 2139 999 2177 nisi
1031 2139 1216 2177 Prisciani
1256 2139 1409 2178 saeculo
1447 2140 1556 2190 digni
1595 2143 1720 2191 fetus,

80 2207 151 2245 Est
182 2210 220 2245 et
250 2207 357 2255 Non,
392 2207 461 2246 Vir
491 2208 635 2246 bonus:
669 2207 756 2259 quid
789 2208 935 2256 mirum,
977 2208 1008 2245 si
1040 2208 1136 2246 idem
1169 2206 1327 2247 Catonis
1359 2207 1547 2260 reliquiis,
1588 2211 1722 2261 paucis

78 2275 176 2323 illis,
208 2272 420 2315 acciderit?
478 2276 655 2315 Nimirum
687 2289 793 2328 quum
825 2276 1076 2326 decrescere,
1120 2275 1369 2327 praevalente
1399 2279 1617 2329 poetarum,
1660 2281 1722 2332 qui

78 2344 248 2395 Augusti
279 2357 410 2383 aevum
434 2344 743 2394 illustraverunt,
778 2345 972 2394 elegantia
995 2357 1039 2384 ac
1065 2346 1211 2393 nitore,
1245 2346 1451 2385 auctoritas
1474 2347 1720 2399 antiquiorum

76 2417 270 2465 poetarum
303 2415 519 2464 coepisset,
565 2416 687 2454 sactus
719 2417 779 2453 est
809 2413 981 2453 delectus
1014 2415 1211 2452 carminum
1244 2412 1425 2463 Catonis,
1459 2415 1717 2467 complectens

77 2482 191 2521 Diras
222 2485 260 2521 et
290 2494 341 2520 ex
371 2482 494 2532 Lydia
523 2482 618 2521 libro
651 2495 795 2522 carmen
829 2495 958 2521 unum:
992 2494 1072 2521 nam
1105 2482 1166 2521 1110
1197 2483 1321 2522 statim
1347 2483 1546 2535 praecipio
1577 2486 1716 2524 obser-

77 2551 265 2589 vationem
297 2550 483 2600 Iacohsii,
525 2552 586 2604 qui
618 2554 760 2603 primus
791 2552 864 2591 duo
895 2551 955 2590 1113
987 2564 1080 2604 quas
1111 2551 1232 2601 vulgo
1264 2552 1378 2591 Diras
1409 2564 1590 2592 vocamus
1622 2566 1716 2593 con-

77 2620 185 2659 tineri
217 2620 377 2658 earmina
407 2620 682 2661 animadvertit.
744 2621 825 2674 Quo
853 2620 1001 2659 delectu
1033 2622 1134 2659 sacto
1166 2632 1364 2660 rarescere
1401 2624 1609 2672 coeperunt
1640 2635 1715 2661 ex-

77 2688 254 2739 emplaria
285 2688 443 2728 Catonis
475 2689 665 2739 pleniora,
699 2693 737 2730 et
761 2689 951 2741 paullatim
973 2701 1164 2729 evanuere
1193 2690 1365 2741 penitus:
1400 2689 1570 2729 delectus
1592 2692 1713 2730 autem

76 2757 160 2807 ipse
191 2770 298 2809 quum
329 2770 399 2796 non
431 2770 567 2806 niagno
599 2762 705 2797 essct
734 2759 892 2808 ambitu,
925 2771 1046 2812 neque
1077 2771 1145 2810 per
1176 2772 1219 2797 se
1241 2758 1346 2797 solus
1380 2759 1515 2798 iustum
1539 2759 1712 2798 volumen

76 2825 270 2876 expleret,
304 2826 429 2877 paullo
462 2829 549 2877 post
580 2827 615 2864 in
641 2826 898 2866 collectionem
925 2827 1187 2879 opusculorum
1209 2840 1311 2877 eam,
1344 2829 1379 2866 in
1406 2840 1477 2879 qua
1503 2829 1710 2878 primarium

74 2891 289 2943 Virgiliana
313 2895 497 2947 opuscula
518 2895 738 2934 obtinebant
770 2896 911 2945 locum,
945 2896 1072 2936 illatus
1107 2899 1178 2936 est.
1239 2896 1312 2937 Vel
1345 2896 1440 2948 quod
1475 2908 1593 2946 paene
1627 2909 1707 2935 ma-

75 2961 157 3010 lim,
190 2966 313 3003 statim
345 2978 451 3017 quum
477 2967 598 3004 sactus
623 2966 682 3003 est
706 2964 874 3005 delectus
900 2966 1097 3005 carminum
1123 2964 1300 3011 Catonis,
1334 2977 1378 3004 eo
1405 2964 1563 3003 consilio
1587 2967 1708 3005 sactus

76 3035 155 3080 cst,
190 3037 227 3072 ut
257 3035 485 3074 insereretur
516 3034 550 3073 in
582 3033 839 3073 collectionem
871 3034 983 3073 illam.
1045 3035 1168 3084 Igitur
1200 3035 1312 3073 Diras
1351 3046 1430 3071 011111
1473 3032 1627 3083 culice,
1669 3040 1707 3075 et

144 3122 296 3155 Valerius
321 3122 413 3155 Cato.
1373 3105 1437 3148 16
