<?xml version="1.0" encoding="UTF-8"?>
<!DOCTYPE html PUBLIC "-//W3C//DTD XHTML 1.0 Transitional//EN"
    "http://www.w3.org/TR/xhtml1/DTD/xhtml1-transitional.dtd">
<html xmlns="http://www.w3.org/1999/xhtml" xml:lang="en" lang="en">
 <head>
  <title>
</title>
<meta http-equiv="Content-Type" content="text/html;charset=utf-8" />
  <meta name='ocr-system' content='tesseract 3.04.00' />
  <meta name='ocr-capabilities' content='ocr_page ocr_carea ocr_par ocr_line ocrx_word'/>
</head>
<body>
  <div class='ocr_page' id='page_1' title='image "./carmina00catouoft_0312.png"; bbox 0 0 2006 3365; ppageno 0'>
   <div class='ocr_carea' id='block_1_1' title="bbox 309 137 1363 187">
    <p class='ocr_par' dir='ltr' id='par_1_1' title="bbox 309 137 1363 187">
     <span class='ocr_line' id='line_1_1' title="bbox 309 137 1363 187; baseline -0.01 1"><span class='ocrx_word' id='word_1_1' title='bbox 309 143 411 187; x_wconf 79' lang='lat'><em>288</em></span> <span class='ocrx_word' id='word_1_2' title='bbox 900 137 1263 179; x_wconf 80' lang='lat' dir='ltr'>DISSERTATIO</span> <span class='ocrx_word' id='word_1_3' title='bbox 1295 138 1363 178; x_wconf 85' lang='lat' dir='ltr'><em>ln.</em></span> 
     </span>
    </p>
   </div>
   <div class='ocr_carea' id='block_1_2' title="bbox 299 251 1947 3055">
    <p class='ocr_par' dir='ltr' id='par_1_2' title="bbox 300 251 1946 581">
     <span class='ocr_line' id='line_1_2' title="bbox 308 251 1945 306; baseline -0.001 -12"><span class='ocrx_word' id='word_1_4' title='bbox 308 254 475 306; x_wconf 86' lang='lat' dir='ltr'><em>epitheta</em></span> <span class='ocrx_word' id='word_1_5' title='bbox 505 255 577 293; x_wconf 84' lang='lat' dir='ltr'><em>tam</em></span> <span class='ocrx_word' id='word_1_6' title='bbox 608 255 771 303; x_wconf 83' lang='lat' dir='ltr'><em>cognata</em></span> <span class='ocrx_word' id='word_1_7' title='bbox 803 253 1093 303; x_wconf 81' lang='lat' dir='ltr'><em>significatione.</em></span> <span class='ocrx_word' id='word_1_8' title='bbox 1154 251 1196 291; x_wconf 89' lang='lat' dir='ltr'><em>In</em></span> <span class='ocrx_word' id='word_1_9' title='bbox 1227 254 1342 301; x_wconf 88' lang='lat' dir='ltr'><em>meis,</em></span> <span class='ocrx_word' id='word_1_10' title='bbox 1374 252 1589 292; x_wconf 88' lang='lat' dir='ltr'><em>Basileensi</em></span> <span class='ocrx_word' id='word_1_11' title='bbox 1622 256 1660 294; x_wconf 88' lang='lat' dir='ltr'><em>et</em></span> <span class='ocrx_word' id='word_1_12' title='bbox 1682 253 1876 293; x_wconf 87' lang='lat' dir='ltr'><em>Vossiano</em></span> <span class='ocrx_word' id='word_1_13' title='bbox 1894 253 1945 292; x_wconf 90' lang='lat'><em>11.</em></span> 
     </span>
     <span class='ocr_line' id='line_1_3' title="bbox 306 321 1946 374; baseline -0.001 -12"><span class='ocrx_word' id='word_1_14' title='bbox 306 323 456 362; x_wconf 88' lang='lat' dir='ltr'><em>Veneta</em></span> <span class='ocrx_word' id='word_1_15' title='bbox 487 322 610 361; x_wconf 88' lang='lat' dir='ltr'><em>Rubei</em></span> <span class='ocrx_word' id='word_1_16' title='bbox 644 325 682 361; x_wconf 90' lang='lat' dir='ltr'><em>et</em></span> <span class='ocrx_word' id='word_1_17' title='bbox 710 323 942 362; x_wconf 86' lang='lat' dir='ltr'><em>Vicentina:</em></span> <span class='ocrx_word' id='word_1_18' title='bbox 987 322 1194 361; x_wconf 76' lang='lat' dir='ltr'><em>Florentes</em></span> <span class='ocrx_word' id='word_1_19' title='bbox 1226 322 1374 361; x_wconf 81' lang='lat' dir='ltr'><em>viridis</em></span> <span class='ocrx_word' id='word_1_20' title='bbox 1406 323 1552 374; x_wconf 79' lang='lat' dir='ltr'><em>sopliiae</em></span> <span class='ocrx_word' id='word_1_21' title='bbox 1585 321 1722 370; x_wconf 88' lang='lat' dir='ltr'><em>(Basil.</em></span> <span class='ocrx_word' id='word_1_22' title='bbox 1754 326 1794 361; x_wconf 91' lang='lat' dir='ltr'><em>ut</em></span> <span class='ocrx_word' id='word_1_23' title='bbox 1824 321 1946 372; x_wconf 73' lang='lat' dir='ltr'><em>solet,</em></span> 
     </span>
     <span class='ocr_line' id='line_1_4' title="bbox 305 388 1946 445; baseline -0.002 -14"><span class='ocrx_word' id='word_1_24' title='bbox 305 392 447 443; x_wconf 77' lang='lat' dir='ltr'><em>sophie</em></span> <span class='ocrx_word' id='word_1_25' title='bbox 477 390 594 429; x_wconf 88' lang='lat' dir='ltr'><em>Voss.</em></span> <span class='ocrx_word' id='word_1_26' title='bbox 620 390 669 429; x_wconf 91' lang='lat' dir='ltr'><em>Il.</em></span> <span class='ocrx_word' id='word_1_27' title='bbox 702 391 872 445; x_wconf 74' lang='lat' dir='ltr'><em>sophye)</em></span> <span class='ocrx_word' id='word_1_28' title='bbox 906 390 1179 444; x_wconf 76' lang='lat' dir='ltr'><em>complectitur</em></span> <span class='ocrx_word' id='word_1_29' title='bbox 1210 390 1383 430; x_wconf 81' lang='lat' dir='ltr'><em>umbras.</em></span> <span class='ocrx_word' id='word_1_30' title='bbox 1444 390 1599 430; x_wconf 84' lang='lat' dir='ltr'><em>Multum</em></span> <span class='ocrx_word' id='word_1_31' title='bbox 1631 392 1739 430; x_wconf 85' lang='lat' dir='ltr'><em>etiam</em></span> <span class='ocrx_word' id='word_1_32' title='bbox 1771 392 1806 429; x_wconf 89' lang='lat' dir='ltr'><em>in</em></span> <span class='ocrx_word' id='word_1_33' title='bbox 1839 388 1946 430; x_wconf 88' lang='lat' dir='ltr'><em>Culi-</em></span> 
     </span>
     <span class='ocr_line' id='line_1_5' title="bbox 305 459 1946 512; baseline 0 -15"><span class='ocrx_word' id='word_1_34' title='bbox 305 460 360 498; x_wconf 86' lang='lat' dir='ltr'><em>cis</em></span> <span class='ocrx_word' id='word_1_35' title='bbox 400 471 514 498; x_wconf 86' lang='lat' dir='ltr'><em>versu</em></span> <span class='ocrx_word' id='word_1_36' title='bbox 558 463 648 498; x_wconf 66' lang='lat'><em>1⁴2.</em></span> <span class='ocrx_word' id='word_1_37' title='bbox 687 459 907 499; x_wconf 87' lang='lat' dir='ltr'><em>cumulatum</em></span> <span class='ocrx_word' id='word_1_38' title='bbox 948 459 1111 498; x_wconf 86' lang='lat' dir='ltr'><em>colorum</em></span> <span class='ocrx_word' id='word_1_39' title='bbox 1161 462 1244 497; x_wconf 86' lang='lat' dir='ltr'><em>est:</em></span> <span class='ocrx_word' id='word_1_40' title='bbox 1292 459 1544 512; x_wconf 65' lang='lat' dir='ltr'><em>Pingsuntqae</em></span> <span class='ocrx_word' id='word_1_41' title='bbox 1588 460 1775 499; x_wconf 80' lang='lat' dir='ltr'><em>aureolos</em></span> <span class='ocrx_word' id='word_1_42' title='bbox 1817 459 1946 499; x_wconf 83' lang='lat' dir='ltr'><em>viridi</em></span> 
     </span>
     <span class='ocr_line' id='line_1_6' title="bbox 300 527 1405 581; baseline -0.001 -15"><span class='ocrx_word' id='word_1_43' title='bbox 300 528 462 581; x_wconf 87' lang='lat' dir='ltr'><em>pallore</em></span> <span class='ocrx_word' id='word_1_44' title='bbox 493 529 709 581; x_wconf 75' lang='lat' dir='ltr'><em>corymbos.</em></span> <span class='ocrx_word' id='word_1_45' title='bbox 756 542 882 567; x_wconf 84' lang='lat' dir='ltr'><em>verum</em></span> <span class='ocrx_word' id='word_1_46' title='bbox 917 529 968 566; x_wconf 92' lang='lat' dir='ltr'><em>ibi</em></span> <span class='ocrx_word' id='word_1_47' title='bbox 1000 542 1020 567; x_wconf 87' lang='lat' dir='ltr'><em>e</em></span> <span class='ocrx_word' id='word_1_48' title='bbox 1051 539 1093 565; x_wconf 90' lang='lat' dir='ltr'><em>re</em></span> <span class='ocrx_word' id='word_1_49' title='bbox 1125 531 1212 566; x_wconf 91' lang='lat' dir='ltr'><em>sunt</em></span> <span class='ocrx_word' id='word_1_50' title='bbox 1244 527 1405 566; x_wconf 86' lang='lat' dir='ltr'><em>colores.</em></span> 
     </span>
    </p>

    <p class='ocr_par' dir='ltr' id='par_1_3' title="bbox 301 595 1947 925">
     <span class='ocr_line' id='line_1_7' title="bbox 388 595 1946 649; baseline 0 -14"><span class='ocrx_word' id='word_1_51' title='bbox 388 596 546 636; x_wconf 85' lang='lat' dir='ltr'><em>Multum</em></span> <span class='ocrx_word' id='word_1_52' title='bbox 577 597 771 648; x_wconf 89' lang='lat' dir='ltr'><em>dubitavi,</em></span> <span class='ocrx_word' id='word_1_53' title='bbox 814 600 927 649; x_wconf 88' lang='lat' dir='ltr'><em>atque</em></span> <span class='ocrx_word' id='word_1_54' title='bbox 959 600 998 635; x_wconf 91' lang='lat' dir='ltr'><em>ut</em></span> <span class='ocrx_word' id='word_1_55' title='bbox 1029 608 1158 634; x_wconf 85' lang='lat' dir='ltr'><em>verum</em></span> <span class='ocrx_word' id='word_1_56' title='bbox 1191 596 1328 644; x_wconf 89' lang='lat' dir='ltr'><em>dicam,</em></span> <span class='ocrx_word' id='word_1_57' title='bbox 1372 597 1480 635; x_wconf 87' lang='lat' dir='ltr'><em>etiam</em></span> <span class='ocrx_word' id='word_1_58' title='bbox 1512 609 1607 636; x_wconf 89' lang='lat' dir='ltr'><em>nunc</em></span> <span class='ocrx_word' id='word_1_59' title='bbox 1637 596 1768 636; x_wconf 86' lang='lat' dir='ltr'><em>dubito</em></span> <span class='ocrx_word' id='word_1_60' title='bbox 1800 595 1846 634; x_wconf 85' lang='lat' dir='ltr'><em>de</em></span> <span class='ocrx_word' id='word_1_61' title='bbox 1877 596 1946 635; x_wconf 90' lang='lat' dir='ltr'><em>Di-</em></span> 
     </span>
     <span class='ocr_line' id='line_1_8' title="bbox 303 664 1945 719; baseline -0.001 -15"><span class='ocrx_word' id='word_1_62' title='bbox 303 678 423 704; x_wconf 83' lang='lat' dir='ltr'><em>rarum</em></span> <span class='ocrx_word' id='word_1_63' title='bbox 465 678 580 705; x_wconf 87' lang='lat' dir='ltr'><em>versu</em></span> <span class='ocrx_word' id='word_1_64' title='bbox 611 669 676 705; x_wconf 86' lang='lat'><em>21.</em></span> <span class='ocrx_word' id='word_1_65' title='bbox 720 668 756 705; x_wconf 90' lang='lat' dir='ltr'><em>in</em></span> <span class='ocrx_word' id='word_1_66' title='bbox 795 679 866 719; x_wconf 89' lang='lat' dir='ltr'><em>quo</em></span> <span class='ocrx_word' id='word_1_67' title='bbox 909 665 1091 705; x_wconf 77' lang='lat' dir='ltr'>exhibui:</span> <span class='ocrx_word' id='word_1_68' title='bbox 1135 664 1346 716; x_wconf 78' lang='lat' dir='ltr'><em>Purpureo</em></span> <span class='ocrx_word' id='word_1_69' title='bbox 1385 678 1545 718; x_wconf 79' lang='lat' dir='ltr'><em>campos</em></span> <span class='ocrx_word' id='word_1_70' title='bbox 1568 686 1619 691; x_wconf 94' lang='lat'>—</span> <span class='ocrx_word' id='word_1_71' title='bbox 1650 687 1703 693; x_wconf 92' lang='lat'><em>—-</em></span> <span class='ocrx_word' id='word_1_72' title='bbox 1726 686 1778 691; x_wconf 94' lang='lat'><strong>—</strong></span> <span class='ocrx_word' id='word_1_73' title='bbox 1801 665 1945 705; x_wconf 87' lang='lat' dir='ltr'><em>colore.</em></span> 
     </span>
     <span class='ocr_line' id='line_1_9' title="bbox 302 733 1946 787; baseline -0.001 -14"><span class='ocrx_word' id='word_1_74' title='bbox 302 733 470 773; x_wconf 78' lang='lat' dir='ltr'><em>Exhibui</em></span> <span class='ocrx_word' id='word_1_75' title='bbox 503 737 623 774; x_wconf 86' lang='lat' dir='ltr'><em>autem</em></span> <span class='ocrx_word' id='word_1_76' title='bbox 655 740 812 787; x_wconf 78' lang='lat' dir='ltr'><em>propter</em></span> <span class='ocrx_word' id='word_1_77' title='bbox 843 735 964 773; x_wconf 90' lang='lat' dir='ltr'><em>libros</em></span> <span class='ocrx_word' id='word_1_78' title='bbox 1009 735 1214 786; x_wconf 82' lang='lat' dir='ltr'><em>antiquos,</em></span> <span class='ocrx_word' id='word_1_79' title='bbox 1256 746 1408 785; x_wconf 87' lang='lat' dir='ltr'><em>quorum</em></span> <span class='ocrx_word' id='word_1_80' title='bbox 1454 734 1561 773; x_wconf 86' lang='lat' dir='ltr'><em>etiam</em></span> <span class='ocrx_word' id='word_1_81' title='bbox 1607 734 1681 784; x_wconf 88' lang='lat' dir='ltr'><em>illi,</em></span> <span class='ocrx_word' id='word_1_82' title='bbox 1727 734 1763 772; x_wconf 89' lang='lat' dir='ltr'><em>in</em></span> <span class='ocrx_word' id='word_1_83' title='bbox 1810 734 1946 786; x_wconf 92' lang='lat' dir='ltr'><em>quibus</em></span> 
     </span>
     <span class='ocr_line' id='line_1_10' title="bbox 301 801 1947 857; baseline -0.001 -14"><span class='ocrx_word' id='word_1_84' title='bbox 301 803 521 857; x_wconf 78' lang='lat' dir='ltr'><em>Purpurea</em></span> <span class='ocrx_word' id='word_1_85' title='bbox 553 806 638 853; x_wconf 85' lang='lat' dir='ltr'><em>cst,</em></span> <span class='ocrx_word' id='word_1_86' title='bbox 672 806 804 843; x_wconf 84' lang='lat' dir='ltr'><em>favere</em></span> <span class='ocrx_word' id='word_1_87' title='bbox 827 805 1040 854; x_wconf 79' lang='lat' dir='ltr'><strong>scripturae</strong></span> <span class='ocrx_word' id='word_1_88' title='bbox 1065 803 1272 855; x_wconf 73' lang='lat' dir='ltr'><em>Purpureo</em></span> <span class='ocrx_word' id='word_1_89' title='bbox 1302 802 1490 841; x_wconf 81' lang='lat' dir='ltr'><em>videntur.</em></span> <span class='ocrx_word' id='word_1_90' title='bbox 1551 801 1657 855; x_wconf 83' lang='lat' dir='ltr'><em>Quod</em></span> <span class='ocrx_word' id='word_1_91' title='bbox 1685 814 1778 842; x_wconf 88' lang='lat' dir='ltr'><em>vero</em></span> <span class='ocrx_word' id='word_1_92' title='bbox 1807 802 1947 842; x_wconf 80' lang='lat' dir='ltr'><strong>dixerit</strong></span> 
     </span>
     <span class='ocr_line' id='line_1_11' title="bbox 302 870 1677 925; baseline -0.001 -14"><span class='ocrx_word' id='word_1_93' title='bbox 302 872 465 925; x_wconf 86' lang='lat' dir='ltr'><em>aliquis,</em></span> <span class='ocrx_word' id='word_1_94' title='bbox 507 872 603 912; x_wconf 84' lang='lat' dir='ltr'><em>hanc</em></span> <span class='ocrx_word' id='word_1_95' title='bbox 634 885 723 911; x_wconf 89' lang='lat' dir='ltr'><em>esse</em></span> <span class='ocrx_word' id='word_1_96' title='bbox 756 872 1040 911; x_wconf 73' lang='lat' dir='ltr'><em>collocationem</em></span> <span class='ocrx_word' id='word_1_97' title='bbox 1073 871 1345 921; x_wconf 75' lang='lat' dir='ltr'><em>elegantiorem</em></span> <span class='ocrx_word' id='word_1_98' title='bbox 1378 870 1462 910; x_wconf 87' lang='lat' dir='ltr'><em>olim</em></span> <span class='ocrx_word' id='word_1_99' title='bbox 1494 871 1677 921; x_wconf 82' lang='lat' dir='ltr'><em>vulgata:</em></span> 
     </span>
    </p>

    <p class='ocr_par' dir='ltr' id='par_1_4' title="bbox 299 942 1946 3055">
     <span class='ocr_line' id='line_1_12' title="bbox 676 942 1193 994; baseline -0.002 -13"><span class='ocrx_word' id='word_1_100' title='bbox 676 942 910 994; x_wconf 78' lang='lat' dir='ltr'><em>Purpureos</em></span> <span class='ocrx_word' id='word_1_101' title='bbox 943 954 1105 993; x_wconf 81' lang='lat' dir='ltr'><em>campos</em></span> <span class='ocrx_word' id='word_1_102' title='bbox 1142 962 1193 967; x_wconf 90' lang='lat'>—</span> 
     </span>
     <span class='ocr_line' id='line_1_13' title="bbox 301 1007 1946 1062; baseline -0.001 -15"><span class='ocrx_word' id='word_1_103' title='bbox 301 1009 336 1048; x_wconf 90' lang='lat' dir='ltr'><em>id</em></span> <span class='ocrx_word' id='word_1_104' title='bbox 369 1021 442 1047; x_wconf 89' lang='lat' dir='ltr'><em>non</em></span> <span class='ocrx_word' id='word_1_105' title='bbox 474 1008 578 1048; x_wconf 88' lang='lat' dir='ltr'><em>valet</em></span> <span class='ocrx_word' id='word_1_106' title='bbox 609 1009 646 1047; x_wconf 90' lang='lat' dir='ltr'><em>in</em></span> <span class='ocrx_word' id='word_1_107' title='bbox 678 1007 835 1049; x_wconf 85' lang='lat' dir='ltr'><em>Catone.</em></span> <span class='ocrx_word' id='word_1_108' title='bbox 899 1010 1043 1048; x_wconf 82' lang='lat' dir='ltr'><em>Poterit</em></span> <span class='ocrx_word' id='word_1_109' title='bbox 1075 1011 1169 1048; x_wconf 90' lang='lat' dir='ltr'><em>enim</em></span> <span class='ocrx_word' id='word_1_110' title='bbox 1208 1022 1433 1062; x_wconf 74' lang='lat' dir='ltr'><em>purpureos</em></span> <span class='ocrx_word' id='word_1_111' title='bbox 1474 1020 1543 1059; x_wconf 87' lang='lat' dir='ltr'><em>per</em></span> <span class='ocrx_word' id='word_1_112' title='bbox 1575 1007 1770 1059; x_wconf 79' lang='lat' dir='ltr'><em>prolepsin</em></span> <span class='ocrx_word' id='word_1_113' title='bbox 1809 1007 1946 1046; x_wconf 87' lang='lat' dir='ltr'><em>dictum</em></span> 
     </span>
     <span class='ocr_line' id='line_1_14' title="bbox 300 1075 1946 1128; baseline -0.001 -12"><span class='ocrx_word' id='word_1_114' title='bbox 300 1078 446 1123; x_wconf 82' lang='lat' dir='ltr'><em>videri,</em></span> <span class='ocrx_word' id='word_1_115' title='bbox 481 1080 522 1117; x_wconf 92' lang='lat' dir='ltr'><em>ut</em></span> <span class='ocrx_word' id='word_1_116' title='bbox 553 1078 725 1117; x_wconf 75' lang='lat' dir='ltr'><em>Pallida</em></span> <span class='ocrx_word' id='word_1_117' title='bbox 757 1078 839 1116; x_wconf 88' lang='lat' dir='ltr'><em>Dir.</em></span> <span class='ocrx_word' id='word_1_118' title='bbox 873 1092 912 1118; x_wconf 84' lang='lat' dir='ltr'><em>v.</em></span> <span class='ocrx_word' id='word_1_119' title='bbox 948 1081 1011 1116; x_wconf 88' lang='lat'><em>16.</em></span> <span class='ocrx_word' id='word_1_120' title='bbox 1047 1081 1084 1117; x_wconf 90' lang='lat' dir='ltr'><em>ut</em></span> <span class='ocrx_word' id='word_1_121' title='bbox 1115 1079 1150 1116; x_wconf 92' lang='lat' dir='ltr'><em>in</em></span> <span class='ocrx_word' id='word_1_122' title='bbox 1183 1077 1396 1127; x_wconf 77' lang='lat' dir='ltr'><em>Pervigilio</em></span> <span class='ocrx_word' id='word_1_123' title='bbox 1428 1077 1526 1116; x_wconf 81' lang='lat' dir='ltr'><em>Ven.</em></span> <span class='ocrx_word' id='word_1_124' title='bbox 1568 1080 1631 1116; x_wconf 90' lang='lat'><em>13.</em></span> <span class='ocrx_word' id='word_1_125' title='bbox 1664 1077 1724 1128; x_wconf 91' lang='lat' dir='ltr'><em>qui</em></span> <span class='ocrx_word' id='word_1_126' title='bbox 1756 1088 1853 1115; x_wconf 88' lang='lat' dir='ltr'><em>nunc</em></span> <span class='ocrx_word' id='word_1_127' title='bbox 1884 1075 1946 1115; x_wconf 93' lang='lat' dir='ltr'><em>lo-</em></span> 
     </span>
     <span class='ocr_line' id='line_1_15' title="bbox 301 1146 1946 1200; baseline -0.001 -14"><span class='ocrx_word' id='word_1_128' title='bbox 301 1159 370 1186; x_wconf 87' lang='lat' dir='ltr'><em>cus</em></span> <span class='ocrx_word' id='word_1_129' title='bbox 404 1147 528 1185; x_wconf 88' lang='lat' dir='ltr'><em>statim</em></span> <span class='ocrx_word' id='word_1_130' title='bbox 560 1146 606 1184; x_wconf 87' lang='lat' dir='ltr'><em>ad</em></span> <span class='ocrx_word' id='word_1_131' title='bbox 636 1159 776 1184; x_wconf 85' lang='lat' dir='ltr'><em>manum</em></span> <span class='ocrx_word' id='word_1_132' title='bbox 810 1150 897 1185; x_wconf 86' lang='lat' dir='ltr'><em>est:</em></span> <span class='ocrx_word' id='word_1_133' title='bbox 939 1147 1042 1200; x_wconf 76' lang='lat' dir='ltr'><em>Ipsa</em></span> <span class='ocrx_word' id='word_1_134' title='bbox 1083 1160 1281 1199; x_wconf 68' lang='lat' dir='ltr'><em>qernmans</em></span> <span class='ocrx_word' id='word_1_135' title='bbox 1320 1153 1605 1199; x_wconf 74' lang='lat' dir='ltr'><em>purpurantem</em></span> <span class='ocrx_word' id='word_1_136' title='bbox 1640 1147 1771 1199; x_wconf 71' lang='lat' dir='ltr'><em>pinyit</em></span> <span class='ocrx_word' id='word_1_137' title='bbox 1803 1158 1946 1185; x_wconf 81' lang='lat' dir='ltr'><em>annum</em></span> 
     </span>
     <span class='ocr_line' id='line_1_16' title="bbox 299 1214 1943 1268; baseline -0.001 -14"><span class='ocrx_word' id='word_1_138' title='bbox 299 1215 482 1267; x_wconf 74' lang='lat' dir='ltr'><em>floribus.</em></span> <span class='ocrx_word' id='word_1_139' title='bbox 542 1215 636 1254; x_wconf 87' lang='lat' dir='ltr'><em>Tum</em></span> <span class='ocrx_word' id='word_1_140' title='bbox 668 1216 800 1255; x_wconf 86' lang='lat' dir='ltr'><em>colore</em></span> <span class='ocrx_word' id='word_1_141' title='bbox 831 1215 1036 1266; x_wconf 76' lang='lat' dir='ltr'><em>explicatio</em></span> <span class='ocrx_word' id='word_1_142' title='bbox 1069 1217 1140 1254; x_wconf 91' lang='lat' dir='ltr'><em>erit</em></span> <span class='ocrx_word' id='word_1_143' title='bbox 1170 1228 1191 1253; x_wconf 88' lang='lat' dir='ltr'><em>a</em></span> <span class='ocrx_word' id='word_1_144' title='bbox 1223 1218 1336 1266; x_wconf 87' lang='lat' dir='ltr'><em>poeta</em></span> <span class='ocrx_word' id='word_1_145' title='bbox 1363 1215 1408 1253; x_wconf 88' lang='lat' dir='ltr'><em>ad</em></span> <span class='ocrx_word' id='word_1_146' title='bbox 1436 1215 1589 1253; x_wconf 87' lang='lat' dir='ltr'><em>verbum</em></span> <span class='ocrx_word' id='word_1_147' title='bbox 1610 1217 1779 1268; x_wconf 60' lang='lat' dir='ltr'><em>pingunt</em></span> <span class='ocrx_word' id='word_1_148' title='bbox 1803 1214 1943 1253; x_wconf 85' lang='lat' dir='ltr'><em>addita.</em></span> 
     </span>
     <span class='ocr_line' id='line_1_17' title="bbox 299 1281 1946 1337; baseline -0.001 -14"><span class='ocrx_word' id='word_1_149' title='bbox 299 1284 434 1337; x_wconf 81' lang='lat' dir='ltr'><em>Neque</em></span> <span class='ocrx_word' id='word_1_150' title='bbox 465 1296 561 1335; x_wconf 87' lang='lat' dir='ltr'><em>opus</em></span> <span class='ocrx_word' id='word_1_151' title='bbox 591 1282 708 1323; x_wconf 85' lang='lat' dir='ltr'><em>habet</em></span> <span class='ocrx_word' id='word_1_152' title='bbox 740 1283 933 1334; x_wconf 84' lang='lat' dir='ltr'><em>epitheto,</em></span> <span class='ocrx_word' id='word_1_153' title='bbox 969 1285 1001 1322; x_wconf 90' lang='lat' dir='ltr'><em>si</em></span> <span class='ocrx_word' id='word_1_154' title='bbox 1032 1287 1135 1322; x_wconf 85' lang='lat' dir='ltr'><em>recte</em></span> <span class='ocrx_word' id='word_1_155' title='bbox 1167 1285 1314 1332; x_wconf 87' lang='lat' dir='ltr'><em>sentio,</em></span> <span class='ocrx_word' id='word_1_156' title='bbox 1358 1283 1581 1322; x_wconf 88' lang='lat' dir='ltr'><em>vocabulum</em></span> <span class='ocrx_word' id='word_1_157' title='bbox 1611 1284 1765 1331; x_wconf 89' lang='lat' dir='ltr'><em>colore,</em></span> <span class='ocrx_word' id='word_1_158' title='bbox 1807 1283 1842 1321; x_wconf 90' lang='lat' dir='ltr'><em>in</em></span> <span class='ocrx_word' id='word_1_159' title='bbox 1874 1281 1946 1322; x_wconf 85' lang='lat' dir='ltr'><em>hoc</em></span> 
     </span>
     <span class='ocr_line' id='line_1_18' title="bbox 299 1350 1944 1407; baseline -0.001 -16"><span class='ocrx_word' id='word_1_160' title='bbox 299 1353 444 1405; x_wconf 86' lang='lat' dir='ltr'><em>quidem</em></span> <span class='ocrx_word' id='word_1_161' title='bbox 476 1355 618 1404; x_wconf 84' lang='lat' dir='ltr'><em>poeta:</em></span> <span class='ocrx_word' id='word_1_162' title='bbox 651 1356 757 1392; x_wconf 86' lang='lat' dir='ltr'><em>esset</em></span> <span class='ocrx_word' id='word_1_163' title='bbox 776 1356 849 1392; x_wconf 90' lang='lat' dir='ltr'><em>tum</em></span> <span class='ocrx_word' id='word_1_164' title='bbox 871 1356 1040 1407; x_wconf 73' lang='lat' dir='ltr'><em>pinyant</em></span> <span class='ocrx_word' id='word_1_165' title='bbox 1060 1354 1192 1392; x_wconf 88' lang='lat' dir='ltr'><em>colore</em></span> <span class='ocrx_word' id='word_1_166' title='bbox 1214 1353 1307 1391; x_wconf 76' lang='lat' dir='ltr'><em>idem</em></span> <span class='ocrx_word' id='word_1_167' title='bbox 1332 1353 1426 1405; x_wconf 90' lang='lat' dir='ltr'><em>quod</em></span> <span class='ocrx_word' id='word_1_168' title='bbox 1449 1352 1632 1391; x_wconf 83' lang='lat' dir='ltr'><em>colorant.</em></span> <span class='ocrx_word' id='word_1_169' title='bbox 1693 1350 1857 1391; x_wconf 87' lang='lat' dir='ltr'><em>Gravem</em></span> <span class='ocrx_word' id='word_1_170' title='bbox 1883 1350 1944 1390; x_wconf 85' lang='lat' dir='ltr'><em>hic</em></span> 
     </span>
     <span class='ocr_line' id='line_1_19' title="bbox 300 1420 1945 1474; baseline -0.001 -14"><span class='ocrx_word' id='word_1_171' title='bbox 300 1422 558 1474; x_wconf 84' lang='lat' dir='ltr'><em>quaestionem</em></span> <span class='ocrx_word' id='word_1_172' title='bbox 589 1422 727 1470; x_wconf 82' lang='lat' dir='ltr'><em>attigi:</em></span> <span class='ocrx_word' id='word_1_173' title='bbox 761 1422 906 1474; x_wconf 88' lang='lat' dir='ltr'><em>quando</em></span> <span class='ocrx_word' id='word_1_174' title='bbox 939 1435 1034 1473; x_wconf 90' lang='lat' dir='ltr'><em>opus</em></span> <span class='ocrx_word' id='word_1_175' title='bbox 1066 1423 1116 1461; x_wconf 83' lang='lat' dir='ltr'><em>sit</em></span> <span class='ocrx_word' id='word_1_176' title='bbox 1147 1422 1338 1473; x_wconf 85' lang='lat' dir='ltr'><em>epitheto,</em></span> <span class='ocrx_word' id='word_1_177' title='bbox 1373 1421 1519 1474; x_wconf 85' lang='lat' dir='ltr'><em>quando</em></span> <span class='ocrx_word' id='word_1_178' title='bbox 1551 1433 1622 1459; x_wconf 90' lang='lat' dir='ltr'><em>non</em></span> <span class='ocrx_word' id='word_1_179' title='bbox 1654 1422 1717 1460; x_wconf 87' lang='lat' dir='ltr'><em>sit.</em></span> <span class='ocrx_word' id='word_1_180' title='bbox 1778 1420 1819 1459; x_wconf 91' lang='lat' dir='ltr'><em>ln</em></span> <span class='ocrx_word' id='word_1_181' title='bbox 1851 1420 1945 1460; x_wconf 90' lang='lat' dir='ltr'><em>Vir-</em></span> 
     </span>
     <span class='ocr_line' id='line_1_20' title="bbox 299 1489 1944 1543; baseline -0.001 -14"><span class='ocrx_word' id='word_1_182' title='bbox 299 1491 419 1541; x_wconf 80' lang='lat' dir='ltr'><em>gilio,</em></span> <span class='ocrx_word' id='word_1_183' title='bbox 451 1491 635 1539; x_wconf 85' lang='lat' dir='ltr'><em>Horatio,</em></span> <span class='ocrx_word' id='word_1_184' title='bbox 669 1489 810 1529; x_wconf 84' lang='lat' dir='ltr'><em>Ovidio</em></span> <span class='ocrx_word' id='word_1_185' title='bbox 842 1490 1059 1543; x_wconf 88' lang='lat' dir='ltr'><em>plerumque</em></span> <span class='ocrx_word' id='word_1_186' title='bbox 1092 1491 1215 1529; x_wconf 85' lang='lat' dir='ltr'><em>t&#39;acilis</em></span> <span class='ocrx_word' id='word_1_187' title='bbox 1247 1491 1471 1541; x_wconf 79' lang='lat' dir='ltr'><em>responsi03</em></span> <span class='ocrx_word' id='word_1_188' title='bbox 1504 1490 1539 1528; x_wconf 92' lang='lat' dir='ltr'><em>in</em></span> <span class='ocrx_word' id='word_1_189' title='bbox 1572 1489 1844 1542; x_wconf 86' lang='lat' dir='ltr'><em>antiquioribus</em></span> <span class='ocrx_word' id='word_1_190' title='bbox 1871 1501 1944 1528; x_wconf 91' lang='lat' dir='ltr'><em>non</em></span> 
     </span>
     <span class='ocr_line' id='line_1_21' title="bbox 301 1559 1945 1611; baseline 0 -14"><span class='ocrx_word' id='word_1_191' title='bbox 301 1572 437 1611; x_wconf 87' lang='lat' dir='ltr'><em>aeque.</em></span> <span class='ocrx_word' id='word_1_192' title='bbox 498 1559 647 1598; x_wconf 87' lang='lat' dir='ltr'><em>Nullum</em></span> <span class='ocrx_word' id='word_1_193' title='bbox 681 1561 862 1609; x_wconf 80' lang='lat' dir='ltr'><em>excogito</em></span> <span class='ocrx_word' id='word_1_194' title='bbox 895 1560 1125 1610; x_wconf 82' lang='lat' dir='ltr'><em>exemplum,</em></span> <span class='ocrx_word' id='word_1_195' title='bbox 1159 1560 1255 1611; x_wconf 89' lang='lat' dir='ltr'><em>quod</em></span> <span class='ocrx_word' id='word_1_196' title='bbox 1289 1561 1323 1598; x_wconf 92' lang='lat' dir='ltr'><em>in</em></span> <span class='ocrx_word' id='word_1_197' title='bbox 1356 1559 1545 1598; x_wconf 84' lang='lat' dir='ltr'><em>brevitate</em></span> <span class='ocrx_word' id='word_1_198' title='bbox 1576 1560 1701 1609; x_wconf 86' lang='lat' dir='ltr'><em>aptius</em></span> <span class='ocrx_word' id='word_1_199' title='bbox 1723 1559 1795 1607; x_wconf 82' lang='lat' dir='ltr'><em>sit,</em></span> <span class='ocrx_word' id='word_1_200' title='bbox 1829 1562 1867 1598; x_wconf 88' lang='lat' dir='ltr'><em>et</em></span> <span class='ocrx_word' id='word_1_201' title='bbox 1898 1559 1945 1597; x_wconf 88' lang='lat' dir='ltr'><em>de</em></span> 
     </span>
     <span class='ocr_line' id='line_1_22' title="bbox 300 1627 1945 1680; baseline -0.001 -14"><span class='ocrx_word' id='word_1_202' title='bbox 300 1641 374 1680; x_wconf 89' lang='lat' dir='ltr'><em>quo</em></span> <span class='ocrx_word' id='word_1_203' title='bbox 404 1629 526 1677; x_wconf 75' lang='lat' dir='ltr'><em>magis</em></span> <span class='ocrx_word' id='word_1_204' title='bbox 558 1627 644 1666; x_wconf 80' lang='lat' dir='ltr'><em>mihi</em></span> <span class='ocrx_word' id='word_1_205' title='bbox 676 1640 895 1679; x_wconf 85' lang='lat' dir='ltr'><em>persuasum</em></span> <span class='ocrx_word' id='word_1_206' title='bbox 935 1627 1118 1677; x_wconf 86' lang='lat' dir='ltr'><em>habeam,</em></span> <span class='ocrx_word' id='word_1_207' title='bbox 1161 1629 1234 1667; x_wconf 89' lang='lat' dir='ltr'><em>etsi</em></span> <span class='ocrx_word' id='word_1_208' title='bbox 1264 1628 1360 1674; x_wconf 75' lang='lat' dir='ltr'><em>alios</em></span> <span class='ocrx_word' id='word_1_209' title='bbox 1393 1631 1463 1666; x_wconf 90' lang='lat' dir='ltr'><em>tam</em></span> <span class='ocrx_word' id='word_1_210' title='bbox 1495 1628 1648 1676; x_wconf 81' lang='lat' dir='ltr'><em>ingenio</em></span> <span class='ocrx_word' id='word_1_211' title='bbox 1680 1639 1786 1679; x_wconf 86' lang='lat' dir='ltr'><em>quam</em></span> <span class='ocrx_word' id='word_1_212' title='bbox 1817 1627 1945 1665; x_wconf 86' lang='lat' dir='ltr'><em>erudi-</em></span> 
     </span>
     <span class='ocr_line' id='line_1_23' title="bbox 301 1693 1943 1748; baseline -0.002 -12"><span class='ocrx_word' id='word_1_213' title='bbox 301 1697 403 1736; x_wconf 88' lang='lat' dir='ltr'><em>tione</em></span> <span class='ocrx_word' id='word_1_214' title='bbox 434 1697 661 1748; x_wconf 82' lang='lat' dir='ltr'><em>conspicuos</em></span> <span class='ocrx_word' id='word_1_215' title='bbox 696 1697 800 1735; x_wconf 82' lang='lat' dir='ltr'><em>viros</em></span> <span class='ocrx_word' id='word_1_216' title='bbox 831 1696 940 1736; x_wconf 87' lang='lat' dir='ltr'><em>aliter</em></span> <span class='ocrx_word' id='word_1_217' title='bbox 980 1698 1123 1736; x_wconf 86' lang='lat' dir='ltr'><em>sentire</em></span> <span class='ocrx_word' id='word_1_218' title='bbox 1164 1697 1269 1747; x_wconf 82' lang='lat' dir='ltr'><em>scio,</em></span> <span class='ocrx_word' id='word_1_219' title='bbox 1309 1708 1415 1748; x_wconf 83' lang='lat' dir='ltr'><em>quam</em></span> <span class='ocrx_word' id='word_1_220' title='bbox 1448 1695 1596 1734; x_wconf 84' lang='lat' dir='ltr'><em>Horatii</em></span> <span class='ocrx_word' id='word_1_221' title='bbox 1627 1693 1750 1735; x_wconf 85' lang='lat' dir='ltr'><em>Carm.</em></span> <span class='ocrx_word' id='word_1_222' title='bbox 1783 1694 1852 1734; x_wconf 91' lang='lat'><em>111.</em></span> <span class='ocrx_word' id='word_1_223' title='bbox 1887 1710 1943 1733; x_wconf 80' lang='lat' dir='ltr'><em>x1.</em></span> 
     </span>
     <span class='ocr_line' id='line_1_24' title="bbox 304 1768 468 1804; baseline -0.006 0"><span class='ocrx_word' id='word_1_224' title='bbox 304 1768 369 1804; x_wconf 88' lang='grc'><em>15.</em></span> <span class='ocrx_word' id='word_1_225' title='bbox 404 1768 468 1804; x_wconf 86' lang='grc'><em>16.</em></span> 
     </span>
     <span class='ocr_line' id='line_1_25' title="bbox 757 1833 1463 1874; baseline -0.003 -1"><span class='ocrx_word' id='word_1_226' title='bbox 757 1834 896 1873; x_wconf 78' lang='lat' dir='ltr'><em>Cessit</em></span> <span class='ocrx_word' id='word_1_227' title='bbox 927 1836 1106 1873; x_wconf 80' lang='lat' dir='ltr'><em>immanis</em></span> <span class='ocrx_word' id='word_1_228' title='bbox 1139 1834 1211 1874; x_wconf 84' lang='lat' dir='ltr'><em>tibi</em></span> <span class='ocrx_word' id='word_1_229' title='bbox 1243 1833 1463 1873; x_wconf 74' lang='lat' dir='ltr'><em>blandienti</em></span> 
     </span>
     <span class='ocr_line' id='line_1_26' title="bbox 814 1903 1147 1942; baseline 0 -2"><span class='ocrx_word' id='word_1_230' title='bbox 814 1903 973 1941; x_wconf 82' lang='lat' dir='ltr'><em>Ianitor</em></span> <span class='ocrx_word' id='word_1_231' title='bbox 1013 1903 1147 1942; x_wconf 80' lang='lat' dir='ltr'><em>aulae.</em></span> 
     </span>
     <span class='ocr_line' id='line_1_27' title="bbox 300 1969 1944 2020; baseline -0.002 -9"><span class='ocrx_word' id='word_1_232' title='bbox 300 1971 374 2011; x_wconf 91' lang='lat' dir='ltr'><em>Ubi</em></span> <span class='ocrx_word' id='word_1_233' title='bbox 405 1972 585 2010; x_wconf 79' lang='lat' dir='ltr'><em>immanis</em></span> <span class='ocrx_word' id='word_1_234' title='bbox 617 1970 920 2020; x_wconf 78' lang='lat' dir='ltr'><em>coniungendam</em></span> <span class='ocrx_word' id='word_1_235' title='bbox 953 1983 1042 2010; x_wconf 85' lang='lat' dir='ltr'><em>esse</em></span> <span class='ocrx_word' id='word_1_236' title='bbox 1074 1983 1154 2010; x_wconf 89' lang='lat' dir='ltr'><em>cum</em></span> <span class='ocrx_word' id='word_1_237' title='bbox 1187 1982 1285 2009; x_wconf 78' lang='lat' dir='ltr'><em>voce</em></span> <span class='ocrx_word' id='word_1_238' title='bbox 1326 1970 1471 2018; x_wconf 77' lang='lat' dir='ltr'><em>aulae,</em></span> <span class='ocrx_word' id='word_1_239' title='bbox 1515 1972 1554 2009; x_wconf 89' lang='lat' dir='ltr'><em>et</em></span> <span class='ocrx_word' id='word_1_240' title='bbox 1592 1969 1677 2008; x_wconf 89' lang='lat' dir='ltr'><em>olim</em></span> <span class='ocrx_word' id='word_1_241' title='bbox 1717 1969 1820 2020; x_wconf 90' lang='lat' dir='ltr'><em>dixi,</em></span> <span class='ocrx_word' id='word_1_242' title='bbox 1865 1981 1944 2008; x_wconf 87' lang='lat' dir='ltr'><em>curn</em></span> 
     </span>
     <span class='ocr_line' id='line_1_28' title="bbox 300 2037 1943 2093; baseline -0.002 -14"><span class='ocrx_word' id='word_1_243' title='bbox 300 2040 506 2090; x_wconf 86' lang='lat' dir='ltr'><em>Lambino,</em></span> <span class='ocrx_word' id='word_1_244' title='bbox 539 2043 577 2079; x_wconf 89' lang='lat' dir='ltr'><em>et</em></span> <span class='ocrx_word' id='word_1_245' title='bbox 607 2040 723 2078; x_wconf 85' lang='lat' dir='ltr'><em>dicam</em></span> <span class='ocrx_word' id='word_1_246' title='bbox 755 2052 913 2090; x_wconf 85' lang='lat' dir='ltr'><em>semper.</em></span> <span class='ocrx_word' id='word_1_247' title='bbox 991 2039 1085 2093; x_wconf 83' lang='lat' dir='ltr'><em>Quis</em></span> <span class='ocrx_word' id='word_1_248' title='bbox 1117 2052 1271 2092; x_wconf 87' lang='lat' dir='ltr'><em>unquam</em></span> <span class='ocrx_word' id='word_1_249' title='bbox 1304 2039 1439 2079; x_wconf 83' lang='lat' dir='ltr'><em>aulam</em></span> <span class='ocrx_word' id='word_1_250' title='bbox 1470 2038 1689 2089; x_wconf 88' lang='lat' dir='ltr'><em>simpliciter</em></span> <span class='ocrx_word' id='word_1_251' title='bbox 1719 2038 1835 2088; x_wconf 83' lang='lat' dir='ltr'><em>dixit,</em></span> <span class='ocrx_word' id='word_1_252' title='bbox 1881 2037 1943 2076; x_wconf 84' lang='lat' dir='ltr'><em>vel</em></span> 
     </span>
     <span class='ocr_line' id='line_1_29' title="bbox 300 2105 1945 2160; baseline -0.001 -12"><span class='ocrx_word' id='word_1_253' title='bbox 300 2110 425 2149; x_wconf 84' lang='lat' dir='ltr'><em>dicere</em></span> <span class='ocrx_word' id='word_1_254' title='bbox 456 2110 578 2160; x_wconf 90' lang='lat' dir='ltr'><em>potuit</em></span> <span class='ocrx_word' id='word_1_255' title='bbox 609 2105 780 2147; x_wconf 60' lang='lat' dir='ltr'><em>Orcum?</em></span> <span class='ocrx_word' id='word_1_256' title='bbox 812 2108 956 2148; x_wconf 83' lang='lat' dir='ltr'><em>Contra</em></span> <span class='ocrx_word' id='word_1_257' title='bbox 987 2109 1049 2147; x_wconf 88' lang='lat' dir='ltr'><em>ubi</em></span> <span class='ocrx_word' id='word_1_258' title='bbox 1082 2112 1259 2148; x_wconf 74' lang='lat' dir='ltr'><em>immanis</em></span> <span class='ocrx_word' id='word_1_259' title='bbox 1292 2109 1390 2148; x_wconf 77' lang='lat' dir='ltr'><em>aula</em></span> <span class='ocrx_word' id='word_1_260' title='bbox 1422 2108 1520 2146; x_wconf 84' lang='lat' dir='ltr'><em>dicta</em></span> <span class='ocrx_word' id='word_1_261' title='bbox 1551 2111 1634 2155; x_wconf 84' lang='lat' dir='ltr'><em>est,</em></span> <span class='ocrx_word' id='word_1_262' title='bbox 1667 2108 1749 2159; x_wconf 89' lang='lat' dir='ltr'><em>quis</em></span> <span class='ocrx_word' id='word_1_263' title='bbox 1781 2108 1862 2146; x_wconf 88' lang='lat' dir='ltr'><em>eius</em></span> <span class='ocrx_word' id='word_1_264' title='bbox 1895 2107 1945 2147; x_wconf 83' lang='lat' dir='ltr'><em>sit</em></span> 
     </span>
     <span class='ocr_line' id='line_1_30' title="bbox 300 2176 1943 2228; baseline -0.002 -10"><span class='ocrx_word' id='word_1_265' title='bbox 300 2181 469 2227; x_wconf 81' lang='lat' dir='ltr'><em>ianitor,</em></span> <span class='ocrx_word' id='word_1_266' title='bbox 511 2178 634 2216; x_wconf 90' lang='lat' dir='ltr'><em>cuivis</em></span> <span class='ocrx_word' id='word_1_267' title='bbox 672 2177 876 2216; x_wconf 75' lang='lat' dir='ltr'><em>fabularum</em></span> <span class='ocrx_word' id='word_1_268' title='bbox 927 2190 998 2217; x_wconf 89' lang='lat' dir='ltr'><em>non</em></span> <span class='ocrx_word' id='word_1_269' title='bbox 1041 2179 1211 2228; x_wconf 84' lang='lat' dir='ltr'><em>imperito</em></span> <span class='ocrx_word' id='word_1_270' title='bbox 1253 2182 1424 2228; x_wconf 85' lang='lat' dir='ltr'><em>apparet.</em></span> <span class='ocrx_word' id='word_1_271' title='bbox 1495 2177 1647 2216; x_wconf 86' lang='lat' dir='ltr'><em>Perstat</em></span> <span class='ocrx_word' id='word_1_272' title='bbox 1685 2179 1807 2214; x_wconf 88' lang='lat' dir='ltr'><em>autem</em></span> <span class='ocrx_word' id='word_1_273' title='bbox 1849 2176 1943 2214; x_wconf 83' lang='lat' dir='ltr'><em>haec</em></span> 
     </span>
     <span class='ocr_line' id='line_1_31' title="bbox 300 2245 1944 2298; baseline -0.001 -13"><span class='ocrx_word' id='word_1_274' title='bbox 300 2248 527 2298; x_wconf 85' lang='lat' dir='ltr'><em>disputatio,</em></span> <span class='ocrx_word' id='word_1_275' title='bbox 571 2247 658 2285; x_wconf 83' lang='lat' dir='ltr'><em>sive</em></span> <span class='ocrx_word' id='word_1_276' title='bbox 690 2248 904 2285; x_wconf 85' lang='lat' dir='ltr'><em>eiiciendam</em></span> <span class='ocrx_word' id='word_1_277' title='bbox 937 2245 1148 2297; x_wconf 85' lang='lat' dir='ltr'><em>stropham,</em></span> <span class='ocrx_word' id='word_1_278' title='bbox 1191 2259 1286 2298; x_wconf 86' lang='lat' dir='ltr'><em>quae</em></span> <span class='ocrx_word' id='word_1_279' title='bbox 1318 2245 1436 2294; x_wconf 83' lang='lat' dir='ltr'><em>vulgo</em></span> <span class='ocrx_word' id='word_1_280' title='bbox 1469 2246 1660 2297; x_wconf 88' lang='lat' dir='ltr'><em>sequitur,</em></span> <span class='ocrx_word' id='word_1_281' title='bbox 1693 2247 1861 2290; x_wconf 87' lang='lat' dir='ltr'><em>statuas,</em></span> <span class='ocrx_word' id='word_1_282' title='bbox 1904 2247 1944 2284; x_wconf 88' lang='lat' dir='ltr'><em>ut</em></span> 
     </span>
     <span class='ocr_line' id='line_1_32' title="bbox 301 2313 1943 2366; baseline -0.002 -10"><span class='ocrx_word' id='word_1_283' title='bbox 301 2328 391 2356; x_wconf 87' lang='lat' dir='ltr'><em>esse</em></span> <span class='ocrx_word' id='word_1_284' title='bbox 422 2316 640 2355; x_wconf 79' lang='lat' dir='ltr'><em>eliciendam</em></span> <span class='ocrx_word' id='word_1_285' title='bbox 671 2316 861 2354; x_wconf 87' lang='lat' dir='ltr'><em>docuimus</em></span> <span class='ocrx_word' id='word_1_286' title='bbox 894 2315 1158 2361; x_wconf 81' lang='lat' dir='ltr'><em>Eichstadius,</em></span> <span class='ocrx_word' id='word_1_287' title='bbox 1191 2319 1280 2366; x_wconf 91' lang='lat' dir='ltr'><em>post</em></span> <span class='ocrx_word' id='word_1_288' title='bbox 1308 2313 1584 2362; x_wconf 82' lang='lat' dir='ltr'><em>Eichstadium,</em></span> <span class='ocrx_word' id='word_1_289' title='bbox 1619 2314 1724 2352; x_wconf 91' lang='lat' dir='ltr'><em>cuius</em></span> <span class='ocrx_word' id='word_1_290' title='bbox 1756 2316 1828 2352; x_wconf 86' lang='lat' dir='ltr'><em>tum</em></span> <span class='ocrx_word' id='word_1_291' title='bbox 1861 2313 1943 2352; x_wconf 88' lang='lat' dir='ltr'><em>dis-</em></span> 
     </span>
     <span class='ocr_line' id='line_1_33' title="bbox 301 2383 1942 2437; baseline -0.002 -13"><span class='ocrx_word' id='word_1_292' title='bbox 301 2386 531 2437; x_wconf 85' lang='lat' dir='ltr'><em>putationem</em></span> <span class='ocrx_word' id='word_1_293' title='bbox 562 2396 635 2423; x_wconf 91' lang='lat' dir='ltr'><em>non</em></span> <span class='ocrx_word' id='word_1_294' title='bbox 673 2396 820 2433; x_wconf 86' lang='lat' dir='ltr'><em>noram,</em></span> <span class='ocrx_word' id='word_1_295' title='bbox 853 2397 952 2434; x_wconf 80' lang='lat' dir='ltr'><em>ego,</em></span> <span class='ocrx_word' id='word_1_296' title='bbox 977 2387 1015 2422; x_wconf 92' lang='lat' dir='ltr'><em>et</em></span> <span class='ocrx_word' id='word_1_297' title='bbox 1045 2385 1179 2423; x_wconf 82' lang='lat' dir='ltr'><em>tertius</em></span> <span class='ocrx_word' id='word_1_298' title='bbox 1211 2383 1376 2435; x_wconf 86' lang='lat' dir='ltr'><em>quidam,</em></span> <span class='ocrx_word' id='word_1_299' title='bbox 1409 2383 1442 2420; x_wconf 88' lang='lat' dir='ltr'><em>si</em></span> <span class='ocrx_word' id='word_1_300' title='bbox 1475 2387 1579 2421; x_wconf 87' lang='lat' dir='ltr'><em>recte</em></span> <span class='ocrx_word' id='word_1_301' title='bbox 1604 2383 1756 2434; x_wconf 87' lang='lat' dir='ltr'><em>accepi,</em></span> <span class='ocrx_word' id='word_1_302' title='bbox 1788 2383 1824 2421; x_wconf 90' lang='lat' dir='ltr'><em>in</em></span> <span class='ocrx_word' id='word_1_303' title='bbox 1856 2383 1942 2421; x_wconf 82' lang='lat' dir='ltr'><em>dia-</em></span> 
     </span>
     <span class='ocr_line' id='line_1_34' title="bbox 299 2451 1941 2506; baseline -0.002 -14"><span class='ocrx_word' id='word_1_304' title='bbox 299 2455 356 2494; x_wconf 91' lang='lat' dir='ltr'><em>rio</em></span> <span class='ocrx_word' id='word_1_305' title='bbox 388 2453 544 2506; x_wconf 84' lang='lat' dir='ltr'><em>quodam</em></span> <span class='ocrx_word' id='word_1_306' title='bbox 575 2453 763 2502; x_wconf 67' lang='lat' dir='ltr'><em>Anglicog</em></span> <span class='ocrx_word' id='word_1_307' title='bbox 804 2454 886 2491; x_wconf 79' lang='lat' dir='ltr'><em>sive</em></span> <span class='ocrx_word' id='word_1_308' title='bbox 926 2454 1009 2504; x_wconf 90' lang='lat' dir='ltr'><em>quis</em></span> <span class='ocrx_word' id='word_1_309' title='bbox 1041 2452 1309 2490; x_wconf 79' lang='lat' dir='ltr'><em>defendendam</em></span> <span class='ocrx_word' id='word_1_310' title='bbox 1341 2451 1437 2489; x_wconf 91' lang='lat' dir='ltr'><em>illam</em></span> <span class='ocrx_word' id='word_1_311' title='bbox 1470 2452 1696 2502; x_wconf 83' lang='lat' dir='ltr'><em>susceperit.</em></span> <span class='ocrx_word' id='word_1_312' title='bbox 1759 2451 1837 2491; x_wconf 89' lang='lat' dir='ltr'><em>Sed</em></span> <span class='ocrx_word' id='word_1_313' title='bbox 1867 2451 1941 2490; x_wconf 87' lang='lat' dir='ltr'><em>oh-</em></span> 
     </span>
     <span class='ocr_line' id='line_1_35' title="bbox 300 2519 1940 2570; baseline -0.003 -8"><span class='ocrx_word' id='word_1_314' title='bbox 300 2523 552 2570; x_wconf 80' lang='lat' dir='ltr'><em>servandum,</em></span> <span class='ocrx_word' id='word_1_315' title='bbox 586 2534 657 2560; x_wconf 90' lang='lat' dir='ltr'><em>non</em></span> <span class='ocrx_word' id='word_1_316' title='bbox 689 2523 783 2560; x_wconf 86' lang='lat' dir='ltr'><em>satis</em></span> <span class='ocrx_word' id='word_1_317' title='bbox 816 2522 1013 2560; x_wconf 83' lang='lat' dir='ltr'><em>curavisse</em></span> <span class='ocrx_word' id='word_1_318' title='bbox 1044 2521 1263 2569; x_wconf 80' lang='lat' dir='ltr'><em>Horatium,</em></span> <span class='ocrx_word' id='word_1_319' title='bbox 1298 2523 1335 2560; x_wconf 90' lang='lat' dir='ltr'><em>ut</em></span> <span class='ocrx_word' id='word_1_320' title='bbox 1367 2524 1470 2560; x_wconf 87' lang='lat' dir='ltr'><em>recte</em></span> <span class='ocrx_word' id='word_1_321' title='bbox 1502 2519 1795 2569; x_wconf 82' lang='lat' dir='ltr'><em>intelligeretur.</em></span> <span class='ocrx_word' id='word_1_322' title='bbox 1844 2519 1940 2558; x_wconf 89' lang='lat' dir='ltr'><em>Nam</em></span> 
     </span>
     <span class='ocr_line' id='line_1_36' title="bbox 300 2587 1940 2640; baseline -0.003 -9"><span class='ocrx_word' id='word_1_323' title='bbox 300 2594 341 2631; x_wconf 85' lang='lat' dir='ltr'><em>ut</em></span> <span class='ocrx_word' id='word_1_324' title='bbox 372 2591 574 2630; x_wconf 86' lang='lat' dir='ltr'><em>collocavit</em></span> <span class='ocrx_word' id='word_1_325' title='bbox 607 2591 725 2629; x_wconf 83' lang='lat' dir='ltr'><em>verba</em></span> <span class='ocrx_word' id='word_1_326' title='bbox 755 2591 956 2639; x_wconf 87' lang='lat' dir='ltr'><em>Horatius,</em></span> <span class='ocrx_word' id='word_1_327' title='bbox 989 2593 1027 2628; x_wconf 93' lang='lat' dir='ltr'><em>ut</em></span> <span class='ocrx_word' id='word_1_328' title='bbox 1058 2590 1235 2640; x_wconf 84' lang='lat' dir='ltr'><em>opposita</em></span> <span class='ocrx_word' id='word_1_329' title='bbox 1267 2590 1362 2628; x_wconf 90' lang='lat' dir='ltr'><em>inter</em></span> <span class='ocrx_word' id='word_1_330' title='bbox 1393 2601 1435 2627; x_wconf 89' lang='lat' dir='ltr'><em>se</em></span> <span class='ocrx_word' id='word_1_331' title='bbox 1459 2590 1639 2628; x_wconf 80' lang='lat' dir='ltr'><em>immanis</em></span> <span class='ocrx_word' id='word_1_332' title='bbox 1660 2591 1698 2627; x_wconf 90' lang='lat' dir='ltr'><em>et</em></span> <span class='ocrx_word' id='word_1_333' title='bbox 1718 2587 1940 2627; x_wconf 80' lang='lat' dir='ltr'><em>blandienti</em></span> 
     </span>
     <span class='ocr_line' id='line_1_37' title="bbox 300 2658 1937 2711; baseline -0.001 -12"><span class='ocrx_word' id='word_1_334' title='bbox 300 2660 522 2709; x_wconf 86' lang='lat' dir='ltr'><em>videantur,</em></span> <span class='ocrx_word' id='word_1_335' title='bbox 564 2659 727 2710; x_wconf 87' lang='lat' dir='ltr'><em>speciem</em></span> <span class='ocrx_word' id='word_1_336' title='bbox 758 2658 914 2710; x_wconf 83' lang='lat' dir='ltr'><em>aliquam</em></span> <span class='ocrx_word' id='word_1_337' title='bbox 946 2658 1062 2697; x_wconf 87' lang='lat' dir='ltr'><em>habet</em></span> <span class='ocrx_word' id='word_1_338' title='bbox 1093 2671 1218 2697; x_wconf 89' lang='lat' dir='ltr'><em>eorum</em></span> <span class='ocrx_word' id='word_1_339' title='bbox 1261 2659 1415 2710; x_wconf 91' lang='lat' dir='ltr'><em>opinio,</em></span> <span class='ocrx_word' id='word_1_340' title='bbox 1457 2659 1518 2711; x_wconf 93' lang='lat' dir='ltr'><em>qui</em></span> <span class='ocrx_word' id='word_1_341' title='bbox 1558 2659 1719 2707; x_wconf 80' lang='lat' dir='ltr'><em>iungunt</em></span> <span class='ocrx_word' id='word_1_342' title='bbox 1758 2659 1937 2697; x_wconf 82' lang='lat' dir='ltr'><em>immanis</em></span> 
     </span>
     <span class='ocr_line' id='line_1_38' title="bbox 300 2724 1936 2778; baseline -0.002 -10"><span class='ocrx_word' id='word_1_343' title='bbox 300 2729 469 2768; x_wconf 86' lang='lat' dir='ltr'><em>Ianitor.</em></span> <span class='ocrx_word' id='word_1_344' title='bbox 530 2727 654 2767; x_wconf 90' lang='lat' dir='ltr'><em>Alium</em></span> <span class='ocrx_word' id='word_1_345' title='bbox 687 2726 804 2765; x_wconf 88' lang='lat' dir='ltr'><em>locum</em></span> <span class='ocrx_word' id='word_1_346' title='bbox 835 2726 961 2777; x_wconf 88' lang='lat' dir='ltr'><em>paullo</em></span> <span class='ocrx_word' id='word_1_347' title='bbox 993 2731 1080 2766; x_wconf 88' lang='lat' dir='ltr'><em>ante</em></span> <span class='ocrx_word' id='word_1_348' title='bbox 1110 2727 1275 2766; x_wconf 85' lang='lat' dir='ltr'><em>indicavi</em></span> <span class='ocrx_word' id='word_1_349' title='bbox 1314 2727 1459 2778; x_wconf 86' lang='lat' dir='ltr'><em>obiter,</em></span> <span class='ocrx_word' id='word_1_350' title='bbox 1499 2726 1648 2765; x_wconf 86' lang='lat' dir='ltr'><em>Manilii</em></span> <span class='ocrx_word' id='word_1_351' title='bbox 1686 2724 1735 2764; x_wconf 92' lang='lat' dir='ltr'><em>II.</em></span> <span class='ocrx_word' id='word_1_352' title='bbox 1769 2729 1864 2765; x_wconf 67' lang='grc' dir='ltr'><em>ΒΗ.</em></span> <span class='ocrx_word' id='word_1_353' title='bbox 1897 2730 1936 2765; x_wconf 88' lang='grc'><em>5.</em></span> 
     </span>
     <span class='ocr_line' id='line_1_39' title="bbox 302 2795 896 2838; baseline -0.008 -1"><span class='ocrx_word' id='word_1_354' title='bbox 302 2797 358 2837; x_wconf 88' lang='lat' dir='ltr'><em>At</em></span> <span class='ocrx_word' id='word_1_355' title='bbox 388 2799 423 2836; x_wconf 91' lang='lat' dir='ltr'><em>in</em></span> <span class='ocrx_word' id='word_1_356' title='bbox 455 2795 594 2838; x_wconf 89' lang='lat' dir='ltr'><em>Catulli</em></span> <span class='ocrx_word' id='word_1_357' title='bbox 625 2808 735 2835; x_wconf 87' lang='lat' dir='ltr'><em>carm.</em></span> <span class='ocrx_word' id='word_1_358' title='bbox 768 2810 825 2834; x_wconf 76' lang='lat' dir='ltr'><em>x1.</em></span> <span class='ocrx_word' id='word_1_359' title='bbox 859 2799 896 2833; x_wconf 87' lang='lat'><em>3.</em></span> 
     </span>
     <span class='ocr_line' id='line_1_40' title="bbox 753 2863 1477 2916; baseline 0.003 -14"><span class='ocrx_word' id='word_1_360' title='bbox 753 2863 892 2903; x_wconf 79' lang='lat' dir='ltr'><em>Littns</em></span> <span class='ocrx_word' id='word_1_361' title='bbox 923 2870 965 2903; x_wconf 81' lang='lat' dir='ltr'><em>nt</em></span> <span class='ocrx_word' id='word_1_362' title='bbox 996 2863 1112 2916; x_wconf 75' lang='lat' dir='ltr'><em>lonye</em></span> <span class='ocrx_word' id='word_1_363' title='bbox 1141 2871 1354 2905; x_wconf 79' lang='lat' dir='ltr'><em>resonante</em></span> <span class='ocrx_word' id='word_1_364' title='bbox 1384 2865 1477 2904; x_wconf 86' lang='lat' dir='ltr'><em>an</em></span> 
     </span>
     <span class='ocr_line' id='line_1_41' title="bbox 817 2933 1179 2974; baseline 0 -1"><span class='ocrx_word' id='word_1_365' title='bbox 817 2933 1011 2973; x_wconf 67' lang='lat' dir='ltr'><em>Tenditur</em></span> <span class='ocrx_word' id='word_1_366' title='bbox 1046 2934 1179 2974; x_wconf 77' lang='lat' dir='ltr'><em>anda:</em></span> 
     </span>
     <span class='ocr_line' id='line_1_42' title="bbox 302 3000 1934 3055; baseline -0.002 -13"><span class='ocrx_word' id='word_1_367' title='bbox 302 3004 538 3055; x_wconf 86' lang='lat' dir='ltr'><em>quantumvis</em></span> <span class='ocrx_word' id='word_1_368' title='bbox 569 3003 714 3044; x_wconf 87' lang='lat' dir='ltr'><em>erudito</em></span> <span class='ocrx_word' id='word_1_369' title='bbox 747 3002 851 3053; x_wconf 88' lang='lat' dir='ltr'><em>viro,</em></span> <span class='ocrx_word' id='word_1_370' title='bbox 883 3003 1081 3053; x_wconf 71' lang='lat' dir='ltr'><em>Martyni-</em></span> <span class='ocrx_word' id='word_1_371' title='bbox 1101 3002 1304 3054; x_wconf 82' lang='lat' dir='ltr'><em>Lagunae,</em></span> <span class='ocrx_word' id='word_1_372' title='bbox 1337 3013 1457 3055; x_wconf 90' lang='lat' dir='ltr'><em>neque</em></span> <span class='ocrx_word' id='word_1_373' title='bbox 1487 3000 1677 3040; x_wconf 86' lang='lat' dir='ltr'><em>abundare</em></span> <span class='ocrx_word' id='word_1_374' title='bbox 1708 3000 1754 3039; x_wconf 84' lang='lat' dir='ltr'><em>de</em></span> <span class='ocrx_word' id='word_1_375' title='bbox 1786 3000 1934 3039; x_wconf 87' lang='lat' dir='ltr'><em>duobus</em></span> 
     </span>
    </p>
   </div>
  </div>
 </body>
</html>
