1970 3350
199 133 252 173 vl

198 243 357 291 mereri,
393 246 615 294 praesertim
649 246 681 282 si
713 245 904 283 interioris
926 246 994 284 toti
1023 249 1110 285 sunt
1138 245 1333 285 doctrinae
1361 250 1399 286 et
1424 249 1610 300 antiquam
1643 247 1742 286 illam
1773 250 1855 287 stu-

198 317 342 355 diorum
377 319 585 357 ubertatem
618 331 663 356 ac
696 320 839 369 copiam
873 320 1053 357 referunt.
1115 319 1261 359 Nactus
1301 321 1448 359 tandem
1486 321 1667 360 eiusmodi
1709 333 1856 372 oppor-

198 391 395 429 tunitatem
428 391 587 440 edendi,
632 392 775 443 qualem
808 396 1050 443 optaveram,
1090 393 1286 431 Naekiana
1318 395 1459 443 omnia,
1493 398 1603 445 prout
1634 396 1669 433 in
1702 394 1857 434 schedis

198 466 426 504 nitidissime
465 466 659 516 descripta
708 467 887 517 repperi,
930 467 1094 506 fideliter
1125 468 1305 517 exhibui,
1339 480 1383 507 ea
1415 470 1536 507 tamen
1569 470 1768 517 cautione,
1818 472 1858 508 ut

199 539 376 577 nonnulla
409 541 523 578 tacite
556 543 812 590 corrigerem,
847 554 943 593 quae
974 541 1157 580 Naekium
1197 542 1340 592 ipsum,
1387 543 1420 580 si
1463 554 1746 591 recognoscere
1789 555 1859 581 sua

198 625 267 662 per
299 614 375 652 sata
407 613 603 660 licuisset,
639 618 893 653 correcturum
926 616 1046 654 fuisse
1079 615 1324 653 confidebam.
1388 615 1446 654 De
1473 628 1553 654 meo
1583 615 1674 654 nihil
1706 615 1858 664 addidi,

198 691 460 739 praeterquam
493 689 589 740 quod
624 689 781 727 indicem
815 691 961 728 confeci
988 703 996 727 ε
1031 703 1103 741 quo
1136 689 1232 728 liber
1264 690 1308 728 ad
1343 703 1446 728 usum
1480 690 1705 728 commodior
1735 690 1857 730 fieret.

197 761 401 812 Insperato
433 765 554 801 autem
597 763 783 811 contigit,
827 767 864 801 ut
896 763 1146 813 supellectilis
1180 764 1333 802 criticae
1366 764 1410 802 ad
1444 762 1626 803 Catonem
1659 764 1859 802 accessio-

197 848 279 874 nem
313 835 409 873 baud
444 836 693 886 spernendam
727 837 984 875 nanciscerer.
1046 837 1226 875 Nimirum
1258 840 1412 887 praeter
1444 840 1637 888 utrumque
1658 836 1858 875 1115.Μο-

198 923 422 958 nacensem,
457 922 529 962 quo
561 910 733 948 Naekius
767 923 858 948 usus
891 914 973 959 est,
1020 912 1092 949 duo
1125 911 1187 950 alii
1219 912 1254 949 in
1289 912 1417 950 eadem
1450 911 1694 950 Bibliotheca
1724 923 1859 950 asser-

200 988 336 1024 vantur
368 985 521 1023 codices
555 984 782 1033 Virgiliani,
817 986 852 1022 in
885 985 1020 1036 quibus
1037 985 1153 1023 Dirae
1186 986 1326 1024 insunt.
1388 985 1502 1023 Alter
1534 985 1657 1023 codex
1690 987 1751 1024 est
1775 984 1858 1023 Te-

199 1060 452 1108 gernseensis
485 1071 589 1097 saec.
621 1058 692 1097 XI.
726 1059 791 1097 sol.
824 1072 923 1097 max.
958 1059 1058 1097 biuis
1091 1059 1274 1098 columnis
1301 1060 1491 1109 scriptus3
1524 1058 1620 1098 alter
1653 1058 1860 1109 Weyhen-

198 1132 472 1183 stephanianus
505 1134 673 1183 scriptus
705 1133 752 1172 ab
785 1133 878 1172 Alto
912 1134 1090 1182 Abbate‚
1134 1145 1238 1171 saec.
1270 1133 1380 1171 XIII.
1414 1134 1530 1172 forma
1562 1134 1706 1184 quarta.
1769 1132 1859 1172 vid.

198 1206 267 1246 Iul.
303 1206 433 1255 Sillig.
467 1206 512 1244 ad
547 1206 689 1255 virgil.
723 1207 781 1245 ed.
807 1208 999 1256 Wagner.
1034 1208 1119 1246 Vol.
1155 1207 1224 1246 IV.
1257 1221 1294 1258 p.
1321 1209 1418 1247 337.
1480 1207 1541 1246 Ex
1571 1206 1632 1245 his
1664 1206 1860 1246 codicibus

199 1292 278 1319 cum
318 1280 442 1319 Maur.
484 1280 713 1330 Hauptium,
760 1281 915 1318 amicum
967 1281 1294 1330 iucundissimum,
1344 1282 1592 1320 rescivissem
1636 1282 1861 1321 varietatem

198 1356 414 1406 scripturae
445 1356 588 1407 pridem
621 1356 696 1394 sibi
728 1360 931 1404 «motasse,
964 1354 1076 1394 facile
1107 1356 1155 1394 ab
1189 1357 1270 1394 eius
1302 1356 1532 1395 humanitate
1564 1357 1788 1406 impetravi,
1821 1357 1861 1394 ut

199 1429 438 1468 collationem
470 1442 609 1468 meeum
643 1431 945 1469 communicaret.
1007 1429 1069 1468 Ac
1097 1442 1193 1468 sane
1231 1430 1428 1482 utriusque
1461 1430 1546 1468 cod.
1575 1429 1762 1469 lectiones
1791 1442 1861 1470 sua

199 1517 381 1556 quamque
414 1505 505 1542 sede
538 1506 805 1550 inseruissem,
846 1506 917 1543 nisi
951 1509 1047 1554 tum,
1095 1516 1173 1542 cum
1217 1504 1262 1542 de
1295 1504 1451 1554 Hauptii
1490 1506 1674 1554 apparatu
1720 1504 1860 1542 certior

199 1580 351 1627 fierem,
384 1579 528 1630 aliquot
560 1580 628 1617 iam
656 1579 838 1629 plagulae
863 1580 907 1618 de
928 1579 1046 1630 prelis
1070 1579 1259 1617 exissent.
1318 1578 1451 1630 Itaque
1475 1578 1535 1616 hie
1561 1579 1685 1616 visum
1713 1581 1774 1618 est
1792 1590 1860 1617 eas

198 1654 435 1702 subiungere
464 1666 473 1691 ι
517 1654 551 1691 iu
594 1654 730 1705 quibus
776 1654 1031 1703 exsiguandis
1063 1653 1253 1704 Hauptius
1287 1666 1378 1691 usus
1410 1658 1469 1692 est
1501 1652 1551 1690 H.
1583 1651 1738 1703 Meyeri
1770 1652 1860 1691 An-

199 1727 348 1777 tholog.
381 1728 491 1767 Tom.
524 1727 555 1766 I.
597 1741 635 1779 p.
669 1732 736 1768 30.

289 1812 403 1845 num
440 1812 660 1846 MAnole
692 1804 736 1842 T.
765 1812 942 1846 1Ncu³rr
965 1811 1080 1845 mRA
1100 1810 1319 1844 MARoNJs
1348 1800 1415 1840 W.
1540 1804 1574 1838 1-
1602 1809 1775 1843 BATmE
1802 1809 1862 1843 ΕΤ

199 1886 359 1920 GNEAS
398 1878 444 1925 Τ,
499 1887 719 1920 ΒΑΤΤΑΙῈΕ
763 1879 917 1926 tigncas
959 1878 1024 1916 W.
1157 1878 1194 1914 3.
1232 1875 1335 1913 Dura
1372 1875 1482 1914 TW.
1601 1875 1713 1924 impia
1749 1873 1861 1913 ΤΡΥ.

200 1954 238 1989 4.
272 1953 419 2002 rapiunt
450 1951 538 1990 hedi
577 1952 687 1991 TW.
808 1956 845 1989 6.
880 1951 1022 1999 gliscet
1055 1953 1093 1988 in
1126 1964 1276 1989 rasura
1312 1950 1357 1988 T.
1479 1953 1516 1988 7.
1547 1955 1644 2001 post
1676 1949 1766 1988 fient
1797 1950 1860 1986 in-

197 2032 381 2078 terpungs.
418 2026 462 2064 T.
526 2026 647 2064 libera
675 2027 752 2064 sata
790 2025 895 2064 TW.
1016 2028 1056 2063 S.
1089 2024 1213 2074 syluis
1252 2025 1295 2063 Τ.
1416 2026 1493 2062 fata
1523 2023 1678 2072 ligurgo
1703 2023 1760 2071 T,
1785 2024 1863 2062 fata

200 2100 373 2149 lygurge
414 2100 478 2139 W.
601 2105 639 2139 9.
679 2101 791 2150 impia
840 2099 945 2139 TW.
1071 2102 1134 2136 10.
1180 2098 1365 2137 foecunda
1405 2097 1470 2137 W.
1560 2097 1704 2136 nostris
1751 2096 1859 2135 TW.

206 2177 268 2212 13.
303 2174 449 2212 flumina
481 2178 628 2213 montes
652 2175 761 2213 TW.
887 2176 950 2211 15.
985 2173 1103 2211 sulcis
1127 2173 1234 2212 TW.
1359 2177 1421 2211 16.
1455 2175 1586 2210 aestus
1618 2171 1792 2210 sicientia
1813 2171 1860 2220 T,

201 2252 331 2287 aestas
363 2249 426 2286 sit.
468 2248 533 2286 W.
660 2253 721 2288 19.
754 2260 911 2297 gramen
944 2248 1079 2285 avenis
1108 2247 1217 2286 TW.
1339 2250 1406 2284 20.
1440 2245 1536 2285 haec
1567 2246 1717 2285 ueneris
1755 2244 1861 2285 TW.

202 2323 395 2362 florentem
418 2324 528 2363 TW.
635 2326 701 2362 21.
721 2335 817 2374 quae
832 2323 959 2372 pingit
977 2333 1097 2360 auena
1118 2320 1245 2359 colore
1268 2319 1376 2358 TW.
1495 2323 1564 2359 23.
1584 2320 1732 2359 mittent
1752 2318 1860 2358 ΤΡΥ.

202 2410 346 2435 uenena
363 2398 408 2445 T,
434 2405 555 2436 (cretea
579 2409 734 2436 uenera.
827 2395 1062 2435 26.ludimus
1080 2395 1189 2434 TW.
1282 2397 1348 2433 27.
1363 2393 1555 2444 syluarum
1572 2394 1617 2433 T.
1708 2393 1863 2432 uirectis

207 2471 317 2510 TW.
419 2474 486 2510 28.
505 2471 703 2510 tondemus
724 2471 831 2510 TW.
952 2473 1019 2509 29.
1042 2468 1164 2507 mollis
1188 2469 1297 2508 TW.
1409 2473 1474 2507 31.
1495 2468 1623 2507 militis
1642 2469 1677 2507 in
1698 2466 1863 2519 platanis

202 2545 386 2583 suecedet
414 2546 458 2593 Τ,
486 2546 531 2584 im
563 2545 654 2596 plat.
682 2546 748 2584 W.
870 2549 936 2584 32.
960 2544 1097 2583 cadunt
1123 2544 1232 2582 TW.
1354 2546 1422 2582 33.
1455 2544 1557 2582 ueris
1584 2544 1629 2592 T,
1662 2542 1769 2582 iteris
1795 2541 1862 2580 W.

203 2631 325 2667 regna
364 2618 469 2658 TW.
591 2622 657 2658 34.
692 2621 916 2671 nequiquam
955 2619 1062 2658 TW.
1123 2619 1250 2668 potius
1283 2618 1420 2656 deuote
1444 2618 1556 2658 TW.
1674 2619 1741 2656 35.
1773 2617 1863 2666 iup-

203 2694 304 2743 piter
341 2693 452 2732 TW.
572 2698 639 2733 36.
675 2694 840 2744 iuppiter
864 2692 902 2731 h.
923 2692 1022 2731 aliud
1046 2693 1156 2732 TW.
1218 2692 1282 2730 fiet
1307 2692 1352 2740 T,
1378 2692 1442 2730 fiat
1469 2691 1535 2730 W.
1654 2693 1722 2730 37.
1753 2688 1862 2730 trhe-

203 2767 337 2806 eistum
376 2768 429 2815 T,
462 2766 682 2807 threcistum
721 2767 788 2806 W.
908 2770 977 2805 38.
1012 2780 1129 2817 purus
1161 2779 1226 2815 ag.
1253 2767 1403 2805 mixtam
1426 2767 1536 2806 TW.
1655 2768 1723 2804 39.
1745 2764 1854 2803 Afl'ri-

203 2855 271 2880 cus
316 2842 426 2882 TW.
545 2843 696 2892 nymbis
744 2842 788 2881 T.
918 2842 1089 2892 ymbrem
1128 2841 1236 2880 TW.
1365 2843 1430 2880 40.
1472 2839 1709 2890 respondens
1755 2837 1860 2877 TW.

204 2916 317 2965 sylua
354 2917 396 2955 T.
517 2918 584 2954 41.
618 2928 691 2954 non
725 2917 858 2955 iterum
890 2916 1023 2954 dicens
1055 2915 1190 2954 crebro
1213 2920 1239 2954 t.
1261 2914 1284 2952 l.
1311 2914 1391 2953 dixi
1419 2914 1530 2954 TW.
1649 2915 1717 2952 43.
1748 2924 1863 2951 aurae

209 2991 319 3030 TW.
442 2993 506 3030 44.
543 2993 581 3030 et
601 2991 714 3029 arbor
744 3003 797 3029 ar.
829 2988 933 3030 ΤΡΥ.
1055 2993 1121 3029 45.
1155 3002 1250 3041 quae
1280 2989 1391 3028 TW.
1508 2986 1636 3026 metita
1664 2986 1730 3026 W.
1791 2986 1861 3024 im»
