2006 3365
219 130 320 174 172
776 126 1303 168 ANIMADVERSIONES

219 256 300 283 nem
331 244 494 283 restituit
524 241 692 291 Argent.
730 244 850 281 1502.
905 243 976 281 tum
1009 241 1192 292 Aldinae,
1223 240 1332 281 aliae.
1393 241 1541 282 Deinde
1572 255 1678 295 quum
1710 241 1745 280 in
1769 241 1856 281 Ro-

218 314 336 351 manis
373 325 417 351 ac
454 311 688 360 Mutinensi,
729 311 890 363 itemque
929 311 964 349 in
1006 311 1087 350 cod.
1123 310 1212 349 Bas.
1254 314 1291 350 et
1322 310 1479 350 Vratisl.
1512 311 1560 350 11.
1603 314 1642 350 ut
1682 311 1715 349 in
1748 310 1857 349 libris

219 381 373 431 scriptis
403 379 588 430 antiquis,
632 381 736 418 recte
774 382 883 419 nosti
921 381 993 429 sit,
1032 379 1203 419 Venetas
1234 380 1373 419 Achat.
1407 380 1507 420 Ruh.
1548 380 1651 419 lens.
1683 379 1858 418 Vicenti-

220 461 299 487 nam
332 459 410 486 cum
443 447 560 486 Voss.
594 447 643 486 11.
676 447 863 500 reliquas,
902 449 1067 486 mendum
1099 451 1230 488 nostri
1261 448 1433 498 obsedit,
1475 453 1513 489 et
1543 462 1651 502 quum
1683 447 1859 486 emenda-

219 520 293 555 tmn
324 518 432 555 esset
463 517 497 554 in
529 516 783 555 Ascensianis
816 520 854 556 et
884 517 1039 556 Aldinis
1071 522 1200 567 nosti,
1246 518 1343 556 redit
1375 522 1493 557 tamen
1526 530 1631 557 error
1660 519 1791 557 nostri
1822 517 1859 555 111

219 585 333 636 Virg.
373 585 486 633 Aldi,
526 585 644 624 Taur.
682 589 799 625 1518.
849 585 971 636 Lugd.
1008 590 1129 625 1529.
1174 586 1270 625 von.
1308 590 1428 625 1555.
1489 590 1646 626 nostia
1684 598 1790 624 manu
1822 586 1860 624 in

220 653 393 704 exemplo
423 653 528 705 Lips.
560 654 736 694 Venetae
768 654 870 693 lens.
990 657 1056 710 qm*
1096 668 1163 706 pro
1203 656 1299 710 qnid
1331 655 1471 694 Medic.
1503 655 1626 694 Paris.
1660 654 1729 693 lV.
1787 657 1860 694 mi-

221 736 313 762 sere
342 722 483 761 Aldina
514 722 545 762 1.
586 723 654 762 sed
693 729 900 763 correctum
932 724 966 763 in
999 723 1139 763 Aldina
1169 724 1217 763 11.
1280 724 1430 764 dolenti
1460 736 1528 776 pro
1568 724 1740 764 dolentis
1772 723 1861 762 Me-

220 791 294 830 dic.
327 791 448 831 Paris.
480 791 551 832 lv.

304 928 356 968 V.
389 931 456 968 43.
489 929 624 980 (146.)
657 940 859 981 PHOEBE,
889 940 1073 975 RECENS
1099 941 1149 975 ΙΝ
1174 941 1232 974 TE
1267 940 1454 974 LAURUS
1490 939 1785 973 CELEBRAVIT
1820 938 1862 972 A.

220 998 394 1038 Vidimus
426 1000 666 1038 commentum
699 1000 734 1038 in
767 1000 864 1039 bunc
895 1013 1068 1050 versum,
1101 1004 1139 1039 et
1169 1002 1229 1053 qui
1262 1004 1487 1052 sequuntur,
1520 999 1727 1048 Scaligcri.
1773 998 1863 1037 Me—

220 1066 293 1105 lius
326 1080 387 1106 res
420 1068 529 1106 nobis
561 1069 705 1117 cessit,
748 1069 814 1107 sed
846 1073 935 1119 post
965 1069 1171 1108 diuturnam
1204 1071 1494 1118 cogitationem:
1540 1068 1720 1117 Scaliger
1751 1066 1864 1114 illud,

221 1138 261 1174 ut
291 1135 363 1173 alia
393 1136 569 1185 meliora,
612 1149 661 1175 ex
702 1140 871 1187 tempore
913 1138 1074 1176 suderat.
1222 1138 1341 1176 Poeta
1374 1138 1447 1176 alio
1481 1137 1597 1176 flectit
1628 1138 1864 1175 sententiam.

220 1205 317 1244 Post
347 1204 472 1243 Lunae
506 1205 827 1257 Emiymionisque
859 1206 1080 1243 mentionem
1125 1217 1170 1244 eo
1207 1206 1315 1244 modo
1357 1208 1510 1250 factam,
1560 1218 1631 1258 quo
1671 1207 1769 1244 facta
1807 1207 1867 1244 est

220 1274 402 1312 versibus
434 1275 772 1324 praecedentibus,
813 1273 886 1313 alia
923 1277 1100 1325 poterant
1137 1274 1312 1326 exempla
1343 1275 1581 1325 exspectari,
1625 1274 1670 1312 ad
1703 1274 1866 1312 eamdem

222 1344 446 1382 sententiam
478 1343 677 1382 facientia:
712 1344 795 1383 Vos
827 1347 979 1382 vestras
1007 1344 1202 1382 vobiscum
1230 1343 1380 1382 habetis
1410 1347 1543 1382 noctu:
1577 1344 1689 1381 sinite
1715 1355 1770 1380 me
1795 1341 1866 1380 ha-

221 1412 315 1451 bere
346 1424 475 1450 meam.
535 1412 675 1452 Verum
707 1413 742 1451 id
780 1412 892 1452 aliter
931 1414 1075 1451 evenit.
1136 1411 1319 1463 Exempla
1360 1415 1586 1464 sequuntur,
1627 1424 1699 1450 non
1742 1423 1868 1449 eorum

223 1480 399 1525 deorum,
437 1481 498 1532 qui
530 1481 747 1532 quotidiana
779 1494 926 1521 suarum
958 1481 1229 1520 consuetudine
1262 1482 1312 1520 uti
1346 1484 1531 1532 pergunt,
1573 1483 1632 1528 ut,
1665 1480 1867 1519 secundum

225 1548 430 1599 Catonem,
463 1549 565 1588 Luna
598 1550 864 1600 Endymionis,
898 1550 983 1598 sed,
1024 1550 1121 1602 quod
1154 1550 1280 1589 statim
1313 1562 1362 1588 ex
1394 1563 1508 1588 versu
1546 1552 1636 1588 146.
1669 1552 1796 1600 patet,
1829 1551 1868 1589 et

224 1631 247 1657 3
276 1632 333 1657 me
364 1618 516 1667 longius
554 1618 895 1667 demonstrabitur,
938 1632 1088 1667 eorum,
1130 1619 1212 1670 qui,
1254 1632 1302 1657 ex
1343 1620 1502 1657 unanimi
1540 1622 1732 1670 poetarum
1773 1630 1867 1657 con-

226 1700 364 1737 sensu,
397 1690 484 1725 ante
515 1686 627 1725 multa
658 1686 809 1725 saecula
831 1688 1051 1736 amiserant,
1085 1690 1123 1726 et
1154 1688 1187 1725 in
1220 1688 1378 1726 arbores
1410 1688 1618 1740 floresque,
1649 1699 1694 1725 ac
1721 1687 1868 1737 sidera,

225 1757 332 1795 abire
366 1757 541 1795 viderant
571 1755 717 1807 puellas
749 1769 861 1803 suas,
892 1768 1096 1807 puerosve.
1153 1755 1195 1794 ln
1227 1769 1298 1807 quo
1331 1756 1535 1805 diligenter
1566 1756 1791 1801 cavendum,
1825 1767 1870 1793 ne

227 1826 311 1877 quis
343 1825 377 1863 in
411 1824 507 1863 hunc
538 1836 580 1863 se
612 1837 776 1863 errorem
810 1825 934 1863 induci
966 1825 1151 1876 patiatur,
1186 1828 1224 1865 ut
1256 1825 1435 1864 Catonem
1467 1825 1638 1863 invidere
1669 1825 1741 1863 diis
1773 1837 1870 1875 quae

227 1893 370 1945 reliqua
401 1894 496 1944 ipsis
535 1894 612 1932 sint
650 1906 811 1931 amorum
849 1895 1090 1941 monimenta,
1132 1897 1252 1944 putet.
1324 1893 1440 1946 Quasi
1479 1895 1600 1933 dicat:
1641 1906 1717 1943 ego
1759 1893 1872 1944 plane

227 1962 317 2001 1111111
350 1962 496 2009 habeo,
530 1975 602 2015 quo
635 1962 810 2001 consoler
841 1966 973 2001 memet
1000 1963 1034 2000 in
1060 1962 1131 2001 bac
1159 1963 1374 2012 solitudine,
1405 1976 1476 2015 qua
1498 1964 1680 2003 distineor
1704 1976 1725 2001 a
1750 1963 1873 2013 Lydia

228 2044 331 2070 mea:
382 2045 453 2070 vos
499 2031 630 2071 saltem
670 2031 808 2070 solatia
840 2031 1043 2080 desiderii,
1093 2033 1407 2085 pristinorumque
1447 2045 1608 2071 amorum
1648 2033 1873 2071 monimenta

229 2100 399 2150 habetis,
433 2114 526 2139 unus
559 2101 708 2150 florem,
740 2102 825 2139 sive
855 2101 1045 2151 arborem,
1078 2101 1176 2139 alius
1207 2103 1326 2140 sidus.
1388 2102 1472 2141 Non
1505 2105 1611 2140 erant
1648 2104 1719 2140 tam
1750 2113 1871 2152 parvo

232 2171 397 2208 contenti
432 2173 583 2208 veteres
615 2173 962 2221 amat01·es‚neque
1004 2172 1097 2209 satis
1130 2171 1207 2210 lieri
1240 2172 1435 2222 cupiditati
1469 2171 1642 2209 inanibus
1674 2171 1873 2209 memoriae

231 2239 496 2278 blandimentis
528 2238 807 2277 existimabant.
869 2239 931 2277 An
963 2240 1059 2278 satis
1091 2241 1210 2278 tuisse
1242 2238 1376 2278 Catoni
1409 2239 1668 2287 censebimus,
1707 2240 1739 2278 si
1771 2251 1873 2277 suam

234 2319 382 2357 semper
422 2319 546 2345 secum
579 2306 758 2356 Lydiam,
800 2307 833 2344 in
875 2308 1000 2346 ssorem
1039 2309 1169 2347 nescio
1211 2321 1316 2360 quem
1359 2321 1604 2354 conversam,
1645 2304 1872 2347 habuisset?

233 2377 318 2416 ,Nun
352 2378 454 2427 puto.
516 2375 639 2425 Igitur
669 2375 775 2413 31111111
808 2377 842 2414 111
874 2389 1023 2415 sensum
1055 2377 1274 2428 accipienda
1313 2381 1399 2416 sunt
1430 2376 1528 2416 haec
1556 2376 1741 2428 exempla.
1801 2375 1872 2429 Qui

234 2450 354 2484 autem
386 2445 437 2483 sit
468 2457 627 2493 sensns,
660 2445 754 2483 satis
785 2445 898 2485 docet
929 2447 1012 2497 ipse
1044 2459 1181 2484 versus
1215 2450 1279 2484 42.

464 2513 607 2561 Luna,
641 2514 756 2552 dolor
785 2518 893 2554 nosti
925 2516 1021 2569 qnid
1052 2518 1130 2554 sic:
1163 2519 1353 2554 miserere
1383 2516 1571 2554 dolentis.

235 2583 362 2632 Luna,
395 2581 600 2628 Phoebus,
634 2581 717 2631 alii,
751 2584 987 2632 excitantur,
1019 2588 1078 2632 ut,
1110 2585 1170 2635 qni
1202 2585 1274 2634 ipsi
1307 2584 1391 2622 illas
1425 2583 1554 2623 dulces
1586 2596 1692 2623 curas
1724 2583 1873 2632 experti

236 2653 331 2698 sint,
364 2663 460 2690 nunc
492 2652 739 2689 misereantur
772 2652 950 2702 Catonis,
984 2657 1021 2692 et
1053 2652 1227 2703 exemplo
1251 2667 1318 2691 suu
1344 2657 1382 2692 ut
1409 2657 1581 2692 tueantur
1605 2664 1649 2690 ac
1675 2651 1873 2690 defendant

236 2733 382 2760 amores
415 2718 586 2759 Catonis.
649 2720 726 2759 Sed
759 2734 866 2772 quum
899 2722 1071 2772 deorum,
1112 2735 1206 2774 quos
1238 2722 1364 2760 sabula
1394 2723 1580 2761 amavisse
1611 2722 1754 2768 narrat,
1787 2719 1873 2757 inti-

237 2791 349 2828 nitum
382 2802 470 2828 esse
501 2801 685 2827 numerum
718 2790 853 2837 sciret,
886 2790 1026 2840 placuit
1057 2794 1191 2841 poetae
1223 2792 1257 2828 in
1290 2791 1339 2829 iis
1367 2792 1589 2839 consistere,
1622 2791 1659 2827 et
1684 2789 1718 2825 in
1745 2802 1871 2826 exem-

238 2858 335 2908 plum
372 2858 506 2896 afferre
547 2870 637 2906 eos,
680 2857 728 2895 de
769 2870 920 2909 quorum
960 2860 1147 2898 amoribus
1186 2863 1344 2898 externo
1382 2860 1538 2912 quodam
1576 2857 1789 2896 testimonio
1829 2869 1874 2895 ac

239 2927 460 2965 documento
493 2930 666 2966 constare
697 2925 941 2975 intelligeret.
983 2928 1114 2980 Itaque
1136 2927 1326 2967 Phoebum
1351 2929 1527 2976 invocat,
1559 2937 1664 2977 quem
1692 2929 1874 2976 perpetua

241 2995 388 3035 Phoebi
419 3008 566 3047 comes,
597 2994 746 3046 laurus3
777 2994 873 3033 alios
905 3000 1185 3048 cmumenmrat,
1217 3010 1311 3050 quos
1341 2997 1499 3036 arbores
1528 2994 1648 3045 aliae,
1682 2993 1872 3044 floresve,
