2006 3365
231 122 297 168 42
790 120 1246 162 ANIMADVERSION
1253 120 1314 160 Es

230 236 381 278 scilicet
410 237 571 286 efficiat,
602 249 674 276 non
705 236 881 288 patiatur.
915 235 950 273 id
984 236 1066 285 est,
1099 235 1196 287 quod
1220 235 1360 274 eflieiat
1381 235 1496 275 adesa
1522 247 1705 287 corpora,
1733 234 1871 288 quibus

229 305 439 357 inspersum
479 309 559 345 est.
606 308 746 343 SCAL.
807 304 913 343 sulci
956 304 1141 343 conflatis
1182 306 1222 342 ut
1257 304 1294 342 in
1335 304 1502 343 Romana
1539 304 1589 344 ΙΙ,
1634 304 1719 343 cod.
1750 302 1869 342 Basil.

230 374 389 414 Vratisl.
422 375 472 416 ΙΙ.
503 375 622 413 Voss.
654 372 706 412 ΙΙ.
738 372 900 413 Venetis
930 373 1032 412 Rub.
1066 376 1104 411 et
1134 371 1234 410 lens.
1266 372 1365 411 Mut.
1396 371 1548 412 Vicent.
1581 376 1619 412 et
1649 384 1744 425 quae
1774 370 1871 410 hanc

229 446 457 495 sequuntur,
498 444 579 481 fere
610 443 806 493 omnihus,
846 443 956 482 etiam
989 442 1264 490 Ascensianis,
1295 441 1471 490 AldiniS,
1513 444 1551 480 et
1580 440 1869 480 recentioribus.

230 513 268 550 et
297 512 353 549 sic
384 511 420 548 in
442 510 559 550 Voss.
582 510 614 549 Ι.
645 511 678 550 si
708 513 734 550 l'.
767 524 800 549 s.
853 509 994 551 Contra
1025 511 1153 551 sulcis
1187 510 1224 548 in
1256 510 1364 548 libris
1395 511 1548 561 scriptis
1578 510 1765 561 antiquis,
1793 508 1871 547 Pe-

228 582 306 618 taV.
339 577 486 618 Thuan.
518 578 621 618 Leid.
652 580 775 619 Paris.
799 580 848 618 11.
879 579 946 618 lll.
978 579 1047 619 lv.
1081 578 1203 628 Angl.
1236 578 1405 627 August.
1438 578 1588 617 Monac.
1620 578 1650 617 Ι.
1683 577 1732 616 11.
1767 577 1871 617 Vra-

227 646 303 685 tisl.
336 646 367 685 1.
398 650 436 686 et
466 648 502 685 in
534 647 633 686 Ven.
665 647 808 687 Acliat.
850 650 1016 697 Argent.
1060 651 1180 686 1502.
1250 646 1400 685 Deinde
1437 648 1652 687 condamus
1685 646 1804 685 Voss.
1837 645 1870 685 Ι.

226 714 369 755 diserte
405 718 572 755 testante
614 716 776 764 Vossio,
818 716 924 756 Leid.
964 717 1087 755 Paris.
1120 715 1189 756 lv.
1230 715 1352 765 Angl.
1395 719 1433 755 et
1467 716 1685 768 fundamus
1724 715 1867 754 Medic.

227 783 331 837 Quos
350 797 426 834 ego
458 784 576 824 libros
609 788 766 824 cunctos
797 797 960 836 sperno,
991 797 1036 823 ac
1066 783 1278 835 posthabeo
1310 784 1520 835 scripturae
1550 784 1746 833 vulgatae.
1779 783 1870 823 sul-

226 855 311 902 cis,
344 855 382 892 et
412 856 547 904 postea
578 854 818 904 condamus,
851 855 1066 905 scripsere,
1108 853 1246 905 quibus
1277 853 1474 892 obscurum
1506 856 1605 899 erat,
1648 865 1756 905 quum
1787 853 1870 891 usi-

226 924 338 960 tatam
370 920 507 962 Catoni
538 922 796 974 apostrophen
829 935 901 961 non
935 924 1192 974 perciperent,
1225 923 1343 963 sulci.
1394 921 1441 960 Et
1464 922 1680 961 condamus
1704 924 1744 960 ut
1767 920 1870 959 seri-

225 989 382 1040 herent,
413 994 542 1042 potest
573 992 681 1030 etiam
714 1004 844 1030 errore
875 993 1009 1030 factum
1041 1003 1130 1030 esse
1161 991 1385 1038 oscitantis,
1424 994 1462 1029 et
1500 991 1536 1029 in
1567 991 1772 1041 proximum
1804 1003 1870 1028 re-

223 1065 408 1110 petamus
441 1060 683 1110 respicientis
714 1059 870 1100 librarii.
931 1059 1158 1111 Respondet
1189 1071 1327 1098 versus
1356 1060 1487 1098 versui
1523 1063 1584 1098 10.
1618 1062 1656 1098 et
1686 1058 1869 1107 similem,

225 1127 260 1166 si
290 1131 394 1166 recte
425 1127 684 1177 intelligatur,
716 1129 939 1168 sententiam
970 1128 1108 1167 hahet.
1169 1128 1287 1179 Optat
1318 1130 1356 1167 ut
1386 1140 1454 1178 pro
1485 1128 1595 1166 honis
1621 1126 1870 1178 fecundisque

226 1196 431 1235 seminibus
463 1195 558 1235 sulci
590 1197 774 1247 recipiant
803 1196 918 1246 mala,
950 1200 988 1235 et
1012 1209 1107 1249 quae
1129 1197 1261 1235 effetas
1286 1208 1431 1235 avenas
1456 1196 1677 1246 praebeant.
1720 1195 1761 1234 Id
1784 1194 1869 1234 ele-

224 1265 333 1314 ganti
365 1264 554 1303 brevitate
585 1265 698 1304 dicit:
730 1266 887 1317 effetas
919 1264 1026 1304 sulci
1056 1265 1241 1304 candacis
1268 1278 1438 1304 avenas.
1476 1264 1570 1303 Nam
1592 1264 1744 1314 proprie
1766 1266 1867 1302 erat:

226 1333 420 1382 condatis,
452 1335 491 1371 et
521 1331 694 1372 habeatis
725 1334 945 1384 vobiscum,
977 1335 1141 1383 semina,
1174 1346 1224 1372 ex
1256 1333 1389 1385 quibus
1423 1333 1512 1371 fiant
1543 1332 1678 1370 effetae
1707 1344 1866 1371 avenae.

226 1402 412 1441 caudatis
445 1400 506 1441 Gl.
530 1401 579 1440 V.
608 1402 638 1440 1.
670 1414 744 1440 non
776 1402 873 1441 satis
903 1405 1079 1441 accurate
1110 1403 1378 1453 interpretatur
1400 1403 1633 1453 accipiatis.
1680 1401 1765 1439 Hoc
1790 1400 1870 1439 vult

227 1472 364 1521 poeta,
396 1472 437 1509 ut
467 1470 629 1517 semina,
669 1471 778 1509 etiam
810 1470 910 1510 bona
941 1483 985 1511 ac
1015 1471 1215 1522 speciosa,
1254 1471 1290 1509 in
1328 1470 1402 1509 hoc
1431 1469 1514 1509 solo
1546 1469 1639 1508 mala
1677 1481 1721 1508 se
1751 1481 1866 1520 prae-

226 1538 362 1586 beant,
395 1538 602 1590 sallantque
634 1540 969 1590 exspectationem.
1029 1539 1158 1590 Aptus
1188 1539 1233 1579 ad
1266 1552 1362 1590 rem,
1395 1540 1514 1578 Badio
1545 1538 1739 1588 laudatus,
1771 1537 1866 1577 Vir-

225 1606 345 1657 gilius
374 1606 458 1647 Ecl.
490 1608 540 1648 V.
574 1612 641 1646 36.
675 1608 712 1646 ἶ.

457 1674 622 1715 Grandia
653 1690 778 1730 saepe
809 1677 952 1731 quibus
981 1678 1257 1717 mandavimus
1290 1676 1431 1715 hordea
1461 1675 1598 1726 sulcis,

452 1744 607 1798 Infelix
637 1746 792 1794 lolium,
823 1752 862 1785 et
892 1745 1046 1785 steriles
1077 1753 1297 1785 nascuntur
1326 1758 1485 1783 avenae.

226 1813 371 1853 Badius
404 1814 654 1853 dominantur
685 1814 866 1853 exhibet:
901 1816 947 1853 cs.
982 1814 1128 1864 Georg.
1157 1818 1192 1853 1.
1229 1817 1321 1853 154.
1353 1817 1390 1853 et
1422 1813 1546 1864 lntpp.
1578 1816 1736 1865 utroque
1766 1812 1865 1851 loco.

225 1882 328 1921 Add.
360 1881 589 1933 Calpurnius
620 1883 691 1922 IV.
726 1886 818 1921 115.
854 1888 891 1921 6.
930 1897 1001 1923 nec
1028 1884 1274 1936 praefocata
1303 1883 1515 1933 mahgynum
1547 1883 1708 1922 Messis
1747 1881 1866 1921 habet

226 1952 381 2000 lolium,
425 1965 495 1991 nec
534 1952 718 1990 inertibus
757 1951 865 1992 albet
903 1952 1050 1990 avenis.
1111 1952 1159 1991 Et
1198 1951 1343 2001 Georg.
1382 1951 1413 1990 Ι.
1453 1953 1548 1990 226.
1608 1952 1867 2003 Exspectata

226 2034 343 2072 sepes
376 2021 485 2059 vanis
515 2021 636 2060 elusit
667 2023 835 2070 avenis,
877 2021 974 2073 quod
1016 2033 1094 2059 cum
1133 2020 1218 2059 aliis
1249 2020 1356 2058 libris
1388 2019 1536 2058 Veneta
1567 2019 1705 2058 Achat.
1745 2021 1864 2058 1472.

226 2088 384 2127 Mediol.
415 2090 531 2127 1474.
563 2102 624 2140 ap.
656 2089 923 2135 Maittairium,
957 2092 994 2128 et
1025 2090 1120 2140 apud
1152 2102 1209 2128 me
1240 2090 1389 2129 Veneta
1421 2088 1543 2127 Rubei
1575 2091 1613 2127 et
1636 2089 1865 2127 Mutinensis

227 2156 389 2207 hahent,
421 2161 524 2197 certe
555 2170 626 2196 non
659 2158 823 2197 deterius
849 2162 908 2197 est
930 2159 1116 2208 scriptura
1140 2158 1283 2207 altera,
1316 2161 1472 2197 aristis.
1507 2160 1544 2195 et
1569 2159 1735 2196 fortasse
1764 2171 1864 2197 ave-

227 2228 292 2265 nis
324 2225 564 2277 elegantius,
605 2239 712 2278 quum
754 2229 897 2266 aristis
930 2227 1186 2278 praecesserit
1217 2241 1255 2265 v.
1285 2231 1378 2264 220.
1432 2227 1589 2266 Cereris
1621 2227 1790 2278 plerique
1821 2239 1863 2265 o-

227 2307 333 2334 mnes
365 2295 610 2333 coniunxisse
641 2308 720 2333 cum
752 2308 791 2334 v.
823 2296 930 2336 sulci
967 2297 1154 2335 videntur.
1214 2295 1265 2335 Ut
1295 2295 1352 2335 Gl.
1387 2295 1435 2333 V.
1468 2295 1498 2334 Ι.
1545 2296 1704 2335 Cereris
1736 2296 1863 2336 sulci:

228 2367 267 2403 in
300 2363 443 2418 quibus
474 2370 537 2403 est
567 2377 678 2403 ceres
711 2367 931 2403 seminata.
973 2364 1045 2403 Vel
1077 2367 1117 2404 ut
1149 2365 1309 2403 Badius:
1344 2363 1378 2405 Ο
1411 2364 1515 2403 sulci
1545 2368 1707 2404 cereris.
1739 2368 1765 2404 i.
1789 2365 1864 2416 fa-

228 2435 283 2474 cti
314 2433 370 2472 ad
400 2446 567 2472 cererem
596 2433 670 2472 hoc
700 2440 763 2472 est
791 2434 945 2485 fruqem
973 2434 1197 2485 serendam.
1240 2433 1439 2483 Praestat,
1470 2436 1510 2472 ut
1539 2434 1677 2483 iungas
1704 2433 1863 2473 Cereris

227 2503 398 2555 effetas.
459 2499 509 2540 Ut
539 2499 729 2550 Virgilius
760 2500 861 2540 Aen.
894 2501 982 2541 Vll.
1018 2504 1112 2541 440.

512 2591 566 2597 —-
595 2572 708 2609 victa
739 2572 820 2610 situ
852 2571 1008 2622 verique
1039 2570 1150 2610 effeta
1180 2577 1389 2610 senectus:

229 2643 266 2679 et
298 2642 391 2678 452.
425 2639 507 2679 veri
540 2639 651 2678 effeta
682 2646 882 2679 senectus.
945 2639 1097 2685 Sensit,
1130 2640 1201 2678 nisi
1230 2639 1360 2688 fallor,
1399 2639 1586 2679 Domitius
1618 2638 1862 2689 Calderinus,

230 2709 290 2761 qui
321 2709 400 2747 sic:
432 2708 564 2748 Sulci.
596 2720 670 2747 vos
702 2708 808 2747 sulci
839 2710 930 2759 aqri
960 2708 1240 2748 abscondatis.
1285 2709 1497 2761 Efsoetas.
1529 2722 1705 2749 vacuas.
1740 2709 1862 2748 Cere-

230 2780 302 2816 ris.
332 2778 531 2830 frumenti.
578 2776 627 2814 Et
657 2776 821 2814 eumdem
852 2778 887 2815 in
919 2777 1060 2815 modum
1090 2776 1237 2815 Tollius
1268 2789 1329 2828 ap.
1362 2778 1486 2816 Burin.
1517 2778 1669 2832 effetas
1702 2777 1860 2817 Cereris

231 2859 385 2886 avenas
417 2845 584 2897 explicat
614 2844 787 2893 steriles,
818 2846 1000 2885 frumento
1032 2845 1230 2884 carituras.

316 2915 484 2967 Effetas
524 2914 662 2964 scripsi
702 2925 782 2952 cum
822 2914 928 2952 Mon.
960 2914 992 2953 I.
1023 2913 1072 2953 11.
1114 2914 1222 2953 Vrat.
1254 2914 1284 2953 Ι.
1316 2914 1367 2954 11.
1405 2916 1496 2955 Bas.
1537 2914 1644 2953 Rom.
1677 2913 1728 2953 ΙΙ.
1760 2914 1861 2954 Ven.

234 2980 375 3023 Achat.
407 2982 586 3033 Scaligg.
617 2981 726 3023 Pith.
769 2982 932 3035 Effetis
962 2983 1109 3024 Tliuan.
1139 2983 1309 3025 Lasseno
1340 2986 1517 3025 testante.
1559 2984 1756 3037 Effectus
1783 2984 1860 3024 Pe-
