2006 3365
574 174 641 212 DE
676 173 829 213 Pons]
860 172 1195 213 CATONIANA.
1607 172 1707 217 29?

68 300 172 341 quam
204 289 383 333 maxime,
418 289 498 326 eius
526 292 682 339 pec-tim,
717 289 777 340 qui
797 288 995 327 aviditatis
1020 290 1119 326 curis
1145 288 1388 332 dilaceratur,
1423 287 1604 325 inimicum
1625 289 1705 333 est,

69 356 130 395 vel
164 356 312 394 videtur
343 368 452 405 esse,
485 356 636 395 1101111111.
754 356 802 395 V.
837 358 902 395 97.
941 369 1050 407 seqq.

297 424 466 463 Talibus
499 427 538 463 in
579 425 730 463 sludz'is
763 425 904 463 baculo
935 425 1024 463 clam
1055 427 1174 463 uisas
1207 427 1376 476 apricas

294 493 447 532 Pastor
478 497 564 544 assit
606 508 750 541 eurus,
792 500 830 532 et
869 493 956 531 dnm
988 504 1060 530 non
1093 500 1181 532 (ιι-τε
1211 507 1363 531 canora

291 562 502 614 Conpaeta
534 563 703 600 solisluna
733 561 959 599 modulatur
997 562 1194 599 arundine
1224 575 1406 600 carmen:

65 631 124 669 ubi
157 633 325 683 apricas
358 636 447 681 puto
479 644 566 669 esse
598 632 703 681 qnasi
735 630 888 667 diurnae
920 629 1118 679 expositas
1139 628 1236 677 luci,
1270 642 1340 667 non
1374 628 1448 667 alto
1480 629 1514 666 in
1546 630 1702 678 pectore

62 699 185 738 fixas:
219 699 350 751 quales
382 712 495 749 supra
539 713 576 737 v.
609 702 676 737 So.
710 697 912 750 simplices
955 710 1077 735 curas
1111 698 1271 735 dixerat.
1333 697 1469 748 (prinus
1501 697 1702 745 oppositae

61 771 169 815 sunt,
202 768 331 820 quales
365 782 402 806 v.
436 773 501 807 (it).
535 768 727 806 describIt.
789 768 957 817 apricus
989 779 1038 803 ex
1069 765 1253 804 Tliuaneo
1285 766 1489 815 adscripsit
1522 764 1700 802 Vossius.

61 840 99 875 et
130 849 179 875 ex
211 837 340 875 eodem
373 850 547 876 canoras
579 839 617 874 et
647 835 905 882 medemur,-
937 846 986 871 ex
1018 834 1225 872 petaviano
1259 834 1362 872 nihil.
1425 834 1698 884 Augustanus:

58 919 133 944 non
163 906 404 960 afleeanore
444 918 571 944 verum
611 916 683 942 non
723 904 990 954 spoponderim
1032 904 1155 941 statim
1197 904 1245 941 ita
1287 904 1464 953 scriptum
1495 915 1513 940 a
1548 900 1699 939 librario

58 975 208 1012 fuisse:
242 977 344 1013 certe
374 974 553 1029 [littera
583 972 680 1011 hanc
711 973 875 1022 speciem
908 971 1044 1021 hahet,
1078 974 1116 1010 ut
1148 984 1197 1010 ex
1228 971 1298 1009 alia
1326 971 1479 1023 quadam
1505 972 1603 1008 sacta
1634 971 1698 1008 vi·-

57 1042 210 1092 deatur3
252 1046 340 1093 post
370 1057 445 1082 non
476 1045 597 1081 autem
638 1045 812 1092 punctum
851 1042 1014 1079 cernitur
1052 1041 1236 1089 additum,
1278 1044 1367 1090 puto
1409 1040 1453 1077 ad
1495 1038 1698 1077 dirimenda

57 1111 276 1149 vocabula:
308 1124 388 1150 nam
420 1112 601 1162 primum,
634 1113 673 1148 ut
703 1109 802 1148 solet
833 1108 894 1147 liic
926 1109 1048 1147 codex
1082 1110 1315 1158 coniungere
1345 1108 1519 1159 syllabas
1545 1111 1583 1146 et
1616 1107 1696 1145 dis-

56 1181 214 1229 iungere
253 1181 484 1231 promiscue,
528 1178 703 1217 librarius
734 1180 953 1229 ‘scripserat
993 1192 1112 1217 nona.
1188 1177 1322 1216 Mirum
1368 1181 1488 1216 autem
1529 1176 1565 1214 in
1610 1175 1695 1214 loco

56 1252 125 1287 tarn
159 1249 269 1300 plano
301 1250 352 1288 ita
381 1249 562 1287 aberrare
593 1248 764 1298 potuisse
784 1247 985 1285 librarios:
1019 1259 1092 1285 uon
1124 1247 1269 1285 dubium
1303 1247 1416 1294 enim,
1449 1246 1533 1298 quin
1565 1257 1696 1284 verum

55 1319 124 1365 sit,
156 1319 252 1370 quod
290 1318 408 1367 vulgo
441 1317 605 1366 legitur,
639 1317 673 1354 111
706 1317 789 1354 cod.
823 1316 940 1354 Basil.
974 1320 1047 1355 etc.
1081 1330 1155 1355 non
1187 1322 1275 1355 (erte
1301 1329 1454 1354 canora
1515 1317 1555 1352 ut
1587 1315 1696 1352 etiam

53 1387 89 1424 in
122 1386 314 1425 vossiano
349 1390 414 1425 Sl.
447 1387 506 1438 qui
539 1397 676 1423 versus
708 1384 778 1423 lios
810 1389 948 1423 mutato
994 1386 1123 1423 ordine
1166 1384 1304 1426 habet,
1344 1385 1424 1423 ita:
1465 1383 1621 1422 Pastor
1642 1405 1695 1410 —

54 1468 206 1493 canora
251 1455 420 1494 Tule‘bus
453 1454 646 1493 instudiis
675 1476 726 1481 -—
752 1457 931 1507 apricam
964 1452 1058 1503 (sic)
1102 1454 1313 1506 Conpaem
1350 1457 1423 1492 etc.
1484 1453 1697 1504 Conpaeta

57 1525 165 1562 etiam
198 1524 233 1561 in
275 1524 527 1573 Augustam),
571 1526 608 1562 et
647 1523 872 1562 moclolmur
911 1525 949 1562 ut
980 1523 1016 1561 in
1048 1522 1243 1561 Tliuaneo.
1313 1522 1484 1561 solidum
1523 1519 1696 1573 quicquid

57 1596 117 1630 est
148 1592 350 1631 librorum:
384 1605 455 1644 quo
489 1604 633 1631 carmen
666 1597 755 1643 puto
774 1591 958 1642 simplex,
989 1589 1239 1638 ,uoro'zozsom
1275 1591 1508 1640 significari:
1541 1591 1598 1628 cui
1624 1601 1698 1639 op-

56 1662 207 1711 ponitur
237 1662 499 1709 artificiosum,
543 1662 699 1701 varium.
770 1659 819 1699 Ut
857 1662 975 1698 minus
1021 1661 1168 1698 mireris
1208 1660 1304 1712 quod
1346 1659 1531 1698 turbatum
1572 1659 1621 1697 sit
1661 1658 1698 1696 in

57 1730 128 1767 tam
160 1728 270 1779 plana
302 1730 511 1776 sententia,
551 1743 627 1769 non
658 1736 746 1768 arte
777 1743 950 1777 canora,
985 1729 1103 1767 locum
1142 1729 1373 1779 superiorem
1406 1741 1444 1766 v.
1477 1730 1544 1766 85.
1587 1726 1699 1765 adhi-

56 1797 188 1835 buisse
221 1798 386 1846 iuvabit,
429 1798 492 1836 ubi
532 1811 638 1850 quum
678 1798 913 1836 verissimum
952 1799 1003 1837 sit
1041 1810 1085 1837 ac
1130 1797 1441 1848 simplicissimum
1481 1810 1555 1835 non
1586 1801 1698 1841 arte,

58 1878 126 1916 pro
159 1873 249 1906 arte
279 1866 484 1905 'rhuaneus
516 1872 553 1906 et
585 1867 817 1906 Pelavianus
849 1867 932 1906 alte
963 1867 1121 1917 liabent,
1154 1868 1243 1905 alta
1274 1866 1539 1915 Augustanus.
1590 1864 1699 1917 Quod

58 1940 180 1973 autem
220 1935 366 1986 planum
405 1935 475 1974 1100
519 1949 607 1975 esse
647 1936 748 1984 dixi,
792 1949 829 1973 v.
864 1941 930 1975 98.
970 1950 1044 1975 non
1084 1944 1173 1975 arte
1212 1949 1388 1983 canora,
1429 1934 1464 1972 id
1504 1933 1612 1972 nolim
1652 1933 1700 1971 de

59 2003 241 2054 particula
273 2017 347 2042 non
380 2004 566 2053 intelligi,
607 2017 702 2056 quae
740 2017 866 2055 parum
905 2005 1115 2050 commode,
1157 2005 1228 2042 nisi
1269 2003 1398 2051 fallor,
1438 2003 1562 2054 posita
1608 2004 1698 2040 est:

61 2072 304 2122 exspectabit
338 2072 457 2121 enim,
489 2074 550 2124 qui
583 2072 653 2111 1100
693 2073 853 2124 legerit,
893 2075 1106 2124 oppositum
1148 2074 1222 2113 sed
1253 2072 1438 2112 solidum.
1501 2071 1700 2112 Caeterum

61 2140 108 2178 de
140 2143 295 2190 pastore
337 2139 425 2189 illo,
469 2142 574 2180 cuius
613 2144 743 2191 partes
782 2145 869 2181 sunt
910 2143 943 2179 in
983 2141 1139 2191 culice,
1180 2142 1426 2192 accipiendus
1467 2144 1527 2180 est
1571 2139 1700 2186 locus,

62 2222 166 2261 quem
201 2210 527 2259 pertractavimus.
589 2210 638 2249 Ut
669 2211 834 2249 ostendit
865 2210 958 2249 solis
984 2212 1119 2249 11100110
1140 2225 1177 2249 v.
1206 2215 1298 2250 loo.
1320 2224 1378 2263 sq.
1411 2222 1505 2262 qnae
1535 2221 1702 2260 respon-

63 2278 125 2315 det
157 2277 251 2315 solis
284 2279 390 2315 modo
422 2279 493 2317 orti
525 2279 771 2330 descriptioni
804 2293 843 2317 v.
873 2283 1013 2331 4l.sq.
1074 2279 1134 2318 De
1167 2280 1244 2318 vita
1275 2278 1457 2330 pastorali
1490 2278 1526 2316 in
1558 2290 1702 2328 genere

63 2347 157 2384 satis
189 2346 323 2384 dietum
356 2346 439 2384 inde
471 2361 492 2385 a
524 2360 636 2385 versu
660 2351 725 2386 57.
748 2361 864 2400 usquo
898 2348 942 2386 ad
976 2361 1014 2386 v.
1036 2352 1101 2387 96.
1164 2347 1270 2401 Quod
1303 2352 1425 2387 autem
1456 2347 1568 2387 multa
1593 2348 1702 2386 etiam

63 2415 98 2453 in
131 2414 193 2452 illo
226 2414 331 2464 loeo,
364 2416 422 2467 qui
455 2429 475 2454 a
507 2429 619 2454 versu
659 2420 747 2455 103.
780 2417 934 2467 incipit,
976 2416 1022 2455 ad
1062 2416 1158 2455 1111110
1202 2420 1391 2467 pastorem
1432 2429 1505 2455 non
1547 2416 1701 2467 propius

64 2496 169 2536 quam
202 2484 247 2522 ad
289 2485 457 2536 quemvis
494 2484 601 2523 alium
639 2489 830 2536 pastorem
868 2486 1086 2536 attinentia,
1128 2488 1168 2524 ut
1206 2486 1279 2524 ista
1319 2486 1491 2525 arborum
1530 2486 1701 2524 recensio

64 2566 102 2591 v.
141 2555 233 2590 122.
274 2566 357 2604 sqq.
397 2554 579 2604 imperitia
615 2559 752 2604 poetae
790 2558 869 2604 est,
925 2556 1061 2608 ubique
1107 2554 1214 2594 locos
1255 2555 1626 2606 circumspectantis,
1666 2554 1702 2592 in

64 2622 199 2674 quibus
232 2623 446 2660 commorari
469 2635 513 2660 ac
533 2622 661 2661 ludere
681 2624 826 2674 possit,
855 2636 1080 2663 communes.
1141 2624 1270 2663 Monui
1294 2626 1423 2662 eontra
1447 2623 1701 2673 Scaliger-um,

66 2690 111 2729 de
143 2691 247 2729 cuius
280 2691 314 2728 in
348 2689 420 2728 1100
450 2694 529 2729 toto
562 2690 644 2730 loco
676 2697 831 2737 conatu,
865 2705 936 2745 quo
969 2695 1007 2731 et
1037 2694 1167 2731 mutari
1199 2691 1311 2732 multa
1342 2692 1378 2730 in
1409 2692 1588 2731 versibus
1619 2692 1703 2729 sin-

67 2758 193 2808 gulis,
237 2762 274 2798 et
313 2760 470 2797 maxime
512 2771 646 2798 novum
687 2761 831 2800 institui
870 2762 1035 2801 ordinem
1073 2774 1248 2800 versuum
1288 2762 1421 2810 iussit,
1464 2772 1536 2799 non
1580 2759 1702 2798 liabeo

68 2827 164 2880 quod
197 2828 333 2873 dicam,
369 2827 429 2865 vel
462 2827 583 2866 habeo
616 2829 782 2880 quidem,
823 2833 860 2869 et
892 2831 1059 2869 dicturus
1090 2843 1191 2872 sum,
1237 2830 1304 2869 sed
1345 2829 1489 2875 timide,
1531 2829 1702 2881 quoniam

68 2896 168 2934 nullo
199 2897 272 2936 alio
304 2897 410 2935 modo
443 2898 654 2947 oppugnari
686 2911 800 2948 posse
838 2898 910 2937 hac
947 2900 982 2938 in
1021 2912 1060 2938 rc
1099 2899 1335 2948 Scaligerum
1375 2899 1508 2946 video,
1562 2897 1631 2935 nisi
1664 2898 1703 2936 ut

70 2978 184 3016 supra
223 2966 364 3005 modum
405 2965 590 3004 credulum
630 2967 748 3004 fuisso
789 2967 1024 3019 Scaligerum
1066 2968 1190 3015 dicas,
1232 2970 1295 3006 aut
1325 2968 1371 3005 110
1404 2967 1475 3005 lide
1508 2967 1598 3006 tanti
1630 2967 1703 3005 viri

72 3033 261 3073 detrahas.
323 3034 453 3073 Verba
483 3037 570 3074 sunt
602 3034 791 3084 Scaligeri
823 3049 861 3087 p.
899 3040 975 3075 13:
1020 3037 1069 3076 In
1098 3037 1160 3076 his
1192 3049 1285 3087 erqo
1315 3036 1446 3076 ordini
1476 3048 1549 3076 suo
1579 3038 1701 3076 resti-
