2006 3365
484 132 538 171 ΙΝ
569 132 786 172 VALERII
819 131 1056 173 CATONIS
1087 131 1271 171 DIRAS.
1637 135 1704 178 39

61 260 159 288 rura
190 249 300 287 senis
333 248 464 287 nostri
494 247 837 298 interpretabatur:
869 259 988 296 agros
1018 260 1040 286 a
1070 249 1177 298 patre
1201 246 1378 293 relictos,
1411 248 1449 285 et
1472 245 1701 284 fecunditate

58 315 196 355 ceteris
229 317 539 366 praestantiores.
601 316 705 368 Quae
736 316 996 366 interpretatio
1036 328 1109 354 non
1149 315 1268 354 solum
1307 327 1457 354 sensum
1489 326 1697 365 nexumque

60 383 160 432 loci,
193 396 264 436 qua
294 384 341 422 de
371 396 412 422 re
443 386 566 423 statim
599 385 738 432 dicam,
779 383 996 435 perturbat,
1039 384 1107 422 sed
1140 385 1247 423 etiam
1280 383 1352 422 hoc
1382 383 1599 421 incommodi
1630 382 1700 421 lia-

58 453 145 501 bet,
177 452 275 504 quod
307 464 379 490 non
410 453 507 491 satis
539 454 741 503 perspicue
773 466 895 491 senex
926 452 1061 490 dicitur
1093 454 1210 501 pater.
1273 452 1476 491 Praeterea
1516 451 1562 489 de
1592 455 1700 501 patre

60 519 221 560 Catonis
254 519 365 572 plane
395 520 483 559 1111111
517 524 684 568 constat,
720 533 842 572 neque
874 519 947 558 ulla
978 522 1038 557 est
1069 520 1102 556 in
1136 523 1215 557 toto
1248 521 1408 557 carmine
1437 520 1571 558 mentio
1603 521 1698 558 eius.

60 590 199 628 Contra
235 589 398 628 villicum
431 589 716 639 intelligendum
747 601 835 627 esse
876 589 970 626 satis
1009 588 1177 626 declarat
1215 589 1342 626 addita
1380 593 1564 627 seminum
1596 600 1699 627 com-

57 659 285 696 memoratio.
348 658 429 697 Fuit
460 671 567 710 quum
598 657 696 696 hunc
726 671 854 696 senem
886 656 1050 694 villicum
1090 656 1224 694 nullum
1256 656 1362 694 alium
1394 669 1482 695 esse
1513 670 1618 708 quam
1651 656 1699 694 il-

56 725 127 765 lum
160 727 275 765 toties
302 726 559 777 compellatum
592 738 708 765 versu
740 725 953 764 intercalari
982 726 1193 764 Baliarum
1221 725 1479 763 coniiciebam.
1523 725 1600 763 Sed
1626 725 1697 763 ab-

56 795 128 834 ieci
172 796 436 834 coniecturam.
511 794 596 833 Non
640 794 737 832 bene
775 795 952 832 convenit
996 794 1123 832 villico
1164 805 1316 841 αυεηας
1361 805 1481 844 neque
1520 792 1699 833 Catonem

55 868 172 915 puto,
205 877 312 915 quum
344 865 459 902 toties
493 864 673 902 vocativo
706 862 904 913 compellet
936 863 1151 911 Battarum,
1192 862 1306 900 semel
1340 862 1386 900 de
1425 862 1554 900 eodem
1585 864 1698 901 senis

53 936 182 972 nostri
213 933 393 972 dicturum
424 933 558 970 fuisse.

139 1002 287 1041 Nexum
319 1001 671 1053 distinctionenupie
713 1000 784 1039 loci
816 1000 1013 1051 praeclare
1052 1000 1198 1038 adiuvit
1235 998 1437 1048 Scaliger,
1477 1000 1538 1050 qui
1576 1011 1695 1037 voca-

54 1072 167 1110 tivum
201 1083 289 1109 esse
317 1071 461 1122 felicia
493 1083 613 1118 rura,
656 1074 694 1109 et
723 1071 902 1121 fecunda
933 1069 1163 1107 referendmn
1206 1081 1292 1105 esse
1333 1067 1378 1105 ad
1410 1070 1582 1116 semina,
1624 1080 1696 1105 11011

51 1140 96 1178 ad
128 1153 245 1189 rura,
278 1138 479 1177 intellexit.
540 1139 792 1178 Praeiverant
823 1139 996 1190 antiquae
1039 1136 1263 1176 nonnullae:
1306 1137 1458 1176 Veneta
1487 1135 1628 1175 Achat.
1662 1137 1695 1173 111

51 1221 123 1260 qua
146 1209 236 1248 Nec
255 1208 462 1261 fecunda:
497 1210 607 1247 senis
640 1211 794 1247 nostri:
826 1208 973 1259 felicia
1004 1222 1036 1245 r.
1070 1210 1108 1245 et
1138 1207 1170 1244 si
1201 1207 1284 1258 quis
1316 1208 1413 1244 forte
1445 1218 1517 1243 11011
1548 1205 1695 1243 inultum

51 1277 282 1316 tribuendum
314 1289 402 1316 esse
433 1277 724 1327 interpunctioni
764 1277 799 1314 in
839 1280 911 1315 tam
951 1276 1102 1327 antiquo
1145 1275 1240 1313 libro
1280 1275 1442 1313 dixerit:
1483 1286 1563 1312 nam
1602 1286 1694 1312 sane

51 1345 299 1394 negligentes
331 1349 404 1383 tum
438 1348 545 1383 erant
582 1344 652 1383 hac
691 1346 725 1383 in
758 1358 820 1392 re,
862 1347 902 1384 ut
939 1343 1033 1382 haec
1072 1345 1154 1394 ipsa
1186 1345 1336 1383 Veneta
1368 1343 1530 1381 Acliatis
1568 1342 1693 1393 paullo

51 1417 139 1452 ante
172 1427 211 1453 v.
245 1418 282 1452 6.
317 1415 445 1464 11101110
477 1413 584 1452 colon
616 1413 732 1453 habet
763 1417 852 1465 post
881 1423 1006 1453 rest-o:
1041 1414 1149 1451 etiam
1169 1412 1334 1451 Aldinae
1365 1413 1437 1450 ita:
1477 1412 1565 1451 IVec
1587 1412 1691 1462 foee.

51 1498 87 1522 s.
122 1486 273 1531 nostri,
310 1483 454 1534 felicia
486 1496 607 1531 rura,
651 1483 751 1522 Sem.
785 1486 823 1522 et
859 1483 915 1520 sic
946 1485 1031 1520 ante
1063 1481 1225 1519 Aldinas
1266 1480 1390 1518 Aldus
1422 1492 1502 1518 cum
1538 1479 1692 1518 Taurin.

55 1554 172 1590 1518.
203 1553 241 1589 et
271 1553 360 1601 post
389 1550 553 1589 Aldinas
584 1551 693 1589 aliae.
744 1550 794 1590 Ut
824 1554 945 1589 autem
974 1563 1043 1588 nos
1068 1549 1186 1588 locum
1217 1550 1441 1599 accipimus,
1476 1549 1584 1587 etiam
1612 1561 1690 1586 me-

48 1618 120 1657 lius
150 1619 324 1670 procedit
355 1620 475 1658 oratio
506 1623 663 1670 poetae,
697 1632 803 1672 quam
836 1632 857 1658 0
889 1618 1081 1667 ,501111ξοιῆ
1116 1619 1272 1656 ratione.
1318 1617 1496 1663 Scilicet,
1529 1619 1568 1655 111
1592 1616 1690 1655 Sca-

47 1687 147 1737 liger
177 1688 297 1737 legit,
330 1689 419 1728 Nec
446 1689 672 1740 foecunda,
715 1691 830 1729 sinus
862 1690 992 1728 nostri
1021 1687 1166 1740 felicia
1197 1700 1316 1736 rura,
1355 1688 1515 1726 Semina
1543 1693 1689 1738 partes

46 1759 154 1795 riecnt
185 1764 364 1809 seqetes,
396 1769 516 1808 pausa
546 1758 783 1805 sententiae,
816 1760 854 1797 et
884 1757 1099 1805 distinctio,
1140 1769 1212 1795 11011
1245 1756 1341 1794 satis
1373 1755 1572 1804 eleganter
1603 1757 1689 1806 post

47 1825 231 1876 syllabam
263 1826 405 1876 dactyli
437 1827 638 1865 secundam
681 1827 833 1875 incidit3
873 1830 911 1865 ut
951 1839 1045 1875 nos,
1087 1827 1122 1864 in
1165 1837 1356 1864 caesuram
1397 1824 1505 1874 pedis
1548 1824 1688 1876 quarti,

48 1906 143 1946 quae
175 1893 516 1945 lieplitbemimeres
548 1896 702 1943 dicitur,
735 1895 832 1947 quod
865 1895 977 1934 multo
1008 1896 1131 1945 aptius
1163 1897 1274 1945 atque
1307 1893 1494 1931 usitatius.
1552 1892 1687 1945 Quam-

48 1975 152 2015 quam
183 1964 218 2002 ei
250 1964 304 2002 rei
334 1976 407 2002 non
440 1965 584 2002 nimium
617 1964 808 2002 tribuerim
841 1965 877 2002 in
908 1963 982 2002 hoc
1011 1967 1138 2014 poeta.
1178 1962 1344 2010 Deinde,
1377 1961 1474 2013 quod
1507 1962 1687 2010 gravius,

49 2037 87 2070 ut
118 2032 296 2082 Scaliger
327 2032 446 2072 locum
478 2033 594 2082 legit,
627 2033 861 2072 obscuritate
887 2032 1056 2080 laborat,
1089 2045 1195 2084 quum
1224 2044 1294 2069 11011
1319 2032 1413 2069 satis
1436 2032 1583 2080 pateat,
1617 2041 1688 2068 vo-

49 2102 207 2139 cativum
240 2114 328 2140 esse
357 2102 501 2154 felicia
532 2115 641 2141 rura.
694 2102 734 2140 Id
768 2103 937 2141 sentiens
959 2100 1136 2150 Scaliger
1166 2099 1327 2138 malebat
1349 2112 1369 2137 o
1392 2099 1581 2147 inserere,
1614 2098 1684 2137 ita:

47 2172 162 2209 sinus
193 2173 320 2209 nostri
350 2184 371 2210 o
401 2172 545 2223 felicia
574 2185 695 2219 rura,
728 2174 801 2209 etc.
852 2170 908 2209 At
939 2183 989 2208 ex
1020 2173 1149 2208 nostra
1180 2168 1364 2216 lectione,
1396 2170 1546 2217 nostri,
1579 2180 1686 2219 quum

47 2239 211 2289 speciem
241 2238 378 2279 haheat
407 2240 694 2293 alloquutionis:
729 2245 789 2279 est
820 2241 914 2279 enim
946 2242 1057 2279 senis
1089 2240 1218 2278 nostri
1257 2238 1352 2276 idem
1383 2249 1428 2275 ac
1459 2237 1491 2275 si
1523 2236 1688 2276 dixisset

47 2310 157 2347 senis
188 2310 260 2346 mei
289 2316 327 2348 et
355 2312 506 2349 vestri:
539 2313 742 2360 praeparat
773 2311 879 2361 quasi
910 2309 1106 2347 transitum
1139 2307 1181 2345 ad
1216 2306 1446 2345 vocativum.
1491 2305 1685 2356 Denique,

46 2376 143 2428 qnod
176 2388 247 2414 non
280 2389 483 2428 monerem,
524 2380 594 2417 nisi
626 2379 801 2430 ambigua
833 2391 877 2417 ea
908 2378 954 2416 de
987 2390 1026 2416 re
1058 2376 1248 2425 Scaligeri
1281 2375 1402 2414 verba
1434 2377 1587 2423 essent,
1625 2376 1685 2412 sa-

47 2444 119 2484 cile
150 2444 395 2495 intelligitur,
424 2448 601 2499 fecunda
632 2450 785 2487 semina
826 2447 1091 2485 nominativum
1124 2458 1232 2491 esse,
1274 2451 1431 2496 seyeles
1462 2443 1685 2494 pendentem

47 2527 69 2553 a
102 2513 219 2552 verbo
248 2518 479 2566 parturiant
508 2518 785 2555 accusativum:
828 2516 1068 2554 sterilescant
1098 2517 1202 2563 sata,
1243 2526 1364 2565 neque
1395 2515 1588 2563 erumpant
1618 2524 1685 2550 se-

47 2584 144 2621 mina
173 2583 278 2621 senis
309 2583 451 2632 nostri,
482 2586 719 2635 quantumvis
750 2585 910 2623 fecunda
942 2584 1026 2633 illa,
1057 2584 1125 2621 sed
1158 2585 1357 2633 putescant
1389 2583 1533 2632 (Varro
1558 2582 1605 2620 R.
1634 2580 1683 2618 R.

49 2654 80 2691 1.
113 2656 297 2701 xxx1v.),
330 2651 390 2689 vel
424 2652 482 2689 diu
513 2653 667 2692 iacendo
701 2654 759 2701 (ut
789 2666 849 2704 ap.
883 2652 1040 2691 Plinium
1074 2653 1121 2690 Η.
1153 2652 1201 2690 Ν.
1233 2650 1379 2690 XVIII.
1417 2651 1552 2699 xvv.)
1589 2662 1684 2687 eva-

48 2723 227 2770 nescant,
272 2723 467 2771 antequam
511 2733 701 2772 erumpere
741 2724 779 2760 et
810 2722 997 2772 parturire
1029 2723 1198 2769 segetem
1230 2721 1393 2771 possint.
1453 2718 1527 2759 Vel
1559 2719 1684 2768 potius

48 2789 94 2827 110
126 2802 281 2838 caussa,
325 2801 438 2840 quare
470 2789 555 2827 inde
586 2790 632 2828 ab
674 2791 745 2829 boc
785 2793 952 2841 tempore
992 2790 1254 2828 secunditatem
1294 2789 1435 2827 semina
1472 2800 1571 2825 suam
1610 2798 1682 2824 11011

49 2858 335 2909 comprohatura
366 2858 461 2907 sint,
500 2869 571 2895 non
602 2862 777 2898 accurate
816 2860 1006 2908 cogitavit
1038 2858 1158 2898 Cato:
1202 2859 1422 2907 portentosa
1460 2857 1683 2905 imprecatur

47 2939 143 2977 agro
174 2939 265 2976 suo,
304 2929 342 2966 et
373 2938 466 2978 quae
505 2925 692 2965 excedant
722 2928 1047 2966 consuetudinem.
1108 2925 1248 2965 Verum
1280 2928 1358 2975 est,
1399 2931 1566 2975 seyetem
1596 2923 1681 2974 ple-

47 3007 199 3048 rumque
237 3007 326 3035 esse
364 2996 484 3047 ipsum
514 3005 645 3044 agrum
681 2997 820 3046 satum,
862 2995 923 3035 vel
963 2996 999 3035 in
1030 3007 1102 3048 quo
1141 2994 1360 3044 serendum,
1398 2991 1612 3032 Broukhus.
1644 2993 1680 3031 111
