2006 3365
459 148 513 188 ΙΝ
544 148 760 189 VALERH
793 148 1032 190 CATONIS
1062 146 1244 189 DIRAS.
1607 149 1674 194 93

36 265 71 304 id
103 264 197 303 enim
237 264 298 302 est
334 270 501 312 aestus,
541 264 788 303 usitatissima
828 263 1003 302 vocabuli
1042 262 1152 302 huius
1192 263 1407 314 potestate,
1450 263 1489 300 et
1527 261 1674 313 quidem

36 341 123 373 ater
152 335 304 376 aestus.
348 332 518 383 quoniam
556 333 624 371 iam
657 333 842 372 turbatum
876 333 1028 381 lingitur
1067 345 1185 370 mare:
1233 332 1352 381 igitur
1390 330 1523 369 fluctus
1562 330 1674 368 maris

36 414 141 454 quun·
173 407 472 444 convertamur,
517 401 679 440 efficitur
717 405 755 440 ut
786 412 947 439 summae
987 401 1095 448 liant,
1135 402 1173 438 et
1211 400 1246 437 in
1286 399 1519 450 superficiem
1560 398 1674 436 maris

35 469 208 517 veniant,
241 480 336 521 quae
366 471 452 507 ante
483 469 597 517 imae,
630 469 817 521 fundoque
848 469 960 507 maris
991 467 1188 518 proximae
1217 479 1348 519 aquae.
1391 467 1519 519 Atque
1545 467 1673 506 eadem

35 538 98 576 via
129 535 283 585 beluae,
314 537 499 587 abreptae
531 537 663 576 fluctus
690 550 833 576 sursum
859 536 1050 574 tendentis
1075 535 1234 585 impetu,
1267 548 1316 574 ex
1336 536 1520 586 profundo
1545 547 1674 585 agun-

35 610 106 645 tur.
167 605 245 643 Sed
278 605 440 656 optimus
472 604 580 644 liuius
612 605 663 643 rei
703 605 889 654 interpres
921 603 1064 642 Plinius
1102 606 1162 641 est
1193 603 1275 642 loco
1307 616 1391 653 sup.
1424 603 1523 641 laud.
1555 603 1600 642 ad
1633 617 1672 641 v.

35 678 102 713 55.
135 695 187 701 —
216 673 421 727 procellae
451 674 497 712 ab
531 674 600 711 imo
633 677 782 711 vertunt
808 675 958 720 maria,
987 671 1263 725 pulsatasque
1284 686 1333 711 ecc
1355 673 1557 724 profundo
1590 672 1673 711 bel-

34 743 128 782 luas
160 756 244 781 eum
273 743 458 794 fluetibus
492 742 667 782 volvunt.
728 740 978 792 Neptunum,
1019 743 1057 779 et
1097 739 1277 778 stimulari
1317 739 1450 778 beluas
1489 741 1673 791 tridenti,

34 811 81 849 de
119 823 188 850 suo
229 811 370 850 addidit
410 808 530 858 Cat0,
573 814 752 860 tamquam
793 811 916 859 poeta.
977 806 1239 848 Coniecturain
1279 806 1468 856 Scaligeri
1507 809 1674 847 certatim

33 879 199 931 amplexi
230 882 337 928 sunt,
378 881 441 917 aut
472 877 633 916 eamdem
666 879 753 928 post
786 876 1023 925 Scaligerum
1055 877 1183 915 fecere
1218 876 1290 914 viri
1325 876 1447 921 docti,
1491 875 1675 914 Heinsius

34 949 79 987 ad
113 948 149 986 h.
182 947 206 986 l.
248 945 507 986 Broukhusius
545 945 589 983 ad
632 945 805 996 Propert.
838 945 886 984 11.
927 960 1009 993 xu,
1044 947 1109 984 ⁴4.
1150 948 1188 984 et
1229 943 1490 984 Broukliusius
1530 945 1675 997 quidem

35 1017 291 1064 confidenter,
327 1014 507 1053 Heinsius
537 1014 582 1052 ad
614 1012 651 1051 h.
686 1013 709 1051 Ι.
741 1013 932 1059 modeste,
964 1016 1002 1052 et
1032 1016 1070 1052 ut
1101 1013 1217 1051 scribi
1244 1014 1353 1052 etiam
1380 1014 1551 1063 potuisse
1580 1027 1676 1052 eon-

33 1092 192 1125 vertens
224 1085 396 1122 fateatur.
457 1082 601 1133 Nempe
633 1095 739 1136 quum
771 1082 1129 1121 animadvertissent
1160 1082 1232 1120 viri
1263 1082 1387 1131 docti,
1420 1081 1676 1121 oblitteratum

34 1165 122 1192 esse
155 1152 214 1191 hic
247 1151 324 1190 illic
356 1165 515 1191 verrere
548 1152 721 1201 verbum,
763 1163 905 1203 proque
937 1163 982 1189 eo
1013 1157 1167 1191 vertere
1197 1151 1400 1202 repositum
1431 1163 1453 1189 a
1485 1150 1676 1200 librariis,

34 1221 86 1260 illi
118 1221 214 1273 quod
247 1233 317 1259 suo
349 1219 432 1258 loco
466 1220 562 1258 benc
601 1223 712 1272 atque
755 1219 955 1269 eleganter
997 1219 1153 1267 dicitur,
1194 1221 1435 1273 exquisitum
1467 1232 1534 1270 per
1565 1232 1608 1258 se
1638 1220 1677 1259 et

34 1290 172 1342 ubique
204 1302 293 1328 esse
325 1289 418 1333 rati,
461 1289 521 1340 qui
555 1300 660 1326 error
691 1287 822 1326 multas
854 1300 994 1339 pravas
1026 1288 1264 1327 coniecturas
1295 1289 1463 1339 peperit,
1507 1288 1677 1326 ubicum-

33 1371 104 1410 que
136 1358 214 1397 tieri
247 1360 399 1408 posset,
442 1356 670 1395 inl'erendum
710 1368 798 1394 esse
842 1356 996 1394 verbum
1034 1370 1192 1396 verrere
1223 1360 1467 1405 censuerunt,
1511 1360 1550 1395 ct
1581 1368 1676 1395 vero

35 1425 257 1473 intulerunt,
289 1425 349 1464 ubi
382 1425 507 1463 inferri
540 1437 659 1476 neque
692 1424 857 1463 debehat
889 1437 1008 1476 neque
1039 1427 1202 1475 poterat.
1259 1423 1309 1464 Ut
1340 1425 1374 1462 in
1406 1424 1526 1463 locum
1559 1424 1676 1464 Cato-

36 1496 106 1533 nis.
152 1493 213 1535 Cs.
245 1506 340 1547 quae
374 1494 603 1533 Burmannus
643 1492 790 1541 laudat,
830 1493 988 1531 Heinsio
1030 1492 1220 1543 disputata
1257 1493 1302 1531 ad
1335 1492 1450 1532 Ovid.
1482 1493 1613 1532 Amor.
1645 1492 1676 1532 1.

36 1579 92 1611 ix,
129 1567 191 1601 14.
224 1563 378 1602 Metam.
411 1562 479 1601 Xl.
516 1566 609 1600 499.
651 1561 699 1600 ad
731 1560 862 1600 Silium
892 1560 1002 1600 XIV.
1037 1564 1131 1600 262.
1178 1564 1217 1601 et
1247 1562 1457 1600 Burnianno
1489 1562 1562 1612 ipsi
1593 1562 1677 1600 ani-

33 1632 232 1671 madversa
264 1631 298 1669 in
331 1630 450 1670 Antli.
484 1630 565 1669 Lat.
596 1629 644 1669 T.
677 1630 707 1668 l.
741 1643 778 1681 p.
811 1634 906 1669 563.
966 1629 1107 1669 Melius
1139 1630 1292 1669 diversa
1323 1630 1525 1679 distinguit
1552 1629 1677 1669 Laeli-

34 1712 188 1740 mannus
218 1700 262 1738 ad
297 1699 484 1750 Propertii
518 1699 636 1738 locum
669 1698 780 1737 illum.
842 1698 1043 1748 Attingam
1075 1698 1262 1738 nonnulla.
1325 1698 1387 1737 Ad
1421 1698 1553 1738 Silium
1586 1711 1679 1738 vera

35 1772 93 1809 est
116 1769 320 1820 disputatio
343 1768 514 1816 Heinsii,
547 1782 706 1808 verrere
729 1768 987 1817 restituentis,
1019 1768 1097 1807 sic:
1131 1781 1203 1808 seu
1226 1767 1376 1807 retibus
1404 1781 1555 1822 aequor
1585 1782 1678 1807 ver-

35 1852 133 1878 rere.
178 1838 263 1876 item
298 1842 401 1876 recte
432 1838 550 1876 sentit
581 1836 625 1875 de
657 1836 787 1876 Ovidii
819 1836 926 1882 loco,
960 1849 1032 1888 quo
1062 1841 1199 1888 postea
1229 1836 1274 1875 ad
1307 1849 1346 1874 v.
1370 1840 1436 1875 (30.
1462 1840 1563 1887 utar,
1589 1836 1678 1875 Me-

35 1910 121 1946 tam.
152 1906 223 1945 Xl.
257 1909 351 1945 499.
414 1906 468 1945 At
500 1907 534 1944 in
574 1906 733 1955 vulgata
772 1905 959 1956 scriptura
992 1905 1135 1944 Valerii
1168 1904 1291 1944 Flacci
1323 1904 1430 1944 Vlll.
1464 1907 1559 1944 325.
1592 1904 1677 1957 quid

37 1975 182 2015 tandem
214 1975 347 2014 insulsi
377 1971 466 2014 est?
499 1974 632 2023 Immo,
665 1975 698 2012 si
729 1974 813 2026 quid
847 1974 881 2012 in
914 1986 959 2012 eo
991 1973 1075 2012 loco
1107 1973 1250 2012 insulse
1281 1974 1439 2020 dictum,
1479 1973 1565 2012 illud
1598 1977 1678 2022 est,

36 2043 134 2096 quod
174 2043 409 2094 amplectitur
446 2044 650 2092 Heinsius,
694 2041 890 2082 Aldinum:
962 2041 1170 2082 Verrentes
1214 2045 1324 2082 imum
1360 2045 1518 2096 pariter
1557 2056 1678 2082 mare.

45 2112 214 2152 Verrunt
237 2113 339 2151 venti
363 2112 499 2165 aliquid
524 2125 573 2150 ex
601 2113 670 2151 imo
694 2113 796 2161 mari,
830 2115 868 2151 ut
892 2123 1051 2161 arenas,
1084 2115 1146 2152 aut
1172 2119 1335 2153 verrunt
1357 2125 1531 2151 summum
1557 2123 1677 2150 mare:

38 2185 148 2221 imum
179 2195 285 2221 mare
316 2193 387 2220 non
419 2185 591 2221 verritur
621 2194 642 2220 a
675 2181 824 2228 ventis,
856 2181 923 2220 sed
954 2184 1137 2221 vertitur.
1189 2180 1263 2222 Vel
1295 2182 1328 2220 si
1360 2181 1506 2233 quando
1537 2181 1588 2219 ita
1618 2179 1679 2218 lo-

38 2251 141 2303 quuti
173 2254 259 2289 sunt
287 2254 424 2301 poetae
456 2250 582 2298 latini,
615 2251 732 2288 minus
764 2252 937 2289 accurate
967 2249 1110 2302 loquuti
1142 2253 1249 2299 sunt,
1282 2252 1321 2289 ut
1351 2249 1568 2288 Marcianus
1599 2247 1679 2288 Ca-

39 2319 159 2371 pella,
202 2318 411 2368 Ennodius,
453 2318 680 2357 Prudentius
727 2319 822 2369 apud
865 2319 1057 2357 Heinsium
1096 2318 1142 2357 ad
1182 2318 1297 2358 Ovid.
1338 2318 1434 2357 Met.
1470 2317 1539 2357 XI.
1584 2321 1680 2357 ⁴99.

40 2388 89 2427 Et
120 2387 216 2439 apud
252 2386 485 2426 Prudentlum
524 2388 669 2440 quidem
706 2387 767 2426 alii
809 2388 945 2428 Vertat
983 2387 1131 2437 legunt.
1191 2387 1409 2427 Marcianus
1440 2386 1503 2426 lib.
1538 2386 1607 2426 lx.
1641 2399 1677 2437 p.

42 2459 137 2495 307.
170 2456 245 2494 ita:

381 2524 435 2563 Ee
465 2524 557 2563 lieet
587 2525 765 2565 indomite·
795 2526 886 2565 dira
913 2526 1097 2580 procella
1127 2526 1230 2566 Noti

381 2592 554 2644 Spumea
582 2595 766 2647 Scyllaei
796 2602 970 2635 verreret
1001 2597 1076 2634 ima
1106 2597 1254 2643 maris,

383 2660 611 2713 Delphinus
643 2665 739 2703 totis
772 2663 1012 2704 sollicitavit
1043 2668 1188 2719 aquis,

384 2729 438 2769 Ec
467 2730 625 2770 melicos
657 2739 799 2771 cantus
833 2732 965 2772 bellua
994 2739 1117 2784 qrata
1147 2732 1250 2773 tulit.

44 2798 188 2838 Valerii
219 2798 342 2839 Flacci
374 2796 493 2837 locuni
525 2798 620 2849 quod
652 2800 808 2849 attinet,
840 2813 915 2850 ego
947 2813 1042 2854 quae
1073 2801 1124 2840 sit
1156 2799 1321 2840 Aldinae
1350 2799 1577 2848 auctoritas,
1609 2808 1680 2836 ne-

45 2869 147 2920 Βοῖος
178 2867 251 2908 hoc
281 2868 384 2917 scio,
416 2865 581 2918 perbene
611 2867 706 2917 dici,
738 2869 834 2921 quod
867 2869 918 2908 ihi
949 2867 1071 2918 vulgo
1101 2867 1263 2919 legitur:

280 2937 443 2977 Videre:
477 2937 598 2989 inque
624 2938 733 2975 imum
760 2939 917 2989 pariter
945 2950 1054 2978 mare
1080 2940 1265 2990 protinus
1297 2949 1426 2976 omnes

272 3006 430 3057 Infeseo
462 3006 631 3045 clamore
661 3012 799 3044 ruunt:
