2006 3365
570 171 835 213 RECENSIO
871 171 1163 212 LIBRORUM.
1603 174 1704 218 373

67 288 197 327 ΠαΙῘιί
226 288 282 327 acl
313 287 543 339 Greyorium
583 289 797 327 Corrarmn
834 287 1016 327 Venetam
1056 291 1096 326 in
1128 287 1327 342 quasdam
1355 285 1538 339 fabella-5·
1572 285 1704 340 Efopi

62 359 264 409 prefatio,
298 359 335 395 et
367 357 514 395 fabulae
535 360 611 406 40,
643 357 816 395 distichis
837 357 1017 407 scriptae.
1079 356 1350 406 inscriptiones
1382 356 1578 394 carminum
1607 365 1704 391 nune

65 425 217 464 eaedem
250 429 336 464 sunt
356 456 364 471 ‚
399 439 493 478 quae.
526 427 561 464 in
593 426 675 464 eod.
710 424 948 473 Basileensi,
981 427 1020 463 ut
1051 436 1086 461 n.
1119 429 1156 463 9.
1191 427 1257 463 32.
1290 427 1358 463 28.
1384 427 1450 463 29.
1475 423 1585 472 alibi,
1608 434 1704 460 inmc

64 493 239 533 differunt
271 494 450 534 nonnihil.
483 493 787 534 Commemorabo
820 495 979 544 potiora.
1041 505 1077 530 n.
1112 495 1148 529 4.
1190 493 1360 532 Aleinus
1402 496 1482 541 est,
1523 504 1593 529 non
1626 492 1702 529 At-

64 564 210 601 cinins.
271 576 305 600 n.
345 566 405 602 15.
444 566 503 601 16.
536 562 754 613 simpliciter
789 562 836 601 P.
875 561 919 601 V.
953 560 1018 599 M.
1049 561 1258 599 versiculi.
1319 573 1354 598 n.
1390 563 1456 599 20.
1491 561 1576 616 (hm
1607 574 1701 599 eon.-

64 633 270 670 tineantnr
309 635 347 670 in
386 632 512 670 [rihm-
552 631 735 683 operibns
789 630 960 681 l'z'rffl‘h‘i.
1022 642 1056 667 n.
1100 633 1166 667 30.
1210 629 1258 667 P.
1306 629 1465 679 Virsyilii
1507 629 1699 668 stlta-onis

63 702 197 739 Aetna
240 714 315 753 que
345 714 370 738 a
403 701 641 754 quibusdam
687 700 872 738 Cornelio
913 698 1114 737 tribuitur.
1162 700 1199 736 et
1240 698 1275 735 in
1307 698 1408 735 line:
1454 698 1501 736 P.
1555 698 1595 737 V.
1642 699 1700 736 M.

64 771 197 808 Aetna
227 771 327 821 finit.
361 773 439 808 elsi
469 769 646 808 nmmnlli
676 768 859 807 Cornelio
889 767 1131 805 tribuantur.
1190 778 1227 819 n.
1248 769 1312 802 26.
1339 764 1503 804 Octavii
1529 767 1705 817 Auyusti

60 853 134 892 pro
173 838 282 889 Virq.
315 839 483 876 Aeac-id.
515 851 675 876 versus.
737 837 830 874 Post
862 848 895 872 n.
932 840 996 874 20.
1029 832 1160 876 τελιῦς
1191 834 1392 884 scriptum,
1442 837 1479 872 et
1511 847 1605 885 quae
1638 848 1703 872 se-

63 908 187 958 quitur
219 909 357 957 pagiua
392 919 509 944 vacua
542 906 672 944 relicta
705 910 777 943 est.
838 904 985 943 Rursus
1018 906 1106 954 post
1138 915 1172 940 n.
1192 906 1258 941 32.
1296 902 1406 942 Finis
1439 903 1644 953 seriptum,
1668 906 1705 941 et

63 976 274 1029 Ercerpta
306 989 355 1014 ea*
386 975 583 1027 Priapeia
615 986 748 1011 novam
780 975 955 1023 paginam
988 973 1189 1022 incipiunt3
1223 984 1352 1010 rursus
1384 975 1472 1022 post
1503 971 1596 1009 haec
1624 973 1701 1010 Ex-

63 1049 193 1095 cerpta
226 1044 338 1082 Finis
371 1045 572 1094 scriptum,
607 1046 644 1081 et
676 1055 710 1080 u.
745 1045 810 1080 25.
854 1054 986 1080 novam
1029 1044 1202 1091 paginam
1249 1042 1392 1091 incipit.
1457 1040 1562 1080 Unde
1594 1041 1702 1079 colli-

63 1125 136 1160 gas
168 1113 292 1151 statim
325 1113 371 1150 ab
403 1113 506 1150 inItio
539 1124 609 1149 non
643 1113 874 1162 propositum
907 1111 1026 1148 luisse
1058 1109 1232 1157 librario,
1266 1112 1304 1149 ut
1334 1108 1516 1160 opuscula
1546 1110 1703 1158 Virgilii

63 1185 101 1218 et,
134 1182 293 1219 carmina
325 1181 465 1218 minora
497 1180 684 1218 scriberet
715 1184 867 1227 cuncta,
909 1179 975 1218 sed
1009 1191 1088 1217 eum
1121 1191 1170 1216 ex
1204 1178 1322 1224 libro,
1356 1191 1462 1231 quem
1494 1181 1580 1217 ante
1611 1190 1703 1216 ocu-

65 1249 120 1286 los
154 1249 340 1296 habebat,
373 1261 467 1288 nunc
497 1248 594 1297 hoc,
626 1261 721 1287 nunc
754 1248 924 1298 elegisse
956 1248 1058 1285 illud.
1121 1247 1263 1286 Habuit
1293 1240 1415 1286 autem
1447 1252 1534 1285 ante
1555 1246 1702 1295 oculos,

63 1319 133 1355 nisi
169 1317 297 1366 fallor,
331 1321 393 1357 aut
426 1318 627 1357 Romanam
661 1317 708 1356 ll.
752 1322 836 1367 aut,
868 1317 964 1370 qnod
999 1316 1142 1364 malim,
1181 1316 1289 1355 aliam
1321 1320 1506 1355 vetustam
1539 1329 1585 1354 ex
1620 1316 1703 1354 Ro-

62 1399 166 1424 mana
198 1386 247 1425 ll.
281 1388 500 1425 derivatam.
562 1387 601 1425 ld
646 1387 741 1439 quod
775 1391 813 1426 et
844 1387 960 1424 facies
992 1385 1074 1424 libri
1108 1388 1188 1423 tota
1219 1386 1378 1430 suadet,
1421 1388 1459 1424 et
1490 1386 1524 1422 in
1558 1385 1704 1424 Catone

62 1456 267 1505 persuadet
299 1455 473 1504 collatio,
517 1469 615 1508 qua,
662 1458 812 1506 praeter
845 1456 937 1494 vitia
970 1456 1166 1493 manifesta
1198 1467 1269 1493 non
1303 1455 1414 1493 multa
1446 1458 1483 1494 et
1517 1454 1636 1493 levem
1669 1456 1702 1493 in

64 1523 179 1561 rebus
207 1524 517 1575 orthographicis
545 1526 784 1569 varietatem,
810 1523 899 1562 nihil
932 1525 1091 1574 prol'erri
1124 1537 1171 1562 ex
1200 1523 1494 1561 Vratislaviensi
1520 1524 1704 1571 videmus,

63 1592 158 1644 quod
192 1605 213 1631 a
246 1593 407 1632 Venetis
439 1593 561 1633 Rubei
594 1596 631 1632 et
662 1593 812 1632 Iensoni
846 1593 1038 1641 discedat,
1071 1593 1102 1630 si
1136 1593 1229 1640 duo,
1263 1606 1301 1631 v.
1324 1596 1391 1631 85.
1416 1596 1454 1631 et
1480 1595 1568 1630 116.
1597 1590 1704 1641 (13.)

63 1661 278 1710 exceperis.
312 1674 406 1713 quae
438 1663 690 1707 correctioni,
733 1662 799 1699 sed
833 1661 1023 1699 admodum
1057 1660 1219 1708 infelici,
1254 1661 1390 1699 tribuo,

148 1728 347 1768 Caeterum
380 1730 442 1769 hic
473 1734 560 1780 est,
594 1734 632 1769 ut
662 1731 875 1768 Passovius
907 1732 1058 1777 monet,
1101 1731 1199 1769 Cod.
1235 1734 1271 1767 2.
1306 1742 1410 1781 quem
1443 1729 1542 1767 Frid.
1575 1728 1704 1767 Iacob.

62 1797 190 1836 Praet'.
223 1798 257 1835 in
294 1800 451 1837 Aetnam
483 1812 521 1850 p.
552 1814 608 1837 ix.
642 1800 779 1837 frustra
810 1810 831 1836 a
862 1811 905 1836 sc
937 1811 1026 1837 esso
1057 1800 1263 1851 quaesitum
1295 1798 1456 1837 scribit:
1490 1802 1528 1837 at
1559 1810 1707 1848 semper

62 1866 132 1903 l'uit
163 1867 197 1904 in
231 1866 468 1906 Bibliotheca
508 1867 757 1916 Rehdigeria.
834 1867 1118 1906 Similitudinem
1151 1868 1232 1905 eius
1265 1879 1344 1905 cum
1377 1867 1604 1905 editionibus
1636 1878 1706 1904 an-

63 1934 178 1986 tiquis
210 1937 372 1984 agnovit
405 1937 511 1974 etiam
544 1936 705 1975 Iacobus
739 1949 772 1986 p.
808 1951 892 1973 xiv.
925 1948 982 1987 sq.
1052 1936 1137 1974 lloc
1178 1939 1315 1973 tantum
1353 1935 1476 1972 differt
1516 1935 1612 1973 inter
1651 1947 1707 1973 me

64 2008 101 2041 et
133 2003 335 2052 Iacobum,
377 2005 474 2056 quod
517 2018 594 2044 eam
638 2005 912 2043 similitudinem
953 2004 1186 2054 explicamus
1228 2004 1393 2041 diversis
1425 2002 1556 2041 modis.
1617 2004 1706 2052 Ego

63 2074 156 2111 enim
189 2074 260 2110 etsi
294 2072 391 2110 illum
423 2074 609 2123 codicem,
637 2087 686 2112 ex
715 2086 786 2125 quo
820 2074 972 2124 primum
1005 2073 1104 2111 edita
1124 2073 1251 2112 Aetna
1284 2073 1372 2119 fuit,
1405 2072 1556 2110 similem
1589 2073 1708 2111 fuisse

64 2141 150 2179 huic
182 2144 309 2179 nostro
343 2143 666 2192 persuasissimum
699 2142 841 2189 habeo,
886 2141 982 2180 hunc
1015 2145 1134 2181 tamen
1168 2145 1333 2181 nostrum
1365 2143 1507 2193 ipsum,
1539 2144 1578 2181 ut
1608 2142 1706 2191 dixi,

65 2223 287 2262 expressum
320 2223 368 2248 ex
399 2211 563 2250 editione
594 2212 743 2264 antiqua
775 2214 914 2250 statuo.

500 2404 1268 2464 Helmstadiensis.

152 2556 260 2593 Nunc
293 2553 679 2604 (hielpherbytanusz
712 2556 842 2595 Ebert.
874 2557 973 2595 Bibl.
1008 2555 1287 2608 Guelpherbyt.
1317 2555 1437 2596 Codd.
1470 2555 1535 2594 Gr.
1568 2559 1606 2594 et
1626 2556 1708 2595 Lat.

68 2626 163 2663 917.
197 2636 289 2674 pag.
326 2625 418 2660 174.
479 2623 562 2661 olim
593 2624 754 2663 Helmst.
789 2628 884 2664 332.
947 2624 1058 2665 Conl'.
1090 2638 1184 2677 quac
1215 2625 1261 2664 de
1293 2637 1337 2663 eo
1368 2625 1510 2676 passim
1544 2625 1709 2663 Werns-

67 2693 204 2731 dorfius
236 2692 279 2729 ad
313 2691 452 2730 Poetas
484 2691 677 2742 Minores,
709 2693 781 2732 To.
814 2694 863 2732 ll.
897 2707 934 2745 p.
969 2695 1062 2732 257.
1090 2694 1163 2732 To.
1192 2693 1260 2731 111.
1296 2707 1331 2744 p.
1361 2709 1439 2731 Lv1.
1474 2706 1509 2744 p.
1538 2696 1629 2731 151.
1650 2706 1708 2745 sq.

66 2762 138 2800 To.
173 2761 241 2800 lV.
274 2774 310 2812 p.
344 2763 410 2799 31.
443 2764 479 2799 et
511 2761 684 2810 lleyuius
716 2762 762 2800 de
788 2762 900 2812 Virg.
922 2762 1042 2802 Codd.
1069 2762 1146 2800 ms.
1166 2762 1255 2800 Vol.
1281 2761 1330 2800 V.
1357 2775 1395 2813 p.
1426 2766 1519 2800 ⁴20.
1538 2762 1711 2800 Prooem.

67 2831 101 2869 in
134 2830 299 2871 Culicem
331 2843 367 2880 p.
404 2833 466 2868 12.
509 2830 544 2867 in
577 2828 681 2869 Cirin
712 2843 749 2881 p.
788 2835 877 2870 102.
955 2831 1088 2879 nunc,
1128 2832 1188 2883 qui
1230 2832 1360 2869 faeiem
1400 2831 1506 2879 libri,
1549 2830 1583 2867 id
1626 2832 1712 2879 est,

67 2912 190 2937 eorum
222 2911 316 2951 quae
349 2899 515 2937 continet
545 2899 737 2941 ambitum,
771 2901 1004 2948 consideret,
1030 2899 1164 2938 deiude
1185 2900 1245 2951 qui
1272 2900 1568 2938 recentissimum
1600 2910 1704 2946 esse,

68 2968 236 3014 scilicet,
283 2967 378 3020 quod
413 2967 511 3005 Frid.
554 2966 684 3006 Iacob.
714 2967 841 3006 Praet'.
873 2969 917 3006 ad
950 2968 1111 3007 Aetnam
1143 2982 1180 3019 p.
1214 2985 1299 3006 vm.
1331 2968 1480 3016 docuit,
1513 2980 1547 3005 a.
1586 2971 1704 3006 1430.

69 3040 107 3077 et
145 3038 260 3076 1414.
293 3036 498 3088 scriptum,
538 3047 612 3075 non
643 3048 676 3075 a.
714 3039 833 3075 1450.
867 3039 905 3076 et
940 3040 1059 3076 1454.
1092 3036 1188 3089 quod
1221 3039 1331 3077 antea
1361 3037 1600 3087 tradebatur,
1640 3049 1704 3076 re-
