2006 3365
232 114 332 160 202
786 108 1315 150 ANIMADVERSIONES

313 227 390 266 lam
429 236 489 263 vs.
524 220 719 275 68.*q110d
751 222 839 262 libri
871 224 1022 275 scripti,
1070 224 1206 264 Petav.
1236 223 1386 263 Thuan.
1419 225 1523 265 Med.
1565 226 1668 265 Leid.
1702 226 1867 279 meique,

228 297 337 336 etiam
368 294 584 334 Vossianus
616 292 644 330 I.
678 292 818 331 diserte
849 296 1022 331 monente
1054 292 1218 339 Vossio‚
1261 294 1424 346 itemque
1464 295 1553 334 editi
1585 299 1670 334 ante
1701 294 1866 344 Virgili-

232 377 298 403 um
330 362 443 410 Aldi,
488 365 526 400 et
556 364 643 399 ante
674 359 855 409 Aldinas‚
897 373 1026 399 omnes
1058 362 1262 412 praebent,
1296 364 1481 403 Grandia
1509 365 1544 416 f.
1579 378 1613 403 s.
1645 364 1800 415 yctudia
1831 377 1866 402 c.

232 432 430 470 manifesto
460 433 693 479 corruptum,
726 442 847 481 neque
871 429 1102 480 explicabile
1138 431 1326 483 cuiquam,
1360 438 1508 481 praeter
1535 433 1668 470 bonum
1695 432 1863 481 Badium,

227 500 291 552 qui
332 498 428 537 haec
467 498 712 536 construebat
751 511 830 536 cum
870 499 1212 549 praecedentibus:
1255 500 1470 550 Purpureos
1510 500 1868 549 flores—grandia

227 568 674 618 gaudia—supponens
714 566 824 605 collo.
896 566 981 605 Non
1023 568 1170 618 inepte,
1212 568 1307 620 quod
1351 570 1663 607 constructionem
1704 570 1865 617 attinet,

226 637 333 675 modo
371 637 548 689 gyrandia
585 636 740 687 qaadia
773 635 845 674 dici
875 638 1035 686 possent
1067 636 1193 674 ssores.
1254 636 1310 674 Ita
1342 641 1460 674 tamen
1498 640 1717 687 conceptum
1749 636 1867 675 locum

227 706 428 745 obversari
468 705 651 756 opinabar
691 704 933 754 Reposiarm,
977 705 1011 742 in
1045 706 1204 743 carmine
1236 705 1281 743 de
1314 705 1512 743 concubitu
1544 705 1683 744 Martis
1715 709 1753 744 et
1784 705 1868 745 Ve-

223 775 351 823 neris,
384 773 505 813 Antii.
538 774 619 812 Lat.
652 773 718 811 lib.
750 773 780 811 l.
815 788 945 811 Lxxu.
978 789 1015 811 v.
1054 777 1143 812 109.
1177 787 1258 826 sqq.
1282 773 1517 824 Slrt‘nqebat
1547 774 1737 826 Paphiae
1763 774 1868 813 Ma-

222 856 319 882 vors
360 851 454 882 tane
491 849 659 895 peccora
700 842 869 890 dextra,
910 842 966 880 Et
997 842 1125 890 collo,
1160 845 1341 881 innexam
1381 856 1428 881 ne
1467 843 1633 882 laedant
1661 843 1865 896 pondera,

221 912 345 951 laeva
376 912 491 951 Lilia
533 925 616 950 omn
657 914 788 950 roseis
832 913 1021 963 supponit
1054 912 1233 950 candida
1265 916 1401 951 sertis.
1463 911 1529 950 Sic
1568 913 1731 951 sortasse
1768 913 1868 951 scri-

220 980 394 1019 bendum.
426 979 485 1020 Cs.
512 980 602 1018 ibid.
628 995 667 1018 v.
695 982 760 1018 46.
798 983 835 1018 ἶ.
862 980 959 1019 Flos
984 980 1136 1029 lectas,
1167 981 1243 1031 flos
1275 981 1432 1029 vinela,
1464 983 1564 1020 toris
1597 981 1869 1020 substramina

218 1049 340 1100 flores
371 1050 548 1088 Deliciis
580 1048 744 1088 Veneris
778 1048 893 1087 dives
926 1055 1072 1087 namra
1104 1048 1276 1088 laborat.
1387 1051 1550 1090 Gaudia
1579 1051 1614 1101 f.
1647 1063 1682 1089 s.
1713 1050 1868 1101 yaadia

219 1131 254 1156 e.
288 1118 418 1156 vitium
451 1120 511 1155 est
535 1116 706 1155 Venetae
737 1115 878 1155 Achat.
938 1116 1298 1167 Norimbergensis‚
1331 1118 1558 1156 Venetarum
1596 1120 1714 1158 1499.
1746 1122 1867 1157 1500.

218 1187 482 1225 Ascensianae
505 1185 536 1224 Ι.
570 1190 607 1224 ct
625 1184 826 1224 Cronflitii.
874 1185 1062 1224 Candida
1080 1207 1131 1212 —
1150 1186 1317 1225 brachia
1335 1186 1523 1236 Virgilius
1539 1186 1630 1225 Aldi
1653 1187 1868 1226 Taurinen-

218 1255 275 1294 sis
312 1259 429 1293 1518.
472 1259 509 1294 et
549 1267 598 1293 ex
630 1255 688 1293 liis
718 1266 837 1303 marg.
869 1254 992 1303 Lugd.
1039 1256 1143 1292 1529
1178 1254 1291 1306 (quae
1329 1255 1411 1305 ipsa
1442 1256 1868 1308 Grandia—qaadia

218 1326 368 1373 servat)
393 1324 620 1363 Venetarum
651 1325 772 1361 1544.
803 1325 922 1361 1555.
954 1326 1074 1361 1558.
1101 1327 1137 1361 et
1164 1324 1220 1361 sic
1246 1324 1281 1361 in
1309 1323 1428 1361 Basil.
1457 1323 1563 1374 ssryl.
1592 1328 1710 1364 1543.
1742 1324 1866 1373 Lugd.

219 1395 258 1432 et
295 1392 418 1431 Antv.
463 1396 582 1432 1556.
615 1392 726 1440 Mog.
763 1395 883 1432 1549.
919 1392 1039 1430 Basil.
1072 1391 1122 1430 H.
1156 1391 1199 1430 P.
1245 1394 1364 1430 1561.
1398 1391 1684 1441 sminge-ranis,
1725 1395 1763 1431 et
1803 1405 1867 1431 re-

219 1461 452 1500 centioribus
492 1465 578 1500 ante
611 1460 825 1500 Putscliium
868 1461 1038 1499 omnibus
1078 1460 1228 1499 editum.
1348 1461 1786 1500 Grandia—brachia
1825 1462 1861 1501 in

217 1529 395 1578 Aldinis,
430 1530 590 1569 Venetis
638 1533 758 1569 1544.
806 1532 918 1568 1555.
970 1532 1089 1569 1558.
1123 1532 1161 1568 et
1201 1541 1322 1578 marg.
1351 1529 1469 1567 Basil.
1512 1533 1632 1568 15⁴3.
1701 1531 1761 1569 Ex
1802 1530 1861 1569 liis

220 1598 387 1638 brachia
428 1600 552 1637 statim
595 1610 766 1636 summam
799 1597 1102 1648 probabilitatem
1135 1597 1262 1636 habet.
1324 1599 1539 1647 Candida,
1573 1599 1670 1651 quod
1703 1603 1861 1638 annota-

218 1670 329 1706 verat
368 1668 474 1706 etiam
508 1666 595 1717 ille,
637 1679 742 1719 quem
785 1665 916 1705 volunt
948 1667 1106 1705 Pieriam
1138 1678 1245 1715 esse,
1287 1670 1503 1717 suspectum
1538 1671 1611 1708 est.
1673 1668 1859 1707 Grandia

218 1748 312 1775 vero
353 1736 520 1775 brachia
562 1739 634 1774 tum
666 1736 806 1773 demum
844 1734 1009 1779 valeret,
1045 1736 1076 1773 si
1109 1734 1309 1786 probabile
1340 1738 1468 1784 esset,
1501 1736 1790 1786 descriptionem
1823 1738 1859 1775 in

219 1817 332 1843 versu
366 1809 431 1842 66.
464 1805 725 1855 praecessisse
758 1804 843 1842 viri.
906 1803 956 1842 Ut
993 1803 1079 1841 milli
1118 1806 1205 1842 ante
1248 1803 1381 1841 multos
1420 1817 1561 1852 annos,
1608 1804 1652 1842 de
1683 1804 1859 1844 Anchise

219 1874 424 1921 cogitanti,
459 1873 703 1924 codicemque
735 1873 947 1911 Mediceum
979 1884 1114 1920 magno
1146 1874 1378 1916 aestimanti,
1419 1873 1490 1911 boc
1530 1873 1565 1911 in
1598 1877 1753 1912 mentem
1785 1886 1859 1912 ve-

218 1942 299 1980 nire
338 1942 513 1980 memini:
575 1942 631 1981 Et
672 1943 739 1995 qai
779 1955 862 1979 eam
899 1940 1049 1980 Venere
1088 1947 1151 1980 est
1191 1944 1308 1981 visas
1349 1942 1539 1981 collidere
1576 1944 1616 1980 in
1654 1942 1776 1982 herba
1805 1942 1857 1981 P.

220 2011 366 2062 flores,
413 2025 512 2065 quos
546 2013 572 2049 i.
606 2024 644 2051 a.
678 2011 864 2051 Grandia
892 2011 927 2061 f.
959 2024 994 2050 s.
1028 2009 1196 2049 brachia
1226 2024 1261 2049 e.
1331 2010 1386 2048 At
1420 2022 1509 2048 vero
1541 2010 1576 2048 in
1610 2023 1758 2049 versum
1791 2015 1857 2050 66.

218 2080 250 2118 si
281 2094 424 2119 meeum
455 2080 681 2130 exceperis,
723 2079 822 2117 nulla
852 2080 1045 2128 gravioris
1085 2079 1335 2129 corruptionis
1367 2080 1533 2129 suspicio
1568 2079 1687 2118 cadit:
1728 2083 1859 2118 contra

218 2149 254 2186 in
296 2162 409 2187 versu
443 2152 509 2187 68.
551 2149 676 2187 sedem
713 2148 796 2187 mali
838 2148 932 2186 satis
964 2149 1089 2196 arguit
1126 2151 1238 2186 vetus
1281 2147 1384 2186 ulcus
1417 2148 1856 2199 Grandia—quadiu.

218 2217 349 2269 ltaque
380 2219 415 2255 in
448 2218 519 2256 hoc
550 2230 663 2255 versu
692 2218 797 2255 Deae
828 2229 960 2255 nomen
991 2217 1156 2265 excidit,
1190 2217 1284 2268 quod
1317 2215 1412 2254 aliud
1451 2229 1537 2254 esse
1569 2218 1719 2268 nequit,
1752 2230 1857 2269 quam

220 2287 391 2338 Cypria.
452 2286 567 2338 quue
600 2286 730 2324 dudum
756 2287 966 2324 restitutum
999 2284 1201 2332 habebam,
1235 2298 1340 2336 quum
1372 2297 1428 2323 me
1460 2286 1640 2324 industria
1673 2298 1856 2336 praever-

221 2357 264 2395 tit
295 2355 485 2404 Putsclrii,
527 2357 586 2407 qui
627 2356 679 2394 ita
711 2356 849 2394 edidit:
920 2356 975 2394 Ec
1019 2368 1179 2408 quocum
1208 2359 1345 2392 tenera
1375 2358 1525 2405 {savisa
1556 2361 1618 2394 est
1649 2355 1787 2394 ludere
1816 2357 1856 2394 in

217 2425 365 2473 herba,
399 2424 633 2477 Purpureos
665 2424 785 2475 flores
819 2427 974 2478 quoties
1007 2438 1127 2476 saper
1159 2422 1435 2471 accumbebat,
1470 2425 1647 2476 Cypria,
1678 2426 1854 2476 formoso

219 2508 254 2533 s.
289 2494 455 2533 brachia
486 2506 520 2531 e.
582 2493 667 2541 Ego
703 2497 740 2531 et
772 2493 1036 2543 praecedentia
1067 2492 1197 2539 aliter,
1231 2495 1268 2530 et
1299 2505 1337 2530 v.
1357 2495 1422 2531 68.
1448 2492 1595 2542 paullo,
1628 2493 1698 2530 nisi
1722 2492 1851 2540 fallor,

217 2562 369 2610 melius,
401 2562 491 2610 lego
523 2562 594 2600 hoc
625 2562 781 2599 ordine:
813 2562 997 2600 Bracliia
1022 2562 1056 2612 f.
1086 2575 1120 2599 s.
1149 2561 1303 2613 Cypria
1335 2575 1367 2599 e.
1429 2561 1476 2599 Et
1508 2561 1553 2599 de
1587 2563 1732 2600 caussis
1764 2572 1852 2599 cor-

216 2632 401 2681 ruptionis
433 2632 483 2668 ita
515 2632 662 2679 statuo,
694 2630 809 2679 primo
841 2630 996 2682 Cypria
1028 2632 1237 2679 corruptum
1270 2631 1304 2667 in
1337 2629 1450 2677 illud,
1483 2630 1580 2681 quod
1611 2631 1645 2668 in
1678 2630 1772 2668 omni
1802 2628 1851 2666 li-

217 2700 286 2738 bro
316 2701 448 2738 vetere
470 2698 632 2748 legitur,
658 2699 840 2749 qaadia;
870 2701 941 2737 tum
963 2698 1145 2737 Brachia
1170 2699 1204 2736 in
1225 2699 1422 2738 Grandia.
1484 2698 1577 2736 Nam
1598 2699 1692 2751 quod
1716 2698 1851 2736 Gran-

219 2768 530 2808 dia—brachia
561 2768 596 2805 in
629 2766 799 2813 Aldinis‚
832 2768 867 2805 in
900 2778 945 2805 eo
977 2767 1143 2805 brachia
1174 2779 1245 2805 non
1278 2780 1328 2806 ex
1359 2767 1469 2806 libris
1500 2767 1646 2806 ductum
1676 2766 1850 2816 scriptis,

218 2838 287 2876 sed
317 2837 416 2876 l'elici
448 2838 638 2875 inventum
671 2836 884 2874 coniectura
915 2835 1079 2874 videtur.

303 2907 481 2958 Aaqasti
520 2905 676 2945 saeculi
714 2916 820 2943 nemo
861 2903 1027 2954 cypris,
1069 2916 1199 2944 omnes
1239 2905 1426 2945 dixerunt
1466 2903 1636 2954 Cypria:
1678 2902 1849 2942 Santenii

219 2978 484 3026 praeceptum,
512 2973 716 3014 Animadv.
750 2973 787 3011 in
817 2972 867 3011 H.
897 2971 1053 3011 Balbum
1085 2972 1157 3012 col.
1193 2976 1314 3013 1819.
1347 2974 1407 3014 Cf.
1430 2973 1523 3012 idem
1548 2971 1639 3010 ibid.
1664 2983 1697 3011 c.
1727 2975 1847 3012 1825.
