2006 3365
474 150 542 188 DE
577 149 800 190 VIRGILII
832 149 927 190 LIB.
959 149 1249 191 IUVENALIS
1280 149 1416 190 LUDI.
1654 154 1755 196 229

109 264 228 304 ctorio
259 263 308 301 V.
340 264 383 304 L.
426 265 516 303 XII.
550 282 606 304 111.
638 263 768 304 XXV.
802 279 874 303 xri.
916 266 954 304 et
991 265 1142 305 Mur-eto
1182 267 1216 304 in
1263 264 1403 306 Catull.
1477 265 1614 304 Mirum
1646 277 1754 316 quam

107 333 184 371 Icvi
216 332 261 371 de
292 345 442 372 caussa.
503 334 694 374 Accurate
726 333 822 373 lianc
852 346 928 372 rem
960 333 1220 385 explicaturus
1253 347 1381 373 eram:
1414 334 1480 373 sed
1512 333 1598 372 nolo
1630 338 1751 372 aetum

106 414 247 453 agere,
293 415 400 454 quum
432 415 453 440 a
484 401 666 441 Santenio
708 403 818 441 brevi
850 404 1091 442 annotatione
1121 402 1166 440 ad
1198 403 1418 441 'l‘erentiam
1467 402 1523 441 M.
1556 416 1594 440 v.
1629 403 1750 441 2752).

105 484 144 521 p.
178 473 272 508 365.
306 472 542 519 confectam,
576 477 820 523 ereptumque
852 471 948 519 illis,
997 484 1069 522 qno
1103 472 1286 517 nituntur,
1326 471 1547 510 Terentiani
1578 472 1752 510 testimo-

105 540 202 578 nium
233 539 397 577 videam.
462 539 596 592 ltaque
627 541 839 578 rectissime
871 539 1048 588 Scaliger
1080 539 1124 576 ad
1158 537 1296 577 Catulli
1341 551 1452 577 earm.
1486 540 1614 579 XVII.
1648 541 1751 578 viro-

106 619 184 646 rum
217 607 430 657 doctorum,
463 621 641 660 suamque
674 609 795 658 ipsius
828 609 863 646 in
896 607 1077 658 Append.
1112 607 1254 655 Virgil.
1288 608 1332 645 ad
1368 609 1541 658 Priapeia
1572 608 1752 658 prolatam

105 677 327 714 sententiam
359 677 506 715 reiecit.
568 677 634 716 Sic
667 678 761 716 enim
800 689 863 714 res
904 680 988 715 acta
1032 679 1104 715 cst.
1173 675 1335 714 Inverso
1382 676 1513 714 ordine
1553 677 1753 726 Dukerus,

104 744 218 783 Notis
248 757 270 783 a
300 745 512 784 Burmanno
544 750 634 797 post
664 746 842 796 Priapeia
874 745 1106 793 subiunctis,
1156 757 1192 795 p.
1227 746 1321 782 575.
1355 746 1459 797 prius
1492 745 1753 794 Scaligernm,

105 813 150 851 ad
184 813 388 858 Catullum,
434 815 599 863 Virgilio
631 815 854 853 attribuisse
886 813 976 851 illud
1008 813 1129 852 Hune
1158 827 1230 865 esso
1263 816 1426 852 invenes
1459 814 1606 861 locum,
1641 816 1752 863 post-

104 894 148 921 ea
190 882 227 920 in
266 883 446 933 Append.
495 883 637 932 Virgil.
684 883 891 921 mutavisse
923 883 1146 920 sententiam
1191 882 1336 920 scribit.
1399 882 1505 933 Quod
1552 886 1753 931 temporum

104 952 270 990 rationes
303 964 374 990 non
407 953 458 991 ita
490 964 579 990 esse
612 952 805 990 evincunt.
873 951 1044 1002 Namque
1074 951 1337 1001 Appendicem
1378 950 1535 999 Virgilii
1577 950 1754 999 Scaliger

103 1032 200 1058 anno
237 1022 356 1059 1573.
400 1021 553 1070 emisit,
596 1019 780 1060 Catullum
812 1032 847 1058 a.
884 1022 1003 1058 1577.
1122 1019 1172 1058 Ut
1213 1019 1378 1069 Virgilio
1417 1019 1628 1058 vindicaret
1665 1031 1754 1057 ear-

103 1101 185 1127 men
216 1089 337 1128 Hune
366 1103 440 1141 eqo
472 1093 636 1129 iuvenes
670 1089 819 1137 locum,
864 1101 956 1127 usus
987 1090 1047 1127 est
1078 1088 1258 1137 Scaliger
1297 1088 1341 1126 ad
1375 1087 1561 1127 Catullum
1595 1088 1753 1127 Diome-

104 1157 164 1195 dis
194 1157 300 1206 loco,
344 1171 417 1210 quo
448 1160 486 1198 et
516 1161 632 1198 metro
664 1160 821 1209 priapeo
855 1171 958 1196 usum
990 1170 1078 1196 esse
1109 1158 1334 1206 Virgilium,
1375 1161 1413 1197 et
1444 1159 1606 1197 carmina
1637 1170 1758 1209 quae-v

104 1226 184 1264 dam
216 1228 357 1266 minora
387 1228 596 1278 scripsisse
626 1228 821 1277 docemur,
869 1238 964 1280 qnae
1004 1227 1211 1266 Diomedes
1259 1226 1527 1266 Prolusz'ones
1569 1226 1751 1277 appellat.

105 1295 231 1346 Supra
262 1297 477 1346 comparavi
509 1297 609 1336 inter
639 1309 682 1335 se
713 1296 849 1335 similia
879 1296 925 1335 ad
959 1296 1184 1344 dictionem,
1232 1297 1523 1344 I’rolnsiones,
1558 1299 1595 1334 et
1628 1296 1751 1335 Iace-

104 1366 214 1403 ualis
246 1364 357 1404 Ludi
387 1364 575 1403 libellum:
613 1365 905 1414 Prolnsiones,
951 1368 991 1404 ut
1031 1365 1187 1404 credere
1220 1378 1286 1416 par
1318 1368 1378 1403 est
1409 1369 1565 1416 propter
1597 1364 1749 1403 Diome-

105 1434 210 1484 dem,
243 1435 430 1485 antiquius
462 1439 522 1474 est
541 1435 785 1485 vocabulum,
808 1448 913 1487 quam
945 1434 1112 1473 alterum.
1174 1435 1380 1473 Praeterea
1412 1434 1473 1472 ille
1505 1447 1611 1486 quum
1642 1433 1752 1472 Pro-

104 1503 284 1543 lusiones
318 1503 431 1552 dicit,
476 1515 550 1542 non
590 1502 758 1543 Culicem
790 1507 829 1542 et
859 1504 934 1542 alia
971 1502 1188 1553 opuscula,
1232 1504 1299 1541 sed
1334 1505 1628 1553 epigrammata,
1662 1515 1751 1541 car-

104 1572 201 1610 mina
231 1573 391 1616 minora,
434 1572 545 1611 dicit:
585 1576 624 1610 ut
670 1572 763 1610 idem
795 1573 845 1611 sit
877 1573 1145 1612 Prolusz’ones
1179 1576 1216 1610 et
1248 1573 1480 1611 Ccetaleeta.
1542 1572 1609 1611 Sic
1640 1571 1752 1610 etiam

106 1640 287 1689 Scaliger
327 1641 500 1690 accepit.
547 1640 609 1679 nbi
640 1653 684 1679 ea
716 1641 932 1693 loquutione
964 1645 1053 1692 post
1084 1641 1300 1679 Diomedem
1348 1642 1484 1689 utitur,
1530 1642 1565 1679 in
1609 1640 1749 1681 Catull.

103 1708 251 1748 XXVI.
300 1707 487 1758 (XXIX.)
533 1722 626 1760 pag.
660 1713 726 1748 35.
774 1710 833 1748 ed.
881 1709 1097 1749 Commelin.
1137 1713 1175 1749 et
1205 1723 1297 1761 pag.
1331 1713 1398 1749 54.
1441 1710 1602 1762 aliisque
1633 1710 1751 1760 locis,

102 1791 197 1830 quos
230 1781 411 1816 monstrat
442 1778 568 1816 index.
632 1778 836 1817 Diomedes
869 1779 936 1818 III.
971 1783 1067 1818 512.
1100 1780 1159 1818 ed.
1192 1779 1350 1818 Putsclt.
1407 1779 1642 1834 Priapeimn
1675 1792 1751 1834 quo

110 1847 304 1897 Virqz‘lins
336 1849 377 1885 in
405 1847 708 1898 prolusionz'hus
740 1851 829 1888 suis
864 1863 963 1889 usus
994 1851 1098 1902 snit,
1131 1849 1215 1888 tale
1244 1855 1333 1887 est:

332 1916 466 1955 Incidi
494 1917 675 1970 patulum
706 1921 746 1957 in
788 1931 972 1970 specum,
1012 1918 1290 1972 procumbente
1324 1918 1493 1970 Priapo.

105 1984 144 2023 In
179 1984 292 2022 editis
326 1984 431 2022 libris
473 1986 661 2037 antiquis,
703 1989 741 2025 ut
773 1987 808 2025 in
849 1986 1029 2026 Choerilo
1064 2001 1099 2038 p.
1134 1991 1228 2024 261.
1262 1987 1447 2036 exposui,
1489 1986 1627 2024 misere
1659 1997 1750 2024 con-

105 2054 207 2091 cisus
239 2065 282 2090 ae
314 2053 502 2092 mutilatus
534 2052 640 2092 locus
688 2058 768 2094 cst:
816 2068 912 2107 quae
951 2068 1013 2094 res
1044 2057 1196 2095 Mureto
1229 2056 1263 2093 in
1297 2054 1435 2094 Catull.
1468 2055 1598 2094 XVII.
1630 2056 1750 2093 fraudi

105 2123 186 2160 I'uit.
247 2122 381 2160 Monet
412 2123 520 2161 etiam
565 2122 771 2161 Santonius
816 2124 860 2162 ad
903 2124 1169 2163 Terentianum
1209 2125 1263 2163 nl.
1307 2138 1344 2175 p.
1378 2126 1473 2164 372.
1543 2124 1752 2175 Supplev1t

104 2196 192 2228 ante
234 2190 448 2229 Putsclrium
489 2191 669 2240 Scaliger
707 2193 741 2230 in
776 2191 914 2232 Catull-
946 2192 970 2231 Ι.
1003 2193 1028 2232 l.
1077 2207 1188 2233 carm.
1220 2193 1350 2233 XVII.
1387 2192 1485 2231 hunc
1516 2194 1551 2232 in
1583 2192 1749 2231 modum:

104 2260 338 2311 l’riapeimn
371 2273 445 2313 qno
484 2260 681 2311 Ve'ryilins
713 2266 751 2301 in
780 2263 1086 2315 proles-ionibus
1127 2266 1215 2302 suis
1254 2277 1356 2302 usus
1393 2264 1504 2315 felic:
1546 2263 1681 2302 Incidi
1711 2264 1752 2301 in

103 2329 284 2382 patulum
315 2342 474 2380 specum
504 2331 780 2382 procumbente
797 2332 969 2385 Priapo.
1003 2346 1051 2371 ex
1084 2335 1245 2383 optimo,
1280 2337 1318 2371 nt
1349 2333 1421 2382 ait,
1453 2344 1560 2370 manu
1592 2332 1752 2382 scripto.

106 2398 348 2437 Praetulerim
374 2399 446 2435 ita:
481 2420 532 2426 —
565 2401 605 2437 in
634 2401 935 2452 prolusionibus
968 2404 1057 2441 suis
1090 2417 1191 2441 usus
1221 2404 1303 2454 fuit
1334 2404 1427 2441 ita:
1461 2402 1596 2441 Incidi
1624 2406 1751 2453 patu-

107 2467 181 2506 lum
214 2469 253 2505 in
287 2480 446 2519 specum
473 2480 515 2519 p.
559 2468 608 2506 P.
652 2472 689 2507 ut
730 2469 849 2508 locum
882 2472 1060 2521 scriptum
1093 2472 1219 2511 laudat
1250 2472 1458 2522 Scioppius
1491 2471 1607 2521 Susp.
1641 2470 1752 2509 Lect.

106 2536 172 2575 lib.
206 2536 253 2574 V.
296 2537 407 2586 epist.
443 2550 561 2574 xxm.
601 2550 639 2588 p.
680 2541 777 2577 290.
846 2539 920 2579 Vel
962 2542 1118 2591 potius:
1164 2563 1215 2569 —
1257 2547 1296 2582 in
1331 2541 1631 2594 prolusionibus
1664 2542 1751 2579 suis

108 2620 208 2644 usus
239 2607 345 2657 fnit,
394 2607 486 2643 im:
523 2606 654 2645 Incidi
682 2621 722 2660 p.
756 2610 795 2646 in
827 2623 891 2661 sp.
921 2622 963 2661 p.
1000 2610 1049 2649 P.
1113 2610 1275 2649 Videtur
1307 2611 1401 2649 enim
1434 2611 1622 2649 sententia
1653 2609 1753 2648 Dio-

107 2675 225 2713 medis
257 2674 353 2712 haee
383 2687 492 2720 esse,
529 2674 740 2725 priapeium
773 2682 926 2716 metrum
961 2679 1011 2717 ita
1043 2692 1086 2718 se
1117 2679 1280 2728 habere,
1314 2683 1353 2718 ut
1382 2683 1541 2730 apparet
1571 2680 1606 2716 in
1640 2690 1755 2716 versu

109 2744 242 2783 Incidi
270 2758 312 2795 p.
374 2744 456 2782 Etsi
490 2743 553 2781 tali
586 2744 622 2781 in
655 2757 695 2782 re
726 2745 932 2786 Diomedes
965 2761 1035 2786 non
1079 2752 1136 2787 ila
1182 2748 1426 2799 particulam,
1469 2749 1536 2787 sed
1584 2750 1647 2787 sie
1691 2746 1754 2785 vel

108 2812 192 2851 tale
222 2819 285 2852 est
316 2825 498 2862 usurpare
531 2811 641 2851 solet.
703 2813 859 2865 Inspexi
893 2817 927 2854 in
962 2817 1202 2857 Bibliotheca
1233 2817 1412 2856 Leidensi
1432 2849 1440 2863 ,
1474 2830 1579 2869 quem
1611 2816 1674 2854 illa
1705 2828 1755 2855 ex

109 2880 237 2930 legato
271 2881 397 2920 Iacobi
429 2881 617 2920 Perizonii
660 2883 855 2934 possidet,
904 2886 1119 2925 Diomedem
1151 2886 1211 2924 ed.
1245 2885 1380 2925 Colon.
1418 2889 1537 2925 1523.
1583 2885 1756 2924 collatum

111 2961 188 2988 euni
234 2950 322 2990 MS.
356 2950 568 2989 Ranconeti
611 2954 649 2989 et
694 2950 791 2989 aliis.
859 2953 915 2992 lbi
961 2955 1019 2994 sic
1059 2956 1288 3006 adscriptum
1329 2967 1378 2993 ex
1421 2953 1564 2994 Codice
1602 2955 1756 2993 inveni:

111 3021 335 3073 priapeium
374 3033 450 3073 quo
488 3019 683 3073 Virye'lius
718 3022 758 3060 in
785 3022 1088 3074 prolusionibus
1118 3026 1199 3076 fnit
1232 3038 1358 3073 usus,
1391 3025 1449 3063 ita
1482 3023 1608 3063 incidi
1634 3032 1758 3077 patu-
