2006 3365
534 57 588 97 IN
623 58 842 99 VALERII
874 58 1114 100 CATONIS
1147 58 1419 101 ECLOGAM.
1706 65 1806 110 183

149 161 263 200 larum
308 161 413 199 notio
463 162 559 200 satis
605 161 749 200 diserta
794 163 895 202 inest
941 162 976 200 in
1023 161 1236 211 vocabulo,
1288 163 1387 216 quod
1439 163 1563 202 statim
1608 165 1802 216 sequitur,

146 230 318 280 (saudim.
380 227 473 266 Illud
513 232 635 267 autem
679 228 850 278 eleganti
890 232 950 269 est
982 230 1175 270 brevitate
1206 231 1366 279 dictum,
1399 233 1539 271 ommia
1569 244 1643 271 vos
1675 236 1802 283 estis,

149 295 185 333 11.
230 308 263 335 e.
312 297 347 334 in
387 308 518 335 omnes
556 300 717 336 mutatae
759 299 897 336 formas
935 310 981 337 ac
1023 299 1167 347 figuras
1213 300 1322 338 estis.
1393 299 1524 338 Simile
1565 301 1650 348 est,
1695 313 1803 353 quum

149 378 251 404 amus
291 365 430 403 dicitur
467 379 562 404 esse
599 368 742 405 onmia.
813 365 920 418 Quod
967 366 1081 404 valde
1122 367 1312 405 usitatum.
1384 368 1557 406 Lucanus
1596 367 1665 406 ΙΙΙ.
1711 372 1803 409 108.

149 432 295 472 Omnia
327 433 489 471 Caesar
520 440 621 472 erat.
657 434 719 471 ubi
754 435 801 472 cf.
836 435 956 484 intpp.
990 436 1028 472 et
1060 433 1324 473 Broukhusius
1357 436 1393 473 in
1424 435 1568 475 Tibull.
1601 437 1630 475 1.
1663 450 1702 475 v.
1736 441 1803 476 30.

148 504 186 539 et
217 501 266 540 A.
300 501 442 551 Popma
475 502 509 539 in
544 501 729 540 Varronis
761 502 910 550 Fragm.
956 515 991 552 p.
1026 504 1122 540 384.
1165 502 1224 539 ed.
1265 503 1418 552 ssipont.
1480 505 1665 543 Varronis
1697 505 1805 545 locus

148 581 197 606 ex
231 568 511 620 Sesquiulysse.
544 583 604 619 ap.
645 570 805 608 Nonium
849 583 886 620 p.
922 572 987 608 48.
1026 568 1088 607 hic
1127 573 1215 608 est:
1258 570 1340 609 Hic
1379 576 1478 611 enim
1516 575 1647 612 omnia
1684 582 1804 614 erat:

147 637 248 676 idem
280 639 500 685 sacerdos,
540 643 735 689 praetor,
767 638 996 688 ρανοεῆιις,
1032 637 1203 690 deniqne
1234 638 1336 676 idem
1368 647 1564 689 senalus,
1598 642 1700 681 idem
1728 655 1805 696 po-

143 705 234 757 puli
274 712 411 758 eaput.
474 706 504 744 E
547 705 705 743 Graecis
747 704 924 742 nonnulla
965 705 1059 742 idem
1100 705 1266 756 Popma‚
1306 709 1344 746 et
1383 719 1475 745 sane
1507 708 1644 747 Graeci
1676 711 1728 749 ita
1758 724 1805 750 o-

147 786 250 811 nmes
282 773 496 825 loquuntur.
559 773 748 811 Homerus
781 772 928 822 odyss.
952 771 1023 811 IV.
1059 776 1154 811 417.
1188 770 1325 809 πάντα
1356 770 1401 810 δὲ
1432 773 1682 824 γιγνόμενος
1713 792 1804 815 πει-

146 839 348 891 ρήσεται,
393 837 483 877 ὁίῑσ’
516 838 585 876 ἐπί
616 843 744 889 γαῖαν
775 834 930 888 ἑρπετά
964 839 1201 889 γίγνονται,
1238 844 1312 880 etc.
1373 842 1422 882 Et
1453 855 1612 894 prorsus
1643 846 1677 884 in
1710 860 1805 897 pro-

145 911 315 949 verbium
349 909 421 948 hnc.
451 910 568 957 abiit,
603 906 740 944 πάντα
774 901 890 944 εἶναι’
916 921 1029 945 mm:
1091 908 1290 949 Tlleocrit.
1323 910 1434 950 XIV.
1469 914 1535 952 47.
1569 913 1632 951 ubi
1664 914 1805 966 aliquid

143 978 340 1029 Toupius3
380 977 541 1030 Quintus
581 977 736 1027 Smyrn.
778 977 850 1017 lll.
883 980 977 1017 567.
1019 974 1157 1013 πάντα
1201 975 1280 1027 γάρ
1324 972 1413 1024 οἷος
1452 978 1524 1030 ἕης
1565 980 1688 1033 δ’μωῇ
1728 996 1803 1031 περ

145 1044 290 1096 ἐούσῃ.
353 1047 452 1085 ldem
485 1046 594 1085 XIII.
629 1050 723 1085 277.
753 1041 798 1089 ὃς
816 1059 890 1093 μοι
917 1043 992 1095 ἔην
1012 1044 1129 1094 μάλα
1152 1045 1302 1085 πολλά.
1336 1051 1535 1089 manifesta
1568 1052 1801 1091 recordatio-

143 1128 191 1154 ne
222 1115 295 1154 loci
328 1115 519 1154 Homerici
552 1115 594 1153 Il.
631 1114 699 1152 Vl.
734 1118 828 1154 429.
862 1119 930 1154 30.
992 1116 1181 1155 Lucianus
1205 1117 1407 1156 ιΜονῐυον.
1434 1118 1520 1158 dial.
1544 1119 1732 1159 XXVIII.
1768 1124 1804 1159 1.

145 1180 218 1219 καί
249 1178 308 1219 ὅτι
341 1180 570 1233 α’μφόηρα
596 1181 743 1231 ἐγένου
766 1181 918 1230 μόνος,
953 1180 1056 1233 ἁνήρ
1084 1183 1157 1220 καί
1176 1183 1295 1234 vay'.
1358 1186 1519 1226 Inversa
1538 1189 1683 1228 ratione
1708 1190 1804 1228 idem

144 1253 235 1290 ibid.
271 1251 379 1291 XVI.
414 1258 451 1291 3.
486 1255 523 1290 4.
571 1244 630 1295 εἷς
660 1249 739 1298 μὲν
773 1245 844 1301 ἦτε
869 1274 919 1279 -—
953 1249 973 1288 ὁ
1006 1250 1084 1302 γάρ
1120 1249 1250 1296 αὐτὸς
1284 1246 1418 1304 ἄμφω
1454 1247 1571 1304 ἦμεν.
1636 1257 1684 1296 Et
1715 1258 1804 1297 talia

144 1321 290 1372 quidem
330 1322 398 1359 vix
442 1321 561 1370 digna
608 1321 910 1370 observatione,
952 1335 1060 1374 quum
1108 1325 1144 1360 et
1192 1323 1278 1361 trita
1318 1324 1394 1361 sint
1442 1337 1531 1374 usu,
1572 1337 1694 1377 neque
1734 1339 1804 1377 per

144 1401 188 1427 se
219 1389 448 1438 singularia,
485 1391 517 1427 si
550 1389 698 1441 quidem
731 1401 802 1428 nos
835 1402 984 1441 quoque
1013 1390 1186 1429 Germani
1219 1392 1326 1430 modo
1360 1404 1433 1430 non
1466 1393 1597 1432 codem
1630 1396 1802 1446 quidem,

142 1457 210 1495 sed
250 1460 372 1496 tamen
415 1457 524 1495 simili
563 1457 759 1509 loquimur.
822 1457 1001 1507 Cognata
1043 1462 1131 1497 sunt
1171 1460 1268 1508 alia,
1310 1472 1406 1513 quae
1446 1462 1560 1500 nobis
1598 1475 1672 1501 non
1714 1463 1805 1503 lieet

143 1526 328 1564 vertendo
360 1526 546 1577 assequi:
581 1526 743 1565 Hesiod.
775 1526 821 1563 de
853 1526 1142 1575 Periclymeno,
1175 1528 1325 1577 Fragm.
1360 1544 1465 1567 xxm.
1500 1522 1651 1566 ἄλλοτε
1684 1524 1804 1567 δἀῧ-

141 1606 187 1629 τε
220 1590 469 1637 πελέσκετο,
516 1592 670 1638 θαῦμα
712 1591 914 1638 ἰδέσθαι,
961 1591 1131 1638 αἰετός·
1173 1588 1323 1631 ἄλλοτε
1371 1590 1518 1634 δάῧτε
1557 1599 1804 1645 μελισσέων

143 1658 279 1710 ἀγλαά
323 1660 455 1711 φῦλα.
499 1664 537 1700 et
578 1661 641 1700 illa
679 1663 804 1712 poetis
843 1661 971 1701 latinis
1012 1663 1172 1713 usitata,
1220 1679 1306 1703 sum
1347 1670 1531 1718 praemia
1561 1671 1674 1717 vati,
1723 1683 1805 1709 nna

139 1732 290 1782 semina
320 1731 445 1769 multa
483 1731 618 1778 mala,
662 1745 764 1770 nnus
809 1738 899 1770 erat
937 1732 1114 1783 fratrum
1144 1736 1318 1773 maxima
1350 1749 1477 1786 reflua
1506 1737 1654 1788 focus,
1703 1739 1804 1777 Pro-

140 1803 240 1850 pert.
274 1799 322 1837 II.
358 1814 410 1837 iv.
450 1802 511 1837 15.
547 1813 648 1836 xxv.
684 1803 749 1839 48.
784 1799 852 1839 IV.
888 1815 911 1837 1.
952 1803 1014 1838 10.

286 1881 390 1921 quae
422 1868 554 1906 dicere
589 1867 746 1919 lonyum
784 1876 876 1907 est:
917 1868 1042 1906 ieiuna
1082 1870 1126 1907 ad
1168 1872 1334 1908 nostrum
1375 1883 1527 1910 sensum
1568 1873 1801 1924 declaratio,

141 1935 229 1973 sive
261 1923 487 1979 e'xGusatio,
523 1938 560 1973 et
592 1936 761 1986 pedestri
794 1949 968 1974 sermone
1000 1950 1106 1987 quam
1138 1939 1246 1988 poesi
1282 1939 1454 1988 dignior,
1487 1941 1554 1978 sed
1590 1954 1695 1993 quam
1729 1954 1800 1981 non

140 2003 345 2042 recusabat
375 2005 583 2053 priscorum
626 2006 819 2053 poetarum
860 2004 1056 2043 latinorum
1090 2005 1327 2056 simplicitas.
1391 2006 1492 2046 Ciris
1528 2022 1565 2047 v.
1603 2013 1693 2049 137.
1728 2012 1803 2050 sed

142 2071 278 2111 (licere
314 2085 495 2122 maslaum
543 2079 619 2110 est.
690 2072 937 2111 Inveniuntur
977 2072 1112 2111 similia
1152 2074 1249 2124 apud
1294 2075 1412 2124 alios,
1455 2077 1522 2115 sed
1563 2078 1626 2116 ubi
1665 2080 1801 2118 carmi-

141 2141 200 2178 nis
232 2140 406 2178 didactioi
449 2140 636 2186 tenuitas,
682 2140 744 2178 vel
790 2141 1023 2179 familiaritas
1055 2142 1162 2193 quasi
1196 2143 1376 2194 quaedam
1408 2143 1507 2192 stili,
1549 2149 1711 2185 excusat
1742 2147 1801 2186 ie-

141 2208 361 2246 iunitatem:
415 2208 533 2246 Ovid.
567 2208 668 2247 Fast.
703 2209 772 2248 IV.
809 2212 873 2248 95.
938 2210 1022 2248 Illa
1055 2211 1151 2249 deos
1195 2224 1348 2259 omnes,
1396 2212 1553 2264 lonqum
1592 2227 1801 2254 enumera-

141 2290 205 2324 re,
239 2279 409 2315 creavit.
443 2277 534 2315 ibid.
568 2276 637 2315 vl.
672 2281 767 2315 325.
812 2277 904 2317 Nec
934 2278 1053 2326 licet,
1099 2286 1136 2318 el
1169 2280 1326 2331 lonyum
1358 2286 1422 2319 est
1452 2282 1599 2334 epulas·
1631 2296 1804 2324 narrare

142 2346 315 2383 deorum.

227 2413 445 2464 Sequuntur
477 2415 569 2453 vitia
600 2413 777 2452 librorum
811 2416 1032 2463 manifesta,
1067 2418 1105 2454 et
1132 2415 1448 2467 orthographica.
1483 2416 1542 2459 V..
1561 2421 1627 2456 44.
1651 2420 1801 2472 phanea

140 2481 263 2520 Paris.
298 2480 367 2519 lv.
409 2481 528 2520 Voss.
561 2482 610 2521 Il.
653 2483 806 2521 Vicent.
850 2483 952 2521 Ven-
1008 2487 1123 2523 1482.
1172 2488 1290 2523 1486.
1334 2485 1382 2525 V.
1425 2489 1490 2524 45.
1530 2490 1633 2526 estis
1666 2489 1801 2528 omittit

139 2549 248 2588 Mon.
280 2548 329 2587 11.
419 2549 470 2587 V.
514 2553 579 2589 46.
621 2557 683 2590 esc
716 2552 853 2590 omittit
895 2552 1002 2590 Mon.
1036 2551 1085 2590 ΙΙ.
1129 2555 1330 2605 insparsa
1372 2554 1535 2604 praetuli
1576 2558 1802 2595 auctoritate

140 2617 339 2661 librorum,
392 2617 612 2664 petaviani,
664 2619 860 2669 Tliuanei,
902 2620 1008 2658 Leid.
1055 2621 1308 2659 Parisinormn
1350 2621 1402 2660 ll.
1446 2622 1515 2661 Ill.
1565 2623 1798 2674 Anglieani,

140 2687 294 2725 Monac.
339 2685 370 2724 Ι.
416 2684 465 2723 11.
511 2686 669 2725 Vratisl.
712 2689 742 2726 1.
784 2692 821 2726 et
863 2689 1110 2727 Mutinensis·
1194 2687 1399 2729 consentit
1445 2691 1721 2739 Augustanus,
1765 2694 1799 2731 in

139 2767 213 2806 quo
254 2755 338 2792 sic:
381 2755 465 2793 Ant
502 2755 648 2806 inpar-s
695 2754 782 2803 (vel
814 2758 854 2794 in
883 2760 1016 2809 pars)
1059 2758 1198 2797 uuiaet
1237 2759 1430 2812 mundoq;
1469 2760 1603 2798 «licere
1641 2761 1800 2811 lonyam

138 2830 214 2862 est.
278 2825 316 2861 ct
348 2821 491 2861 Medic.
526 2822 648 2861 Paris.
682 2823 751 2863 IV.
784 2825 818 2862 in
851 2826 987 2876 quibus
1020 2838 1178 2878 sparsa
1212 2826 1315 2871 (sinc
1348 2828 1405 2875 in)
1438 2827 1571 2866 vides.
1605 2831 1800 2881 inspersa

140 2890 287 2943 reliqui.
351 2890 417 2930 Sic
448 2891 484 2928 in
516 2890 670 2931 Moreto
714 2905 753 2930 v.
789 2894 854 2931 97.
895 2897 1099 2948 insparqit
1139 2897 1267 2934 micas
1308 2895 1458 2933 Timan.
1499 2907 1559 2945 ap.
1594 2895 1644 2934 ls.
1680 2897 1797 2939 Voss.
