2006 3365
542 184 598 224 IN
629 184 847 226 VALERII
878 184 1113 227 CATONIS
1144 186 1322 228 DIRAS.
1683 191 1749 234 6¹7

118 299 330 349 cipiendum
377 311 465 339 esse
513 300 694 340 Catonem
735 301 949 351 docuimus,
996 302 1043 341 de
1084 303 1305 349 arboribus,
1356 301 1466 354 plane
1509 312 1583 341 non
1628 303 1749 352 potuit

116 381 241 419 regma
281 368 368 406 dici.
436 369 491 409 At
529 370 805 408 observandum
844 372 927 419 est,
965 369 1078 421 liqna
1115 371 1186 410 dici
1228 372 1398 410 arbores.
1464 370 1664 410 Horatius:
1710 377 1749 410 te

117 438 236 476 triste
271 435 434 486 lignum,
474 445 513 477 te
549 439 740 478 caducum
777 441 850 477 etc.
915 438 1081 477 Lucilius
1118 438 1185 477 lib.
1216 439 1384 479 XXVII.
1417 440 1551 489 fragm.
1584 454 1655 477 xn.
1686 451 1747 489 ap.

116 504 276 543 'Nonium
306 518 345 556 p.
378 508 454 556 74,
487 510 552 545 20.
612 507 784 556 Aulum,
814 508 1090 555 miserrimum,
1129 515 1250 561 atque
1287 509 1432 560 infelix
1468 508 1609 559 lignum
1639 521 1750 548 sum-

119 572 255 612 bucum
284 581 444 613 vocant.
507 575 578 613 nisi
609 575 659 613 ibi
691 576 740 613 sit
770 575 914 626 liynum
945 575 1083 612 usitata
1114 575 1415 626 significatione,
1445 578 1481 615 in
1505 582 1585 630 'quo
1616 576 1750 616 clabo-

117 644 176 680 rat
206 642 335 692 faber,
366 642 428 681 vel
461 643 578 693 ipsum
610 643 705 695 quod
738 655 759 681 e
789 641 894 690 ligno
924 642 1058 680 sactum
1090 655 1206 693 opus:
1239 645 1278 682 ut
1308 644 1405 695 apud
1432 644 1646 685 Petronium
1666 657 1749 696 cap.

116 724 231 748 cxix.
264 724 303 749 v.
335 714 402 750 30.
432 711 535 751 male
564 711 691 750 nobile
721 711 889 761 liquam,
920 710 967 748 de
998 723 1125 749 mensa
1155 711 1285 750 citrea.

202 779 250 818 V.
285 783 351 818 34.
399 781 653 834 Nequiquam
683 777 832 817 Thuan.
863 790 925 829 ap.
956 778 1119 817 Lassen.
1151 779 1322 829 August.
1353 779 1506 820 Monac.
1522 780 1553 820 Ι.
1578 780 1628 820 ΙΙ.
1668 781 1752 834 Quo

115 847 222 886 modo
239 847 311 887 hoc
327 848 480 886 verbum
500 859 615 898 saepe
633 847 748 886 scribi
766 847 801 884 in
820 846 928 885 libris
952 848 1114 886 vetustis
1139 849 1251 887 testis
1273 850 1332 888 est
1348 847 1518 888 Git'anius
1535 850 1571 888 in
1590 848 1750 890 Collect.

117 916 266 955 Lucret.
312 917 401 956 IVec
433 919 641 970 quicquam
673 916 755 954 cod.
779 914 896 954 Basil.
929 918 968 954 et
998 915 1096 954 hunc
1119 916 1284 966 modum,
1315 917 1378 957 vel
1406 918 1495 958 Nec
1519 918 1752 973 quidquam,

118 985 151 1023 in
185 984 358 1023 Lucretio
390 985 528 1035 probat
559 984 831 1023 Wakefieldius
862 983 906 1023 ad
939 984 988 1022 II.
1026 986 1144 1023 1147.
1206 985 1309 1025 Sane
1347 987 1402 1025 sic
1443 988 1613 1038 proxime
1642 999 1752 1026 acce-

116 1053 214 1092 ditur
245 1052 290 1091 ad
322 1053 506 1101 originem
538 1053 670 1092 verbi:
704 1054 752 1091 cf.
785 1052 954 1093 Gronov.
986 1054 1031 1091 ad
1054 1053 1140 1092 Liv.
1173 1053 1197 1093 1.
1230 1054 1254 1093 l.
1315 1055 1465 1094 Deinde
1492 1059 1629 1108 pocius
1657 1055 1754 1096 Sca-

115 1121 214 1171 liger
244 1122 440 1160 revocavit
472 1122 702 1172 rectissime,
735 1125 774 1160 ut
805 1125 865 1161 est
895 1123 930 1160 in
963 1123 1058 1160 omni
1088 1123 1185 1161 libro
1209 1125 1374 1175 scripto,
1406 1127 1444 1163 et
1474 1125 1509 1163 in
1541 1124 1653 1164 editis
1682 1137 1753 1164 an·-

115 1190 338 1241 tiquioribus
369 1190 561 1238 omnibus,
593 1191 679 1229 inde
709 1203 730 1229 a
762 1191 963 1230 Romanis:
997 1192 1068 1229 uisi
1099 1192 1194 1243 quod
1225 1195 1336 1245 potis
1367 1193 1404 1231 in
1433 1192 1580 1232 Thuan.
1609 1197 1752 1248 pocius

115 1259 149 1296 in
185 1258 357 1307 August.
402 1263 439 1298 et
471 1258 578 1298 Vrat.
610 1259 661 1298 11.
768 1262 888 1299 toties
921 1261 955 1298 in
989 1261 1141 1310 paucis,
1181 1264 1220 1301 et
1253 1262 1547 1312 recentioribus,
1591 1266 1629 1302 et
1658 1275 1753 1315 qua-

114 1338 191 1365 rum
222 1328 427 1366 auctoritas
459 1328 576 1376 nulla,
609 1330 649 1367 ut
682 1329 793 1379 Virg.
827 1328 940 1378 Aldi,
973 1329 1087 1367 Taur.
1126 1332 1244 1369 1518.
1277 1331 1368 1370 Bas.
1400 1331 1449 1369 H.
1474 1331 1518 1370 P.
1539 1334 1659 1370 1561.
1693 1333 1753 1370 at-

114 1408 187 1447 que
235 1396 319 1434 inde
362 1396 397 1434 in
439 1396 720 1445 Scaligeranis,
768 1397 944 1448 Pithoei,
989 1397 1038 1436 al.
1080 1398 1284 1437 Praeterea
1321 1402 1441 1439 toties
1482 1411 1598 1438 sensu
1637 1403 1752 1439 caret.

116 1463 282 1516 Quaeret
312 1466 476 1502 sortasse
507 1465 660 1517 aliquis,
695 1478 759 1504 cur
789 1465 962 1515 libellis,
993 1479 1099 1518 quum
1130 1466 1203 1505 hoc
1228 1467 1380 1518 primum
1407 1468 1539 1508 libello
1563 1467 1755 1508 devoveat

115 1531 262 1570 silvam.
312 1533 444 1584 Neque
477 1535 569 1571 enim
598 1533 795 1584 probabile
827 1536 908 1584 est,
939 1535 1103 1573 eamdem
1133 1547 1208 1574 rem
1240 1536 1309 1574 iam
1340 1536 1475 1575 dictam
1505 1537 1543 1575 in
1572 1536 1755 1586 Indigna-

115 1601 218 1638 tione
249 1601 380 1639 fuisse.
431 1601 585 1641 Scilicet
620 1601 691 1641 hoc
723 1603 983 1653 explicandum
1015 1616 1036 1642 e
1068 1616 1182 1642 versu
1212 1606 1362 1654 gemino
1396 1609 1462 1644 26.
1501 1605 1622 1645 Vides
1649 1618 1754 1658 quam

112 1672 289 1708 accurate
321 1669 415 1709 haec
445 1671 517 1709 sibi
550 1672 823 1722 respondeant:

569 1741 726 1779 multum
757 1743 910 1781 nostris
942 1748 1110 1782 caulam
1141 1742 1288 1783 libellis

567 1814 720 1849 uostris
746 1812 883 1862 potius
916 1811 1062 1850 devota
1093 1811 1256 1851 libellis.

113 1875 214 1931 Quot
244 1875 329 1914 olim
364 1877 589 1916 carminibus
621 1877 886 1918 celebraverat
916 1879 1070 1929 silvam,
1104 1881 1255 1920 totidem
1281 1893 1325 1920 se
1356 1893 1452 1920 nunc
1475 1883 1755 1921 exsecraturum

114 1957 202 1982 esse
234 1945 395 1983 eamdem
426 1947 595 1985 minatur.

200 2014 339 2054 deuote
369 2015 471 2053 Mon.
505 2015 535 2053 l.
568 2015 618 2054 ΙΙ.
654 2015 761 2055 Vrat.
792 2016 823 2055 Ι.
856 2017 1001 2055 deuota
1033 2017 1130 2056 Ven.
1164 2017 1265 2057 Rub.
1354 2018 1452 2071 Ipse
1482 2019 1606 2058 cades
1645 2020 1753 2056 tene-

114 2081 179 2120 bat
216 2082 414 2133 Heinsius,
456 2084 503 2123 de
541 2097 609 2123 suo
641 2085 797 2123 Battaro
837 2084 934 2123 colle
976 2087 1164 2135 cogitans.
1226 2086 1299 2126 Vel
1340 2088 1419 2137 sic,
1457 2099 1478 2125 e
1515 2088 1752 2126 coniectura:

124 2151 231 2190 Villa
261 2152 399 2191 cades.
447 2153 600 2202 deinde,
633 2157 673 2193 ut
704 2154 805 2203 dixi,
835 2167 960 2204 reynu
992 2155 1172 2201 coniecit,
1215 2168 1264 2194 ex
1296 2156 1408 2206 Virg.
1442 2155 1523 2195 Ecl.
1556 2155 1585 2195 1.
1620 2157 1684 2195 70.
1717 2159 1755 2195 et

114 2233 154 2257 v.
190 2223 254 2258 34.
295 2223 412 2260 toties
452 2222 598 2272 probat.
678 2223 781 2276 Ipsa
817 2223 949 2262 cadus
983 2222 1107 2263 laudat
1146 2225 1376 2264 Burmannus
1416 2225 1451 2263 in
1483 2224 1597 2265 Ovid.
1629 2225 1753 2277 Epist.

117 2288 225 2326 XVI.
258 2292 324 2326 86.

250 2426 298 2464 V.
332 2430 396 2464 35.
430 2432 467 2466 6.
514 2438 706 2472 IGNIBUS
734 2438 998 2472 AETHEREIS
1024 2439 1311 2474 FLAGRABIT.
1338 2440 1554 2474 IUPPITER
1579 2444 1648 2474 etc.

201 2494 384 2547 Iuppiter
413 2497 516 2536 laune
547 2495 666 2551 [cluit]
700 2497 828 2548 Lege,
862 2500 1044 2551 Iuppiter
1065 2500 1170 2539 bane
1193 2501 1305 2539 alico.
1344 2499 1533 2539 Insultans
1556 2501 1592 2538 in
1614 2501 1754 2551 ‹lespe-

117 2564 261 2602 ratione
293 2563 363 2602 hoc
396 2564 499 2604 dicit.
546 2567 683 2605 Eadem
716 2568 861 2617 ligura:
894 2568 1034 2607 Insere
1064 2582 1167 2608 nunc
1188 2569 1385 2609 Meliboee
1412 2571 1540 2621 piros.
1573 2570 1753 2606 SCALIG.

117 2631 297 2670 Graviter
328 2632 413 2670 olim
447 2645 580 2672 versus
612 2638 680 2674 35.
711 2636 910 2676 laborabat
942 2637 1198 2676 distinctione.
1259 2637 1388 2677 Veluti
1421 2638 1457 2676 in
1488 2637 1684 2684 Romanis⁷
1716 2637 1755 2674 et

119 2699 280 2738 Venetis
312 2701 579 2752 antiquissimis
609 2705 752 2755 trihus,
784 2710 956 2755 punctum
989 2708 1077 2756 post
1106 2707 1278 2757 libellis,
1309 2719 1439 2745 rursus
1464 2708 1634 2757 punctum
1666 2706 1755 2754 post

119 2770 231 2820 ipse.
293 2772 381 2820 post
410 2769 600 2821 slagsrubit
629 2773 878 2824 interpunctio
911 2774 1023 2813 nulla.
1086 2776 1213 2827 Atque
1243 2775 1290 2814 ad
1329 2774 1426 2814 hunc
1464 2774 1604 2813 modum
1637 2774 1755 2811 inter-

119 2841 290 2887 pretatur
311 2838 475 2876 Badius,
537 2837 721 2879 Correcta
763 2841 953 2881 distinctio
994 2844 1029 2881 in
1059 2843 1234 2893 Animis,
1265 2847 1303 2883 et
1332 2857 1354 2882 a
1385 2844 1513 2883 Gloss.
1546 2841 1595 2880 V.
1628 2840 1656 2879 1.
1691 2841 1753 2893 qui

120 2910 209 2956 post
239 2907 386 2946 libellis
419 2906 548 2956 colon,
579 2911 666 2957 post
686 2909 910 2961 llum-abis,
943 2923 1023 2950 nam
1053 2913 1104 2951 ita
1132 2912 1301 2953 emendat
1328 2911 1411 2962 ille,
1442 2914 1637 2962 punctum3
1667 2912 1755 2961 post

121 2976 210 3027 ipse
241 2975 349 3013 colon
381 2976 483 3014 fecit.

207 3045 331 3084 Recte
361 3045 506 3084 omnino
539 3043 716 3094 Scaliger
746 3059 851 3098 quem
881 3048 927 3087 ad
958 3062 996 3088 v.
1031 3052 1097 3088 33.
1139 3049 1369 3098 audivimus,
1408 3047 1597 3100 stayrabic
1637 3060 1751 3087 revo-

1417 3120 1479 3163 5..
