2006 3365
618 102 885 144 RECENSIO
920 102 1217 144 LIBRORUM.
1645 103 1747 150 409

186 217 375 258 Veneta
412 219 533 257 1488.
558 218 584 257 t'.
647 218 912 268 Subscriptum
934 217 968 256 in
994 217 1088 256 fine:
1123 217 1369 270 Impressum
1386 216 1461 256 hoe
1485 228 1588 268 opus
1617 213 1747 255 Vene-

90 287 162 326 tiis
181 284 437 339 pmayistrel
462 284 638 325 Andrea'
671 286 720 325 (le
742 287 1044 337 palamst—{cleis
1078 285 1342 325 Calamis-em.
1376 284 1431 323 M.
1449 283 1746 322 cccclxxxvnr.

121 353 191 393 ἀί.
224 352 371 406 Septi.
441 352 646 393 Consentit
687 366 766 392 cum
807 354 990 393 Brixiana
1024 357 1146 393 1485.
1191 355 1300 393 etiam
1332 354 1482 392 minutis
1514 354 1594 391 sere
1626 352 1747 390 omni-

89 421 175 460 hus.
238 422 285 460 Et
322 422 485 472 paginas
526 423 561 460 in
601 424 757 474 utraque
797 422 950 460 totidem
999 422 1226 474 easdemque
1275 434 1365 460 esse
1410 421 1605 460 annotavi.
1667 419 1747 458 Vix

89 490 284 541 quicquam
329 491 568 540 accessisse,
613 492 764 540 praeter
802 502 903 528 nova
944 490 1059 537 vitia,
1101 494 1223 539 puto:
1264 502 1309 528 ea
1346 492 1469 528 autem
1501 488 1614 528 multa
1644 491 1745 527 sunt.

91 558 134 597 Si
176 558 262 610 quid
305 562 427 598 tamen
467 559 563 597 inter
602 558 735 609 paleas
776 557 968 605 frumenti,
1010 557 1045 595 id
1086 557 1295 605 diligenter
1337 557 1517 596 indicavi.
1580 556 1641 596 Ad
1675 555 1746 594 lios

88 637 209 664 annos
241 627 350 664 etiam
390 626 589 664 referenda
627 639 716 665 esse
755 626 906 664 videtur
943 625 1093 664 Veneta
1121 638 1195 677 per
1227 625 1373 676 Idyma
1403 625 1621 673 Boariam,
1662 625 1746 662 sine

89 694 174 731 anni
208 693 368 742 indicio,
401 706 506 745 quam
540 694 712 732 tenebam
745 694 914 731 manibus
946 692 1165 744 aliquando,
1200 693 1267 731 sed
1301 705 1431 731 rursus
1463 693 1606 743 abieci,
1639 704 1747 744 quum

88 760 243 799 similem
281 761 391 810 aliis,
431 774 524 814 quas
564 761 609 800 ad
654 762 813 800 taedium
854 773 974 813 usque
1013 759 1248 810 volvissem,
1287 772 1409 811 neque
1448 763 1645 799 venustam
1677 760 1747 798 ad-

87 832 225 881 spectu
258 842 347 869 esse
380 831 561 869 viderem.
624 829 677 867 Ea
709 830 763 879 si,
810 841 905 881 quae
936 829 1079 879 Heynii
1113 832 1173 867 est
1205 828 1417 879 probabilis
1456 829 1666 878 sententia,
1699 840 1753 867 ex-

87 897 214 950 aliqua
245 898 413 936 editione
446 897 661 936 Florentina
693 910 883 948 expressa
915 899 995 946 est,
1038 897 1211 948 sequitur
1242 897 1341 936 satis
1373 899 1478 936 certa
1509 896 1746 935 demonstra-

88 967 219 1016 tione,
266 967 387 1004 l'uisse
419 966 528 1004 etiam
560 965 811 1004 Florentinam
851 965 949 1004 illam
991 978 1039 1004 ex
1080 965 1219 1004 familia
1261 965 1433 1004 Venetae
1472 965 1625 1005 Rubei:
1666 976 1748 1003 nam

88 1033 238 1073 Veneta
259 1034 401 1083 Ligae,
435 1037 473 1073 ut
504 1046 555 1072 ex
586 1034 847 1084 descriptione
878 1035 985 1081 eius,
1018 1047 1124 1086 quam
1144 1033 1247 1072 dedit
1266 1033 1514 1081 Reiclielius,
1548 1033 1746 1080 intellexi,

86 1115 246 1153 prorsus
278 1102 410 1140 similis
442 1105 502 1140 est
534 1101 786 1150 editionibus,
819 1115 912 1154 quas
944 1115 1020 1151 ego
1055 1102 1235 1145 versavi,
1272 1102 1434 1141 Venetis
1471 1104 1591 1140 1482.
1623 1104 1746 1140 1⁴86.

91 1173 215 1209 1488.
250 1173 288 1209 et
321 1170 501 1209 Brixiana
539 1172 658 1209 1485.
721 1171 988 1209 Accesseruut
1019 1174 1157 1209 tantum
1189 1169 1635 1221 ChristoplioriLandini
1656 1169 1748 1208 FIo-

87 1239 224 1278 rentiui
256 1240 293 1277 in
327 1238 528 1288 Virgilium
571 1237 835 1278 Commentarii
879 1240 966 1278 sive
1006 1238 1362 1290 Interpretationes.

173 1376 636 1427 Norimberyensis
675 1379 794 1415 1492.
827 1378 853 1415 f.
916 1376 1182 1427 Subscriptum
1215 1377 1249 1414 in
1284 1375 1378 1414 tine:
1412 1375 1553 1414 Publii
1586 1375 1749 1426 Viryiliz‘

87 1444 282 1484 ,Maronis
327 1457 482 1497 opera:
540 1457 625 1484 cum
668 1446 805 1484 Seruii
859 1445 1009 1485 Mauri
1047 1446 1248 1484 Honorati
1292 1446 1544 1496 yrammaliei
1567 1456 1576 1481 :
1637 1444 1749 1482 Aelii

85 1513 242 1552 Donati
263 1526 271 1550 :
320 1513 604 1565 christophori
635 1513 844 1553 Landinz‘:
907 1521 992 1569 (τίς,
1034 1515 1202 1554 Domitii
1240 1514 1479 1553 Calclerini:
1521 1511 1747 1552 Cfsmenta-

85 1583 195 1620 riis:
272 1581 513 1633 IVurnberye
560 1581 729 1634 imfissa
781 1581 958 1635 impcfsis
1007 1584 1201 1622 Antlmm‘i
1247 1582 1457 1633 Koberqer
1505 1585 1620 1621 Anno
1652 1579 1747 1634 2755.

85 1650 347 1689 lli-ccccxcii.
409 1649 532 1689 Multa
564 1651 686 1689 vitia:
719 1653 755 1690 at
789 1651 965 1689 nonnulla
997 1653 1118 1689 tamen
1152 1652 1278 1690 insunt
1309 1649 1547 1700 singularia,
1581 1650 1628 1688 de
1660 1651 1748 1701 qui-

85 1719 158 1758 bus
189 1719 269 1757 suis
301 1719 397 1757 locis
430 1720 602 1758 monitum
635 1723 707 1759 est.
771 1719 977 1770 Expressit
1008 1719 1283 1769 Kobergerus,
1316 1732 1389 1772 qua
1420 1720 1545 1770 potuit
1577 1718 1746 1768 diligen-

86 1788 160 1836 tia,
192 1787 390 1826 editionem
423 1787 581 1840 aliquam
614 1787 802 1836 ltalieam,
843 1792 882 1827 et
913 1789 1082 1840 quidem,
1124 1791 1162 1827 ut
1194 1788 1352 1826 credere
1386 1800 1456 1838 par
1488 1790 1569 1836 est,
1611 1788 1747 1826 Vene-

86 1860 188 1895 tam:
233 1857 419 1904 sortasse,
462 1869 558 1908 quae
598 1856 742 1906 Heynii
782 1857 995 1904 sententia,
1046 1855 1231 1894 Venetam
1276 1859 1397 1895 1489.
1439 1869 1508 1906 per
1540 1856 1747 1905 Georgium

86 1924 365 1963 Arrivabenum
398 1925 655 1963 Mantuauum.
717 1925 952 1963 Prooemium
997 1922 1269 1974 Christopliori
1309 1924 1489 1969 harmini,
1524 1927 1562 1963 ut
1595 1925 1629 1962 in
1662 1924 1747 1963 Ve-

86 1998 173 2032 neta
206 1993 332 2042 bigae
370 1994 515 2043 excipit
553 1994 686 2032 brevis
728 1993 996 2032 vocabulorum
1040 1993 1184 2043 index3
1227 1997 1299 2032 tum
1340 1993 1513 2031 Maronis
1546 1993 1638 2032 Vita
1671 1995 1745 2031 etc.

86 2061 157 2100 Est
188 2065 310 2100 autem
342 2062 457 2100 editio
479 2062 820 2111 Norimbergensis
842 2061 1015 2099 Venetae
1042 2061 1168 2100 Rubei
1194 2062 1338 2110 magis,
1371 2074 1476 2113 quam
1496 2062 1747 2111 vicentinae,

86 2129 237 2176 simili&
270 2142 337 2177 eo,
372 2130 469 2182 quod
503 2128 700 2169 Catalecta
733 2130 909 2168 desinunt
941 2131 975 2167 in
1009 2126 1154 2168 versu‘:
1187 2130 1328 2169 Datur
1357 2130 1431 2169 tibi
1459 2130 1601 2182 puella
1633 2129 1746 2177 (No-

86 2199 192 2237 rimb.
229 2199 373 2237 vitiose
417 2199 583 2252 quella)
628 2213 745 2252 quam
780 2201 889 2252 petis
931 2199 1066 2237 ‹latur-
1134 2197 1311 2249 Idemque-
1352 2197 1630 2238 Cataleetorum
1663 2199 1746 2236 linis

86 2268 121 2305 in
156 2268 306 2306 Veneta
339 2267 458 2305 Pincii
498 2270 617 2305 1⁴99.
661 2271 699 2305 et
740 2266 1020 2315 Argentiuensi
1072 2270 1191 2305 1502.
1261 2265 1311 2306 Ut
1350 2266 1493 2318 liquido
1535 2269 1743 2317 appareat,

87 2338 226 2388 quanta
258 2336 403 2373 incuria
433 2338 559 2373 aetate
592 2336 664 2373 ista
704 2335 940 2386 typographi
975 2334 1146 2386 plerique
1179 2347 1303 2373 novas
1335 2335 1524 2373 editiones
1556 2348 1744 2386 propera-

88 2405 233 2447 verint,
267 2405 327 2455 qui
367 2417 475 2455 quum
516 2404 563 2442 de
603 2404 794 2453 scriptore
834 2416 964 2442 rursus
1006 2403 1249 2453 imprimendo
1290 2404 1501 2453 agebatur,
1540 2416 1612 2441 non
1654 2403 1745 2442 illud

88 2473 453 2522 circumspexerint,
487 2485 581 2524 quae
613 2473 752 2522 optima
785 2473 867 2510 eius
892 2473 1093 2522 scriptoris
1125 2472 1241 2511 editio
1274 2475 1402 2521 esset,
1435 2484 1530 2524 quae
1561 2471 1745 2522 plenissi-

85 2553 167 2590 ma,
201 2541 267 2579 sed
300 2553 402 2590 eam,
436 2553 532 2592 quae
565 2541 718 2591 primum
751 2541 868 2579 obvia
899 2542 1000 2579 sacta
1031 2542 1159 2590 essct,
1194 2541 1365 2591 arripere
1396 2551 1441 2578 ac
1471 2542 1648 2590 repetere
1680 2551 1744 2577 sa-

87 2611 136 2649 tis
168 2609 382 2648 habuerint.
446 2610 503 2647 De
535 2610 718 2649 Brixiana
754 2612 874 2649 1485.
908 2612 946 2648 et
977 2610 1140 2649 Venetis
1175 2612 1298 2648 1486.
1322 2611 1444 2647 1488.
1480 2612 1595 2647 utrum
1629 2608 1746 2647 insint

86 2678 163 2716 ista
195 2679 422 2716 vicentinae
454 2676 734 2727 supplementa,
776 2690 849 2716 non
890 2679 1099 2716 annotavi:
1145 2677 1213 2716 sed
1246 2679 1374 2717 inesse
1407 2679 1441 2716 in
1474 2677 1624 2716 Veneta
1655 2689 1743 2725 sua,

87 2760 193 2799 quam
236 2747 420 2785 Venetam
467 2748 586 2785 1480.
629 2760 719 2784 esse
759 2747 859 2796 dixi,
901 2749 939 2785 et
979 2748 1015 2784 in
1057 2747 1257 2793 Brixiana,
1302 2747 1536 2785 Burmannus
1569 2748 1743 2785 testatur.

86 2815 143 2854 At
177 2828 312 2853 versus
346 2814 409 2853 ille
441 2814 553 2863 Eleg.
585 2815 630 2853 ad
664 2814 827 2854 Messal.
859 2815 1045 2868 Raptam
1086 2829 1206 2854 curm
1248 2818 1447 2868 niminmq3
1484 2828 1560 2866 per
1597 2816 1745 2854 (ethera

86 2890 200 2924 terme
233 2887 305 2924 tam
336 2884 373 2922 in
405 2884 745 2934 Norimlwrgensi,
793 2897 899 2937 quam
938 2885 975 2924 iu
1018 2885 1169 2925 Veneta
1199 2885 1320 2923 l'incii
1357 2887 1478 2923 1499.
1511 2887 1549 2923 et
1581 2882 1741 2933 Argen-
