2006 3365
600 155 866 198 RECENSIO
898 155 1188 197 LIBRORUM.
1610 159 1710 204 355

440 345 508 400 Ε
530 364 575 401 ,Υ
599 366 630 399 (τ
653 367 683 401 e
708 365 739 400 r
754 366 797 420 p
823 355 842 400 ί
867 366 901 400 a
965 345 1032 400 H
1053 367 1083 401 e
1107 350 1129 400 ἰ
1147 366 1185 401 ἠ
1207 365 1239 399 s
1264 349 1286 400 ί
1306 350 1343 400 e'.

668 471 905 541 (Pierii
941 470 1100 539 cod.)

154 607 195 647 In
229 608 287 646 bis
328 609 535 659 Excerptis
576 612 759 660 expertus
800 621 899 653 sum,
944 620 1049 659 qnam
1097 607 1208 644 facile
1250 607 1371 645 codex
1406 606 1469 646 fiat
1500 619 1549 645 ex
1581 607 1709 646 nihilo.

70 678 160 716 Erat
191 677 286 727 apud
309 677 356 715 N.
385 677 603 726 lleinsium‚
636 680 673 715 et
699 679 786 728 post
812 676 1033 723 Heinsium,
1066 675 1163 725 apud
1199 675 1469 722 Burmannum,
1502 676 1709 727 exemplum

69 746 247 784 editionis
280 745 437 793 Virgilii
472 746 566 785 lunt.
599 746 764 784 Florent.
808 745 912 783 cuius
959 744 1190 793 marginibus
1233 743 1368 795 aliquis
1408 743 1517 783 1101110
1560 743 1710 784 littera-

69 820 150 862 tus,
198 817 270 852 tum
301 814 335 851 in
378 815 579 852 maioribus
621 814 823 865 operibus,
865 816 937 851 tum
979 813 1012 850 in
1045 812 1169 861 Diris,
1202 813 1394 850 variantes
1427 811 1610 851 lectiones
1639 814 1710 852 ad·-

68 883 287 932 scripserat.
361 881 450 919 Eum
493 883 608 920 virum
667 881 868 920 litteratum
916 881 1146 919 Burmannus
1188 881 1234 919 ad
1284 880 1398 919 Diras
1430 880 1590 919 pierium
1623 893 1711 920 esse

67 950 330 999 Valerianum,
358 950 542 988 lectiones
565 953 686 989 autem
708 949 790 988 illas
811 951 1002 988 variantes
1028 963 1077 987 ex
1103 951 1235 988 vetere
1256 950 1388 988 codice
1408 950 1521 988 Pierii
1543 953 1710 1001 sumptas

67 1032 156 1058 csse
189 1020 353 1058 statuit:
388 1020 433 1056 cf.
468 1019 592 1056 Bnrm.
623 1019 667 1056 ad
703 1018 783 1056 Dir.
816 1032 854 1056 v.
881 1022 948 1057 31.
986 1021 1077 1057 145.
1120 1022 1206 1057 151.
1244 1021 1334 1057 152.
1363 1020 1455 1057 157.
1485 1022 1580 1057 158.
1618 1021 1708 1058 160.

71 1089 161 1125 171.
195 1090 232 1126 et
250 1087 361 1136 alibi,
395 1087 455 1124 ubi
487 1086 708 1137 simpliciter
738 1087 864 1126 laudat
891 1087 987 1127 MS.
1013 1087 1166 1135 Pierii,
1203 1087 1263 1126 vel
1295 1088 1383 1127 cod.
1412 1088 1550 1127 Pierii.
1604 1086 1710 1142 Quae

65 1157 187 1194 omnia
217 1168 322 1207 quam
353 1155 552 1205 audacter,
600 1167 645 1193 ne
677 1156 794 1194 dicam
827 1160 989 1203 temere,
1022 1160 1165 1195 statuat
1197 1157 1446 1205 Burmannus,
1496 1156 1618 1195 cuivis
1651 1157 1710 1195 iu-

64 1225 189 1263 dicare
229 1224 380 1272 licebit,
430 1225 491 1275 qui
534 1226 707 1263 conferre
750 1224 876 1270 volet,
920 1237 1015 1276 quae
1063 1225 1146 1263 aliis
1190 1224 1286 1264 locis
1328 1225 1509 1264 Heinsius
1540 1228 1578 1263 et
1610 1225 1708 1264 Bur-

63 1306 216 1332 mannus
248 1292 318 1332 bac
351 1293 396 1332 de
429 1305 469 1332 re
499 1293 704 1343 disputant.
767 1294 863 1332 Sunt
895 1293 966 1332 loci
1000 1294 1062 1332 111;
1098 1293 1276 1332 Heinsius
1306 1294 1351 1332 ad
1380 1295 1492 1346 Virg.
1517 1294 1597 1334 Eoi.
1618 1294 1704 1333 Vll.

66 1365 129 1400 19.
164 1361 394 1400 Burmannus
425 1362 552 1400 Praef.
588 1361 724 1410 virgil.
759 1375 794 1412 p.
814 1362 834 1380 *
853 1362 911 1381 **
931 1363 1002 1400 ³¹3.
1036 1365 1072 1401 et
1104 1363 1229 1413 Epist.
1261 1362 1306 1400 ad
1335 1363 1463 1414 Hopp.
1483 1362 1600 1402 Antli.
1621 1364 1706 1402 hat.

61 1430 110 1470 Τ.
144 1429 172 1468 1.
213 1443 249 1480 p.
283 1445 431 1468 xxxw.
502 1429 634 1469 Omnia
675 1432 890 1469 coniectura
937 1433 1121 1475 nituntur,
1169 1444 1294 1481 parum
1337 1432 1459 1477 lirina,
1505 1432 1572 1470 sed
1613 1444 1708 1483 quac

63 1499 183 1538 eundo
208 1500 354 1547 crevit,
383 1502 420 1537 et
439 1498 695 1536 confidentiam
724 1500 837 1550 cepit.
900 1500 991 1539 Nam
1015 1501 1129 1550 primo
1153 1500 1314 1538 Pierinm
1336 1499 1573 1538 Valerianum
1596 1513 1707 1549 esse,

65 1568 126 1619 qui
158 1567 219 1605 illa
250 1567 520 1617 adscripserit,
563 1568 688 1617 opinio
721 1568 898 1620 quaedam
935 1569 1081 1607 111-1115ἰί
1115 1571 1202 1613 est,
1247 1581 1316 1606 non
1349 1568 1582 1607 confidenter
1614 1582 1706 1619 pro-

64 1635 163 1683 lata,
197 1636 263 1674 sed
297 1647 375 1673 cum
407 1635 518 1673 multa
551 1636 812 1674 dubitatione:
846 1637 918 1675 alio
945 1642 1112 1688 tempore
1139 1637 1317 1675 Heinsius
1346 1636 1571 1686 opinabatur
1591 1637 1704 1676 aliud.

64 1703 214 1742 Deinde
246 1705 389 1742 etiamsi
423 1704 669 1742 concedamus
702 1710 840 1755 partem
875 1705 1070 1744 lectionum
1106 1706 1289 1743 variarum
1311 1717 1414 1753 011111,
1448 1718 1542 1757 quac
1573 1707 1702 1744 estad

62 1785 178 1822 opera
221 1773 374 1822 Virgilii
418 1775 575 1822 maiora,
621 1787 669 1811 cx
720 1774 916 1812 codicibus
957 1775 1068 1812 Pierii
1115 1774 1187 1812 illis
1229 1774 1379 1824 petitam
1419 1786 1530 1821 esse,
1569 1775 1705 1826 quibus

62 1841 212 1880 Pierius
244 1842 280 1879 in
322 1843 401 1880 suis
439 1841 770 1892 Castigationibus
809 1844 1020 1881 scribendis
1061 1856 1150 1880 usus
1196 1847 1274 1889 est,
1307 1854 1379 1880 n-on
1413 1842 1585 1891 intelligo
1618 1845 1703 1895 quid

62 1911 147 1948 inde
180 1911 213 1947 in
254 1910 368 1948 Diras
407 1913 608 1962 sequatur,
658 1913 877 1961 praesertim
919 1925 1025 1963 quum
1069 1924 1140 1949 non
1181 1914 1331 1949 constet
1372 1910 1546 1958 aliunde,
1589 1911 1702 1951 Diras

61 1979 183 2016 fuisse
215 1979 248 2016 in
282 1991 352 2016 uno
387 1992 435 2017 ex
468 1979 544 2016 illis
579 1980 689 2017 Pierii
721 1979 929 2017 codicibus.
1003 1979 1174 2031 Denique
1206 1991 1252 2017 ne
1285 1978 1356 2017 boc
1388 1978 1531 2031 quidem
1563 1984 1701 2018 certum

62 2051 145 2093 est,
180 2061 228 2085 ex
261 2047 392 2085 codice
422 2060 489 2085 ms.
523 2047 585 2086 illa
618 2060 718 2086 esse,
787 2048 829 2086 Si
871 2049 964 2086 enim
1007 2049 1238 2086 Burmannus
1282 2049 1422 2098 passim
1454 2049 1505 2087 ita
1535 2050 1698 2087 scribit:

62 2116 225 2155 Pierius
266 2131 317 2155 (3.1*
357 2117 449 2156 MS.
491 2118 727 2165 adnotavit,
775 2131 825 2156 ea*
866 2129 901 2154 r.
941 2129 974 2155 c.
1016 2123 1276 2164 emanaverat,
1317 2130 1368 2155 ex
1398 2129 1436 2155 v.
1469 2130 1503 2155 c.
1536 2116 1699 2156 Pierius

60 2187 241 2233 nomen,
289 2184 375 2223 1111111
410 2185 481 2223 boc
511 2186 660 2224 videtur
692 2198 780 2224 esse
813 2185 882 2223 nisi
915 2186 1132 2223 coniectura
1175 2186 1370 2223 Burmanni
1397 2197 1405 2222 :
1448 2187 1482 2224 in
1524 2186 1699 2237 exemplo

61 2254 124 2292 illo
157 2254 332 2292 editionis
364 2253 534 2292 Iuntiuae
567 2255 649 2305 ipso
682 2253 867 2292 lectiones
907 2255 1097 2292 variantes
1129 2255 1210 2292 sine
1242 2253 1316 2292 ulla
1359 2257 1446 2293 nota
1487 2255 1700 2306 adscriptas

61 2324 180 2361 fuisse
213 2322 352 2371 colligo
385 2335 434 2361 ex
465 2322 550 2361 aliis
582 2322 695 2370 lucis,
743 2326 782 2361 ut
814 2335 920 2374 quum
956 2322 1186 2360 Burmannus
1218 2322 1262 2360 ad
1305 2336 1343 2360 v.
1376 2327 1442 2362 31.
1480 2326 1569 2362 144.
1606 2327 1697 2363 151.

63 2395 154 2430 157.
191 2392 240 2428 ita
271 2391 434 2430 scribit:
470 2392 632 2430 Pierias
652 2414 702 2419 —
721 2393 889 2431 succidet
921 2391 1102 2439 callet-ic,
1150 2392 1200 2430 tui
1246 2394 1285 2430 in
1315 2405 1439 2444 mary.
1470 2393 1699 2445 adscripsit

59 2460 251 2508 Pierius,
298 2462 418 2498 suerat
457 2474 597 2500 manus
638 2460 769 2499 Pierii
806 2461 980 2510 (ultavit,
1023 2461 1151 2499 vittam
1192 2461 1477 2513 adscripscrat
1517 2462 1694 2502 Pierius.

59 2529 166 2582 Quod
201 2528 325 2579 paullo
358 2532 442 2567 ante
474 2530 695 2577 monebam,
739 2531 857 2580 ipsum
905 2541 976 2567 11011
1017 2542 1164 2580 semper
1196 2530 1291 2568 idem
1322 2529 1369 2568 de
1402 2529 1459 2569 his
1491 2531 1696 2581 Excerptis

59 2598 247 2635 iudicasse
280 2597 493 2645 sseinsium,
527 2597 671 2636 lleinsii
702 2598 944 2636 annotatione
975 2599 1019 2636 ad
1053 2599 1134 2638 Dir.
1174 2602 1263 2637 147.
1296 2599 1523 2649 comprobo,
1557 2600 1617 2638 uhi
1648 2600 1696 2639 de

58 2667 186 2704 iisdem
219 2664 312 2703 baud
347 2665 458 2703 dubie
491 2666 694 2716 Excerptis
725 2667 777 2705 ita
821 2667 1000 2705 disserit:
1062 2667 1203 2706 Habeo
1247 2681 1370 2718 penes
1408 2682 1465 2707 me
1505 2668 1592 2707 alia
1621 2683 1694 2707 ex-

58 2741 197 2787 cerpta
227 2748 277 2772 em
317 2734 452 2772 codiee
495 2735 701 2783 Bembina,
744 2742 785 2774 ut
817 2736 997 2783 videtur,
1045 2750 1134 2775 nam
1165 2738 1206 2774 in
1235 2736 1443 2790 plerisque
1473 2750 1556 2775 omn
1587 2737 1692 2775 Abda

57 2806 318 2842 consentiunt.
379 2803 483 2853 Quae
515 2804 599 2853 ipsa
630 2805 844 2842 coniectura
876 2807 1036 2842 estnon
1080 2804 1208 2843 melior
1253 2804 1315 2842 illa
1355 2805 1400 2842 de
1441 2805 1587 2854 Pierio,
1626 2817 1690 2844 co-

57 2871 276 2923 dicibusque
317 2871 444 2910 Pierii.
514 2870 629 2910 Certe
669 2872 764 2923 quod
805 2874 840 2911 in
881 2873 964 2911 Dir.
1012 2876 1099 2913 141.
1133 2874 1340 2912 oll'erehant
1373 2873 1564 2924 Excerpta
1592 2874 1689 2924 ista,

57 2939 200 2987 Pana,
235 2944 273 2979 ct
304 2954 340 2977 v.
378 2942 468 2977 14⁸.
502 2942 655 2989 noscis,
701 2944 740 2978 ut
770 2942 804 2979 in
838 2942 883 2981 iis
915 2942 1023 2980 libris
1063 2943 1239 2993 scriptis,
1280 2943 1341 2993 qni
1382 2953 1476 2980 nunc
1516 2944 1689 2992 exstant,

57 3020 129 3048 non
162 3009 321 3048 inveniri
362 3009 554 3060 spondeo.
593 3009 644 3047 ita
687 3021 807 3061 neque
850 3011 885 3048 111
918 3011 1119 3056 Bembino,
1163 3023 1283 3062 neque
1315 3012 1348 3050 in
1383 3010 1455 3048 ullo
1486 3009 1561 3048 alio
1595 3010 1688 3050 libro

1321 3081 1416 3124 23ss
