2006 3365
507 167 562 207 IN
593 167 814 208 VALERII
847 165 1085 207 CATONIS
1116 166 1296 206 DIRAS.
1628 164 1731 208 137

86 283 173 320 sunt
207 276 525 328 ovimztu‘pcara,
560 294 654 334 quae
685 281 882 321 Lucretius
916 282 943 320 l.
978 286 1070 320 450.
1099 296 1183 334 sqq.
1215 281 1345 332 partim
1376 282 1590 320 coniuncta
1621 276 1729 322 dicit,

86 351 216 401 partini
248 358 404 389 eveum.
466 349 589 399 Igitur
626 365 776 398 casus,
820 351 844 388 i.
878 363 912 389 e.
954 348 1274 400 ‹tvptrrrcn'pcaTQ
1318 363 1446 389 rerum
1483 346 1729 398 miyrabunt,

86 421 123 457 et
154 421 444 462 transferentur,
489 422 527 457 in
559 432 729 473 corpora
760 420 919 467 aliena,
965 419 999 457 Ιι.
1034 431 1068 456 e.
1108 419 1142 456 in
1175 431 1220 456 ea
1261 430 1442 469 corpora,
1483 415 1617 468 quibus
1657 425 1730 452 non

85 490 171 525 sunt
202 486 377 537 propria:
411 487 507 539 qnod
541 488 601 535 lit,
634 501 740 539 quum
772 487 927 526 durities
959 486 1068 525 molle
1095 498 1256 536 coran,
1289 485 1490 524 amaritudo
1521 483 1641 522 dulcia
1668 482 1730 520 in-

85 555 211 603 vadit,
246 554 307 593 vel
340 568 447 607 quum
480 556 626 604 nigrum
659 556 716 605 id,
756 555 852 607 qnod
886 555 1080 593 candidum
1113 558 1195 602 est,
1227 554 1398 600 laevum,
1433 554 1467 591 id
1502 553 1599 605 quod
1633 552 1730 590 dex-

85 626 198 668 trum,
241 623 360 662 oculis
403 624 564 663 videtur.
626 638 752 663 casus
792 637 919 662 rerum
959 623 1026 660 iam
1060 623 1245 670 iungebat
1277 621 1490 668 Arnoldns,
1534 620 1628 658 mule
1659 619 1730 658 ob-

85 691 264 744 loquente
297 693 521 732 ssurinanno.
584 693 661 732 Sed
695 696 754 731 est
786 704 875 730 sane
907 690 1149 729 observanda
1179 691 1379 728 verborum
1413 690 1638 728 collocatio:
1672 690 1728 727 sa-

86 760 157 798 cile
197 761 288 798 enim
330 762 509 813 quisque,
551 761 613 813 qni
655 761 778 799 obiter
818 760 1030 810 inspexerit
1069 758 1187 797 locum
1229 771 1308 796 cum
1350 759 1519 808 proximo
1560 770 1729 809 corpora

85 828 195 868 malet
226 844 351 869 rernm
383 831 564 879 iungere,
597 841 702 880 qnam
735 840 813 867 cum
846 829 1044 866 remotiore
1078 841 1219 866 casus.
1266 825 1410 865 Similia
1442 825 1598 877 quodam
1624 825 1731 863 modo

85 897 260 949 exempla
291 911 355 945 ea,
389 911 484 950 quae
516 899 609 936 infra
640 898 814 947 profero,
849 897 912 945 nbi
944 896 989 934 de
1021 896 1184 934 dictione
1217 894 1395 945 Catonis,
1430 895 1532 933 Diss.
1564 893 1634 932 ΙΙΙ.
1667 892 1732 931 nbi

86 967 120 1005 in
154 967 227 1006 fine
260 980 420 1015 versus,
454 968 651 1005 interiecta
683 964 922 1016 parenthesi,
958 964 1178 1003 vocabulum
1210 964 1359 1003 additur
1390 963 1433 1000 nd
1462 962 1733 1013 praecedentia

84 1036 292 1086 pertinens.
381 1035 529 1074 Addam
560 1034 656 1073 alios
688 1047 737 1073 ex
769 1034 897 1072 eodem
928 1046 1073 1083 genere
1104 1032 1234 1082 locos,
1274 1032 1340 1070 sed
1374 1032 1407 1069 in
1442 1032 1577 1083 quibus
1609 1034 1733 1069 tamen

84 1104 178 1143 satis
211 1106 374 1142 curatum
404 1116 427 1142 a
456 1107 569 1154 poeta
603 1103 774 1152 videtur,
807 1115 852 1141 ne
884 1102 1050 1151 ambigui
1083 1102 1230 1140 tierent.
1293 1099 1436 1140 Culicis
1477 1114 1516 1139 v.
1553 1104 1645 1139 133.

287 1172 469 1230 Quercus
502 1179 595 1212 ante
627 1172 774 1220 datae,
808 1172 968 1212 Cereris
1003 1184 1117 1225 quam
1150 1173 1326 1219 semina,
1358 1171 1482 1209 vitae.

87 1240 188 1281 Ciris
221 1255 257 1279 v.
291 1245 388 1281 339.

601 1310 699 1350 nihil
728 1316 815 1359 est,
850 1310 955 1364 quod
985 1317 1104 1349 lexas
1137 1309 1288 1358 ordine,
1322 1308 1489 1359 lonyum.

85 1378 171 1417 Non
208 1378 406 1416 verendum
439 1381 538 1428 erat,
571 1391 617 1417 ne
648 1379 733 1431 quis
761 1381 913 1418 semina
937 1381 1070 1426 vitae,
1097 1378 1235 1417 ordine
1256 1377 1434 1429 lorcyum,
1469 1376 1731 1424 coniungeret.

86 1447 285 1497 lleynius,
318 1448 389 1486 etsi
422 1451 525 1486 recte
556 1448 734 1499 scriptum
767 1446 962 1486 exhibuit:
1005 1446 1104 1485 nihil
1134 1451 1221 1494 est,
1266 1446 1371 1500 quod
1409 1452 1528 1485 lexas
1568 1445 1729 1492 ordine,

90 1516 269 1567 lonynm,
318 1528 456 1554 vereor
496 1519 534 1554 nt
565 1520 668 1554 recte
699 1517 913 1567 perceperit
952 1515 1188 1553 sententiam.
1250 1514 1312 1553 Ac
1352 1515 1467 1565 primo
1508 1513 1619 1564 plane
1658 1524 1733 1550 non

91 1584 265 1632 intelligo
309 1583 514 1634 Heyninm,
562 1597 633 1636 qna
674 1584 820 1623 ratione
859 1597 961 1622 suam
994 1586 1118 1622 facere
1158 1584 1504 1634 interpretationem
1536 1581 1732 1633 Pomponii

92 1652 275 1699 voluerit,
318 1665 424 1704 quum
458 1656 577 1691 tamen
610 1654 694 1704 ipse
732 1665 802 1691 non
843 1665 888 1691 eo
927 1653 1104 1702 scriptum
1143 1652 1251 1690 modo
1292 1651 1412 1690 locum
1449 1651 1619 1700 dederit,
1660 1662 1733 1702 quo

90 1720 225 1760 lectum
257 1721 465 1772 Pomponio
497 1734 586 1760 esse
619 1721 801 1761 credibile
833 1724 912 1768 est,
946 1721 1012 1760 sed
1044 1719 1131 1759 alio.
1179 1720 1406 1771 Pomponius
1436 1721 1509 1759 ita:
1542 1719 1641 1759 nihil
1671 1723 1735 1758 est

91 1791 271 1842 longum,
306 1791 410 1845 quod
442 1794 535 1843 ipsa
568 1797 714 1830 natura
745 1792 884 1830 ordine
913 1792 1054 1830 texuit.
1095 1790 1195 1828 Mira
1219 1789 1506 1840 interpretatio,
1538 1791 1576 1827 et
1600 1801 1621 1827 a
1644 1800 1733 1827 ver-

91 1860 151 1898 bis
183 1862 340 1910 poetae,
372 1872 466 1911 qnae
488 1860 726 1910 Pomponium
759 1861 809 1897 ita
841 1862 1027 1909 concepta
1057 1862 1144 1897 ante
1175 1857 1306 1897 oculos
1337 1856 1531 1904 habuisse}
1550 1860 1662 1907 puto,
1696 1859 1735 1896 ut

91 1928 129 1965 in
160 1931 274 1977 meis,
318 1928 400 1967 cod.
435 1928 669 1976 Basilecnsi,
701 1929 852 1967 Veneta
882 1928 1029 1973 Ruhei,
1063 1926 1266 1966 Vicentina
1297 1929 1335 1966 et
1366 1925 1558 1966 Vossiano
1593 1925 1641 1965 11.
1673 1925 1733 1964 le-

90 2000 252 2046 guntur,
291 1997 390 2036 nihil
420 2004 482 2036 est
515 1997 620 2051 quod
649 2002 762 2036 texat
793 2000 833 2036 in
863 1997 1001 2036 ordt'ne
1032 1997 1207 2047 lonyam,
1252 1996 1377 2033 mirum
1417 1998 1588 2047 qnantum
1622 2006 1733 2033 rece-

93 2066 200 2103 dens.
259 2066 315 2104 At
352 2066 620 2105 recordandum
662 2070 741 2115 est,
783 2078 898 2116 saepe
941 2065 1180 2115 Pomponium
1222 2076 1295 2102 non
1338 2064 1456 2102 verba
1494 2063 1733 2113 interpretari

92 2136 291 2182 accurate,
323 2135 389 2173 sed
422 2147 592 2179 sensum,
635 2135 696 2187 qni
730 2134 800 2184 ipsi
833 2134 1026 2172 videretur
1057 2145 1162 2176 esse,
1209 2133 1372 2171 indicare
1403 2131 1540 2171 obiter.
1603 2132 1734 2184 ltaque

95 2202 213 2241 verba
244 2201 306 2241 illa
337 2204 393 2242 sic
424 2204 656 2253 accipiebat,
701 2204 771 2241 nisi
806 2203 937 2242 fallor:
985 2202 1077 2241 nihil
1120 2204 1179 2240 est
1211 2203 1246 2240 in
1279 2201 1412 2240 ordine
1452 2213 1594 2250 rernm,
1635 2200 1733 2253 quod

92 2270 182 2319 ille,
222 2271 338 2320 ordo,
382 2272 535 2321 longum
574 2276 694 2311 texat.
762 2272 943 2324 Perquam
977 2271 1080 2310 dure.
1142 2270 1388 2309 Scribendum
1427 2273 1506 2317 est,
1550 2273 1589 2308 ut
1626 2270 1731 2308 dixi:

93 2341 193 2379 nihil
223 2348 307 2388 est,
343 2342 447 2395 qnod
476 2349 595 2381 lexas
626 2343 786 2390 ordine,
819 2342 998 2393 lonqum,
1042 2339 1115 2379 lioc
1146 2352 1284 2378 sensu:
1325 2339 1400 2378 noli
1431 2339 1612 2379 festinare
1641 2351 1734 2390 prae

95 2409 323 2460 cupiditate,
366 2410 441 2448 noli
478 2415 727 2462 praepostere
767 2412 892 2449 facere
931 2411 1145 2462 quicqnam3
1192 2409 1280 2447 nihil
1322 2408 1476 2458 longum
1514 2413 1597 2457 est,
1635 2408 1734 2461 quod

94 2478 223 2517 ordine
254 2479 461 2529 peragitur.
522 2480 709 2518 Admonet
740 2479 898 2530 puellam
931 2479 1080 2526 nutrix,
1127 2482 1164 2518 nt
1195 2479 1315 2517 omnia
1354 2480 1495 2526 tentet,
1538 2479 1734 2529 antequam

94 2547 138 2586 ad
172 2550 373 2585 extremum
406 2547 492 2585 illud
525 2549 740 2587 descendat.
803 2547 1089 2599 Simplicissima
1131 2548 1339 2590 sententia,
1386 2550 1423 2586 et
1463 2559 1568 2599 quam
1599 2546 1734 2584 dudum

94 2620 319 2666 perceperat
350 2615 544 2665 Scaliger.
590 2615 664 2654 Sed
700 2616 938 2666 Scaligerum
969 2629 1086 2667 saepe
1118 2616 1292 2665 neglexit
1324 2616 1512 2667 Heynius.
1568 2615 1733 2665 ignoro,

96 2685 178 2736 quis
211 2685 347 2735 primns
379 2696 505 2722 veram
538 2687 780 2735 scripturam,
823 2686 929 2740 quod
959 2692 1078 2725 lexas
1111 2699 1146 2724 o.
1188 2686 1390 2724 invexerit.
1450 2685 1520 2724 Est
1552 2684 1639 2723 illud
1672 2686 1734 2722 ta-

95 2765 178 2792 men
209 2754 304 2792 satis
335 2754 519 2805 antiquum
552 2753 762 2800 inventum,
797 2767 905 2807 quum
938 2757 1067 2793 exstet
1092 2755 1128 2792 in
1150 2753 1337 2806 Virgilio,
1369 2766 1476 2806 quem
1502 2751 1733 2802 dico,Aldi.

182 2891 232 2930 V.
269 2895 360 2930 101.
429 2900 563 2942 QUAM
601 2899 694 2932 TUA
728 2900 786 2933 DE
820 2901 1024 2936 NOSTRIS
1059 2901 1271 2935 EMIGRET
1305 2901 1429 2935 CURA
1463 2900 1725 2934 MEDULLIS.

99 2959 240 3000 Similis
272 2959 428 3010 Virgilii
460 2972 597 2998 versus
629 2958 712 2997 loco
744 2960 868 3010 paullo
899 2962 986 3000 ante
1018 2961 1064 2999 ad
1098 2974 1135 2999 v.
1171 2965 1236 3000 98.
1276 2959 1450 3011 laudato,
1489 2959 1570 2998 Ecl.
1603 2958 1633 2998 Ι.
1666 2962 1730 2999 64.

382 3029 510 3088 Quam
539 3035 675 3069 nostro
709 3027 819 3069 illius
851 3029 1013 3070 labatur
1032 3036 1201 3086 ,pectore
1230 3029 1383 3070 vultus.
