2006 3365
489 155 543 194 IN
584 156 801 196 VALERH
832 155 1072 197 CATOMS
1106 156 1287 197 DlssAS.
1644 157 1710 204 47

71 269 141 309 reti
174 268 466 320 explicationes.
513 270 607 309 Mihi
637 271 688 309 ibi
715 272 861 311 devota
888 272 982 310 idem
1009 285 1097 310 esse
1120 273 1270 311 videtur
1293 271 1390 325 quod
1421 273 1523 321 rata,
1555 272 1593 310 et
1617 282 1709 322 per-

72 340 182 376 fecta.
244 337 403 376 Scilicet
433 339 626 378 devovere
657 338 828 388 Catullo,
859 340 965 386 aliis,
1002 341 1154 391 proprie
1186 346 1267 380 erat
1296 341 1456 380 reddere
1487 341 1525 378 et
1555 338 1709 378 solvere

72 406 184 451 illud,
217 406 313 458 quod
345 405 480 458 aliquis
515 412 698 446 voverat:
740 412 780 446 ut
820 409 854 446 in
888 408 1005 447 Coma
1035 410 1241 448 Berenices
1271 411 1457 450 Devotae
1484 409 1586 461 slavi
1614 409 1709 448 'ver-

70 477 165 514 ticis
208 477 391 513 exuviae.
463 474 586 523 Igitur
623 476 802 514 Theseus
844 488 922 514 cum
969 480 1049 515 rato
1089 480 1126 515 et
1165 477 1316 528 impleto
1357 478 1520 528 periurio
1566 477 1708 515 domum

70 544 231 582 abierat.
264 543 465 591 devotam,
499 545 671 592 decom,
705 545 874 592 devota,
915 544 1093 590 cumulat,
1126 546 1194 583 sed
1227 546 1365 584 usitata
1404 547 1706 595 significatione,

71 611 260 659 Virgilius
294 612 328 649 in
361 610 492 651 Colice
525 626 561 650 v.
596 615 690 651 363.
725 613 818 650 307.
853 616 946 650 369.
1066 612 1187 651 Plauti
1226 612 1454 663 epitaphium
1486 616 1581 666 apud
1615 614 1706 654 Gel-

70 680 153 718 lium
194 679 224 718 1.
269 696 383 718 xxiv.
432 681 589 719 Antliol.
629 681 713 720 Lat.
746 680 811 718 lib.
844 680 894 718 ll.
928 695 1062 717 ccxiv.
1103 681 1154 719 ita
1194 681 1379 729 scribam,
1423 683 1494 720 nisi
1536 684 1620 735 quis
1657 696 1707 723 ex

68 747 175 787 libris
207 749 360 788 iusserit
390 749 513 787 aliud:

243 818 465 873 Postquam
496 825 558 857 est
587 824 706 856 morte
737 817 858 856 datas
893 817 1093 867 Plautus,
1126 818 1338 857 Comoedia
1370 818 1500 870 laqet:

238 888 392 926 Scenae
422 887 626 925 desertae:
661 886 751 924 dein
783 885 938 934 Risus,
973 886 1138 935 Ladas,
1170 886 1392 941 Iocusque,

242 955 294 996 Et
324 956 472 993 numeri
501 957 689 993 innumeri
719 956 837 993 simut
867 969 998 994 omnes
1029 955 1379 995 collacramarnnt.

67 1030 208 1071 morte,
241 1022 278 1060 h.
310 1035 343 1060 e.
376 1022 503 1067 morti,
537 1023 683 1071 datas,
716 1024 919 1061 imitatione
950 1025 1110 1063 usitatae
1141 1025 1176 1062 in
1208 1024 1400 1063 funeribus
1427 1025 1640 1076 indictivis,
1668 1028 1709 1066 ut

70 1092 181 1130 testis
214 1095 273 1130 est
294 1091 438 1139 Varro,
471 1090 671 1140 l'ornmlae,
705 1092 810 1131 ollas
843 1092 919 1131 teto
952 1093 1074 1132 datas
1106 1101 1190 1133 est:
1223 1096 1272 1133 cf.
1305 1093 1454 1143 Scalig.
1485 1094 1520 1132 in
1544 1094 1706 1133 Varron.

68 1173 106 1211 p.
144 1165 233 1199 123.
267 1160 365 1199 HSt.
398 1159 534 1200 Cicero
566 1160 613 1198 ‹le
644 1159 782 1209 Legib.
815 1160 865 1198 11.
901 1176 955 1198 ix.
996 1174 1066 1200 sos
1107 1159 1150 1213 (e
1182 1165 1343 1201 correct.
1375 1161 1597 1213 Goerenzii)
1629 1163 1707 1203 leto

68 1230 203 1268 datos.
254 1228 399 1267 Deinde
426 1228 545 1278 vulgo
568 1230 700 1268 Scena
731 1236 794 1268 est
825 1230 1001 1269 deserta.
1035 1233 1073 1269 et
1104 1243 1171 1281 pro
1203 1231 1293 1270 dein
1316 1231 1378 1269 alii
1401 1233 1491 1271 hinc
1517 1232 1706 1282 scribunt,

69 1303 106 1337 vt
138 1298 302 1336 nonnulli
335 1298 480 1345 lentus,
513 1300 725 1352 risusque,
759 1301 962 1352 iocasqae.
1024 1299 1177 1348 Risus,
1220 1300 1383 1349 Ladas,
1417 1301 1636 1355 Iocusque,
1669 1303 1708 1340 et

68 1369 238 1415 numeri,
281 1368 468 1405 innumeri
500 1367 588 1405 l'acti
622 1369 738 1405 morte
769 1366 915 1415 Plauti,
957 1367 1017 1419 qui
1057 1370 1129 1406 tam
1169 1369 1291 1407 honos
1330 1381 1502 1407 numeros
1542 1370 1706 1419 fecerat,

69 1435 176 1473 simul
215 1447 342 1473 omnes
381 1434 690 1473 collacrumarunt
727 1436 762 1473 in
803 1438 921 1473 morte
953 1435 1088 1474 Plauti.
1149 1437 1255 1486 Ergo
1292 1437 1391 1476 aliud
1432 1437 1541 1476 huius
1572 1440 1708 1488 poetae

70 1505 116 1542 de
148 1503 308 1541 numeris
341 1502 522 1542 Plautinis
554 1503 726 1541 iudicium
760 1504 848 1549 suit,
880 1515 985 1554 quam
1017 1504 1178 1543 Horatii.
1229 1505 1371 1544 Similis
1402 1507 1589 1544 sententia
1619 1518 1706 1544 scn-

70 1573 208 1610 tcntiae
250 1575 309 1610 est
340 1571 496 1620 Naevii,
541 1572 601 1623 qui
641 1584 684 1609 se
726 1575 868 1609 mortuo
900 1571 1091 1610 Romanos
1131 1573 1271 1612 oblitos
1309 1587 1398 1613 esse
1436 1574 1567 1613 Latine
1607 1575 1707 1627 loqui

69 1640 266 1689 gloriatur.
327 1641 370 1678 Si
400 1642 512 1689 hinc,
552 1641 680 1690 possis
713 1639 862 1690 ellipsin
896 1643 1087 1692 statuere,
1119 1643 1214 1680 satis
1245 1642 1465 1693 eleganter:
1507 1645 1599 1683 hinc
1629 1644 1707 1683 Ri-

69 1723 164 1758 sus,
200 1709 362 1758 Ladas,
396 1710 605 1764 Iocusque.
638 1709 720 1748 scil.
752 1709 894 1747 abiere.
942 1708 992 1748 Ut
1021 1710 1056 1748 in
1088 1710 1213 1750 Milite
1243 1712 1366 1752 Plauti
1389 1712 1438 1751 11.
1466 1726 1503 1759 v,
1529 1717 1563 1752 l.
1609 1713 1709 1752 Inde

70 1783 194 1829 {quem
224 1782 263 1818 in
294 1792 429 1828 aram,
462 1778 544 1817 scil.
578 1777 721 1817 afferte.

156 1915 206 1953 V.
225 1918 292 1954 20.
314 1919 348 1954 1.
369 1921 405 1954 2.
424 1919 463 1955 3.
521 1925 643 1960 HAEC
668 1925 872 1959 VENERIS
900 1926 1044 1960 vAmo
1070 1927 1336 1962 FLORENTIA
1370 1930 1522 1964 SERTA
1548 1933 1617 1965 etc.

157 1984 199 2023 ln
223 1983 281 2023 his
306 1997 412 2022 unum
433 1997 455 2023 a
478 1986 586 2024 nobis
610 1998 630 2024 e
651 1986 865 2024 coniectura
882 1987 1085 2036 repositum
1109 1990 1190 2037 est,
1215 2002 1318 2042 qaae
1337 1992 1506 2041 pinquat
1527 2004 1653 2031 verna
1673 2005 1706 2032 c.

76 2053 205 2101 vulgo
239 2067 342 2107 quae
368 2056 497 2107 pinqit
528 2067 660 2093 avena
691 2068 725 2093 c.
788 2054 845 2092 De
876 2067 948 2106 quo
980 2058 1127 2105 postea.
1187 2056 1324 2095 Maiori
1364 2058 1473 2097 nohis
1509 2058 1606 2098 laudi
1638 2060 1709 2099 du-

76 2123 191 2160 cimus
217 2123 447 2167 restitutum,
480 2122 629 2162 sublata
656 2124 956 2174 interpunctione
983 2124 1143 2173 maiore,
1175 2137 1271 2176 quac
1300 2129 1388 2177 post
1415 2140 1547 2166 vocem
1580 2129 1711 2169 colore

77 2194 178 2233 crat,
211 2192 477 2229 sententiarum
511 2204 658 2229 nexum.
719 2191 834 2244 Quem
867 2204 999 2230 nexum
1032 2206 1138 2244 quum
1177 2206 1281 2232 nemo
1321 2200 1556 2246 perspectum
1588 2196 1710 2236 habe-

78 2263 159 2309 ret,
191 2272 309 2311 neque
339 2259 491 2299 aliorum
517 2261 710 2299 conamina
733 2261 949 2299 emendandi
978 2265 1150 2300 eventum
1176 2262 1317 2302 habere
1340 2269 1561 2315 potuerunt,
1590 2279 1710 2319 neque

79 2331 164 2380 ipse
195 2328 394 2376 Heinsius,
426 2329 485 2380 qui
518 2330 655 2380 prinms
688 2330 821 2368 editum
852 2343 873 2368 a
900 2330 1009 2368 nobis
1032 2333 1201 2384 pinqunt
1221 2345 1345 2371 verna
1368 2335 1551 2384 coniecit,
1583 2336 1710 2387 quanti

80 2400 186 2436 esset
229 2395 322 2435 haec
357 2398 584 2447 emendatio,
625 2399 816 2447 sensisse,
863 2402 927 2437 aut
963 2402 1076 2438 totum
1116 2399 1236 2438 locum
1272 2401 1512 2442 intellexisse
1549 2404 1710 2442 videtur.

81 2467 137 2506 At
167 2468 408 2516 persenserat
438 2469 579 2516 tamen,
612 2467 706 2505 salso
739 2468 954 2518 interpungi
984 2472 1073 2519 post
1104 2469 1258 2518 colore,
1291 2482 1500 2524 nexumque
1525 2471 1597 2511 loci
1621 2484 1711 2523 per-

82 2537 286 2587 spexerat,
319 2533 478 2583 Badius,
509 2536 613 2574 cuius
643 2535 738 2575 haec
768 2539 828 2575 est
858 2537 1139 2588 interpretatio:
1179 2539 1295 2578 Haec
1326 2546 1439 2579 serta
1477 2541 1652 2581 Veneris.
1685 2542 1711 2580 i.

82 2612 162 2644 tam
196 2603 367 2657 pulchra
405 2609 443 2641 et
481 2605 685 2656 odorifera
722 2612 763 2644 ut
802 2606 965 2646 Veneris
998 2606 1140 2646 dicas:
1181 2608 1365 2660 florentia
1404 2611 1520 2649 vario
1560 2610 1711 2650 colore:

83 2687 210 2713 aurae
241 2672 393 2711 dulces.
436 2673 463 2709 ἰ.
495 2686 667 2713 suaves:
709 2675 799 2714 hinc
830 2675 872 2714 id
900 2682 962 2715 est
997 2677 1258 2728 procedentes
1297 2677 1349 2716 ab
1386 2678 1451 2718 his
1491 2682 1636 2718 sertis:
1677 2686 1715 2718 et

86 2744 256 2795 spiritus
289 2742 379 2792 ayri
408 2740 450 2779 id
479 2747 541 2779 est
570 2742 693 2793 slatus
732 2750 770 2783 et
809 2744 907 2784 odor
937 2744 1125 2796 diffusus
1153 2759 1228 2799 per
1257 2759 1413 2798 ayt-um:
1454 2749 1544 2787 hinc
1582 2747 1624 2786 id
1653 2755 1715 2787 est

85 2826 136 2851 ea·
164 2812 227 2850 his
261 2812 404 2850 sertis:
437 2815 578 2848 mutent
608 2811 651 2850 id
680 2819 743 2851 est
769 2826 842 2865 per
872 2815 1170 2853 immutationem
1192 2816 1439 2867 producant:
1473 2823 1613 2855 aestas
1642 2830 1715 2870 pe-

88 2881 257 2932 stiferos
289 2886 327 2918 et
356 2891 508 2919 venena
538 2884 643 2918 tetra
673 2881 715 2919 id
744 2888 807 2921 est
838 2883 953 2922 diras
979 2884 1217 2936 infectiones
1242 2892 1280 2924 et
1302 2886 1574 2937 pestilentias.
1618 2885 1715 2924 Per-

88 2948 187 2987 hene
216 2951 445 3000 assequutus
476 2949 535 2985 est
564 2959 713 2987 sensum
738 2948 912 2994 Catonis,
947 2952 1009 3003 qui
1039 2951 1223 3001 singulari
1254 2952 1445 2992 brevitate
1472 2954 1562 2993 hinc
1591 2967 1718 2995 aurae

90 3017 130 3056 d.
159 3017 249 3056 hinc
279 3019 424 3057 suavis
457 3018 627 3068 spiritus
656 3030 698 3055 a.
729 3019 905 3070 scripsit,
936 3020 961 3058 i.
984 3031 1018 3058 e.
1050 3032 1145 3071 quae
1174 3020 1261 3060 hinc
1284 3021 1468 3072 prodeunt
1492 3034 1624 3075 aurae,
1655 3025 1717 3076 qui
