2006 3365
576 182 646 221 DE
677 181 832 221 POESI
866 179 1203 223 CATONIANA.
1609 186 1710 231 327

73 308 190 346 saepe
220 296 372 347 placent
403 309 492 347 prae
522 295 645 336 multis
676 296 830 336 aliorum
861 295 1160 345 elegantissimis
1199 298 1401 349 operibus:
1439 299 1710 349 perfectionem

72 364 316 416 peritiamque
345 366 502 404 artilicis
534 378 729 415 summam,
761 363 882 417 qualis
912 366 949 403 in
981 366 1113 404 iambis
1139 369 1252 419 atque
1275 366 1608 417 hendecasyllabis
1629 365 1709 406 Ca-

72 433 152 473 tulli
186 435 370 483 cernitur,
404 435 599 485 desider03
633 448 677 475 ac
707 435 817 486 plane
848 433 934 471 mihi
968 433 1102 471 videor
1132 437 1279 484 poetam
1312 435 1442 473 audire
1464 434 1710 485 praeclarum,

70 502 138 540 sed
171 501 243 541 hoc
274 502 310 540 in
342 516 488 552 genere
520 505 710 543 novitium.
770 502 975 553 Disputavi
1010 501 1183 540 nonnulla
1203 501 1275 541 huc
1300 504 1526 553 pertinentia
1552 503 1659 541 Diss.
1678 503 1708 541 Ι.

71 583 107 621 p.
141 573 236 610 232.
297 572 398 610 Sane
429 585 588 621 magnae
619 572 724 610 molis
755 574 856 619 erat,
900 569 1070 618 Elegiam
1101 570 1268 609 Latinam
1301 572 1477 610 condere.
1539 572 1709 621 Elegiam

70 641 130 691 qui
163 641 361 690 scripserit
391 644 478 679 ante
511 641 715 686 Catullum,
760 642 798 678 ut
830 639 938 686 dixi,
980 651 1086 677 nemo
1118 641 1315 689 reperitur.
1377 640 1570 678 Habemus
1603 644 1710 679 cata-

69 708 182 760 logos
214 713 426 759 poetarmn,
470 711 530 761 qni
564 711 723 748 carmina
761 708 997 757 scripserunt
1027 708 1227 755 arnatoria,
1268 708 1365 746 duos
1403 708 1708 760 antiquissimos:

70 790 175 815 unum
221 778 409 827 Propertii
443 778 492 816 11.
526 793 673 816 xxxiv.
721 781 819 815 extr.
860 774 1015 813 alterum
1055 775 1183 815 Ovidii
1226 776 1347 816 Trist.
1378 777 1429 816 ΙΙ.
1471 779 1565 815 427.
1598 791 1709 831 seqq.

68 845 202 884 Nullus
235 846 357 895 inest,
392 860 498 899 quem
531 847 679 896 elegias
719 845 928 895 scripsisse
974 847 1144 893 constet,
1186 846 1373 897 antiquior
1404 844 1569 885 Catullo.
1630 847 1709 885 Sed

67 927 246 965 ponemus
278 917 426 955 nomina
458 915 650 959 nonnulla,
685 915 794 954 etiam
825 912 976 951 aliunde
1008 918 1108 953 nota.
1170 914 1450 964 Epigrammata
1474 916 1584 954 Ennii
1616 927 1709 954 ver-

67 983 173 1021 sibus
206 983 392 1032 elegiacis
424 986 566 1034 scripta
597 984 666 1022 iam
700 983 1000 1021 connnemoravit
1036 982 1241 1022 Santenius
1272 982 1298 1020 1.
1330 983 1355 1021 1.
1417 983 1564 1022 Deinde
1597 983 1709 1022 valde

67 1052 317 1091 memorabilis
350 1066 409 1091 res
441 1057 567 1101 esset,
601 1054 632 1090 si
666 1064 794 1090 verum
826 1054 951 1099 esset,
985 1052 1082 1103 quod
1110 1052 1146 1090 in
1169 1051 1446 1103 Stephanorum
1469 1052 1708 1102 Fragmentis

68 1120 267 1159 Poetarum
310 1125 478 1160 veterum
518 1122 730 1161 Latinorum
779 1133 817 1171 p.
850 1121 946 1159 258.
987 1119 1148 1170 legitur,
1189 1123 1459 1171 pentametrum
1501 1123 1710 1173 scripsisse

68 1190 283 1229 Pacuvium.
346 1191 466 1228 Mirus
499 1202 627 1240 error,
661 1193 698 1229 et
729 1202 778 1228 ex
799 1201 870 1241 quo
891 1189 1016 1227 discas
1046 1192 1154 1228 caute
1177 1190 1350 1228 utendum
1372 1202 1461 1229 esse
1483 1190 1709 1230 collectione

66 1258 142 1296 illa.
202 1258 346 1308 Nempe
387 1258 484 1297 hunc
525 1258 656 1297 volunt
696 1259 966 1309 pentametrum
1011 1270 1127 1296 esse:
1188 1258 1310 1297 Nunc
1355 1261 1522 1311 primum
1560 1268 1709 1312 opacat

64 1327 161 1378 flore
193 1327 339 1379 lamtyo
370 1342 512 1379 [sentes.
573 1327 633 1368 Cf.
656 1327 835 1376 Scaliger
866 1327 901 1364 in
922 1326 1068 1366 Festum
1090 1341 1127 1365 v.
1143 1340 1271 1379 {senas
1284 1356 1297 1377 ,
1319 1332 1356 1367 et
1377 1329 1535 1367 Pacuvii
1557 1329 1705 1379 Fragm.

63 1409 126 1447 ap.
159 1397 388 1435 Scriverium
419 1410 456 1448 p.
489 1401 556 1436 Sl.
636 1396 696 1435 De
738 1396 934 1448 Pompilio
975 1397 1104 1435 doceri
1147 1396 1277 1444 velim,
1320 1397 1417 1436 unde
1456 1397 1634 1447 Scaliger
1670 1400 1707 1438 in

64 1466 228 1505 Varron.
261 1478 298 1516 p.
322 1469 413 1504 190.
436 1465 532 1504 llSt.
560 1465 754 1514 didicerit,
788 1465 884 1517 quod
917 1465 1080 1504 scribit:
1112 1467 1292 1518 Scripsit
1321 1469 1420 1506 enim
1439 1470 1706 1520 epiyramma-

63 1536 124 1573 tia
156 1540 194 1573 et
224 1534 398 1586 eleqidia
426 1541 547 1587 poeta
578 1535 659 1573 ille.
720 1533 792 1586 Qui
823 1534 919 1584 apud
953 1533 1159 1573 Varronem
1190 1548 1228 1585 p.
1264 1540 1329 1574 80.
1364 1535 1462 1574 list.
1506 1534 1577 1586 (p.
1609 1541 1705 1576 370.

62 1603 121 1642 ed.
143 1602 357 1654 Spengel.)
381 1603 522 1654 legitur
554 1615 689 1641 versus
715 1602 910 1653 Pompilii,
943 1603 1034 1642 Heu
1060 1615 1141 1657 qua
1170 1617 1228 1642 me
1258 1617 1415 1643 caussa
1444 1606 1613 1656 s'ortmm
1643 1609 1705 1644 in-

59 1674 174 1725 festa
202 1675 373 1724 premis,
421 1673 635 1711 coniectura
672 1672 813 1710 demum
852 1671 1046 1721 Scaligeri
1080 1671 1298 1712 hexameter
1329 1674 1451 1712 sactus
1484 1676 1544 1713 est
1575 1673 1706 1713 heroi-

62 1753 161 1780 cus:
194 1742 307 1780 Eheu
341 1753 422 1794 qua
453 1754 584 1780 causa
613 1741 782 1792 fortuna
812 1741 969 1792 infesta
997 1743 1146 1794 premis
1176 1755 1247 1781 me.
1310 1742 1448 1780 Verum
1481 1746 1519 1781 ut
1550 1742 1623 1781 hoc
1655 1744 1706 1781 ita

60 1810 132 1858 sit,
168 1809 258 1848 nihil
293 1811 379 1849 inde
410 1810 607 1862 sequitur,
640 1810 714 1848 nisi
745 1808 838 1858 hoe,
872 1809 1115 1849 hexametros
1147 1811 1354 1861 scripsisse
1370 1811 1610 1862 Pompilium,
1644 1813 1704 1850 vel

61 1880 342 1929 epigrammata.
410 1880 664 1918 Hexametros
704 1882 743 1918 et
782 1878 967 1927 elegiacis
1006 1879 1186 1917 versibus
1235 1881 1506 1930 epigrannnata
1551 1882 1706 1931 scripsit

62 1948 170 1986 etiam
202 1948 257 1986 M.
289 1947 493 1986 Terentius
524 1947 658 1986 Varro.
720 1947 760 1985 Id
793 1948 904 1985 miror
934 1960 1081 1996 negare
1112 1948 1348 1986 Franciscum
1381 1948 1614 1987 Wiillnerum
1645 1949 1705 1988 De

61 2017 234 2056 Varrone
266 2017 379 2054 Atac.
412 2029 449 2066 p.
484 2020 520 2055 7.
553 2019 591 2056 et
623 2018 688 2054 25.
752 2016 873 2055 Miror
905 2020 1024 2055 autem
1063 2018 1291 2066 propterea,
1332 2017 1429 2068 quod
1473 2016 1704 2067 singularem

61 2097 231 2123 caussam
262 2083 472 2133 hahuisse,
513 2096 576 2123 cur
607 2088 797 2134 negaret,
831 2085 948 2123 virum
980 2085 1200 2136 prudentem
1232 2097 1276 2123 ac
1306 2085 1527 2134 diligentem
1560 2087 1702 2136 proba-

62 2154 138 2192 bile
171 2158 242 2191 est.
305 2153 419 2205 (sinam
453 2166 528 2203 ego
562 2166 632 2191 non
664 2165 858 2205 assequor.
923 2154 1087 2192 Exstant
1108 2153 1164 2191 M.
1184 2154 1357 2192 Terentii
1378 2155 1561 2193 Varronis
1583 2155 1704 2194 hexa-

61 2223 166 2260 metri
201 2226 239 2260 et
271 2234 406 2260 versus
439 2222 604 2271 elegiaci
635 2222 731 2261 satis
763 2222 884 2272 multi,
918 2224 1050 2273 partim
1083 2223 1117 2260 in
1143 2222 1415 2271 Anthologiam
1441 2223 1606 2262 Latinam
1640 2237 1700 2263 re-

62 2292 160 2342 cepti
191 2305 212 2329 a
245 2293 473 2339 Bou-manno,
515 2293 646 2341 partim
677 2291 768 2340 alii,
811 2305 905 2344 quos
937 2303 1008 2330 non
1041 2292 1192 2330 invenio
1226 2292 1322 2341 apud
1354 2291 1622 2342 Rurmannuw,
1664 2296 1703 2333 ut

61 2361 157 2411 apud
191 2360 348 2399 Nonium
381 2373 417 2411 p.
451 2363 546 2399 503.
581 2366 647 2400 30.
688 2361 800 2400 Varr.
842 2361 991 2410 Fragm.
1031 2361 1089 2399 ed.
1132 2360 1286 2411 Bipont.
1320 2374 1356 2411 p.
1390 2363 1484 2400 268.
1526 2366 1563 2400 9.
1603 2364 1700 2413 apud

61 2429 223 2468 Nonium
256 2442 292 2479 p.
317 2431 409 2467 272.
433 2431 469 2467 4.
502 2428 613 2468 Varr.
645 2430 793 2479 Fragm.
813 2443 850 2480 p.
872 2432 967 2468 275.
1000 2429 1202 2468 Hermann.
1235 2429 1354 2468 Elem.
1386 2429 1435 2468 D.
1460 2430 1516 2469 M.
1548 2444 1586 2481 p.
1605 2433 1700 2470 347.

61 2499 156 2549 apud
190 2499 348 2537 Nonium
381 2512 417 2549 p.
450 2502 544 2538 26⁴.
578 2504 643 2537 20.
675 2512 710 2550 p.
740 2502 834 2538 392.
868 2502 905 2536 4.
939 2498 1050 2537 Varr.
1082 2498 1231 2547 Fragm.
1264 2512 1302 2549 p.
1324 2501 1418 2537 276.
1480 2499 1550 2551 Qui
1574 2513 1701 2539 omnes

62 2571 100 2606 et
133 2568 292 2606 Varroni
326 2567 534 2606 tribuuntur
564 2580 585 2606 a
615 2568 759 2617 Nonio,
799 2568 942 2606 additis
974 2567 1198 2610 Satirarum,
1240 2568 1376 2620 quibus
1409 2569 1538 2607 inserti
1570 2570 1697 2618 suere,

62 2636 291 2682 nominihus,
325 2640 362 2673 et
393 2637 588 2675 manifesto
621 2639 706 2676 sunt
736 2636 945 2676 hexametri
976 2641 1040 2676 aut
1070 2636 1257 2686 elegiaci,
1291 2640 1328 2676 et
1354 2637 1505 2687 dignam
1526 2636 1699 2675 Varrone

62 2704 258 2743 dictionem
291 2705 575 2756 prosodiamque
608 2705 757 2745 habent.

148 2774 274 2812 Metro
315 2773 467 2811 heroico
507 2774 616 2812 etiam
654 2775 888 2828 Indiyncttio
927 2776 1071 2826 scripta
1115 2775 1182 2814 suit
1220 2773 1316 2814 haud
1358 2775 1491 2822 dubie,
1533 2777 1571 2814 et
1614 2776 1695 2815 Di-

62 2850 221 2895 elyman.

148 2980 351 3019 Subiiciam
384 2979 559 3018 nonnulla
592 2981 750 3020 virorum
781 2982 974 3021 doctorum
1005 2983 1052 3022 de
1075 2981 1221 3022 Catone
1252 2982 1403 3021 iudicia.
1464 2982 1596 3021 Priora
1614 2983 1695 3021 eius

65 3049 267 3100 temporis,
308 3049 405 3102 quod
438 3048 604 3099 Virgilio
636 3050 826 3091 tribuebat
856 3050 952 3090 haec
983 3052 1154 3090 carmina.
