2006 3365
242 147 308 191 22
804 139 943 181 ANIM
952 141 984 178 A
993 138 1329 181 DVERSIONES

243 257 407 311 fistula,
438 257 595 301 dicitur,
630 255 833 306 improprie
864 254 1011 292 dicitur.
1073 252 1123 293 Ut
1154 254 1288 306 ubique
1319 257 1482 305 poetae,
1522 257 1630 294 etiam
1668 258 1884 306 nostrates,

245 331 283 366 et
314 327 375 378 qui
406 338 585 377 nunquam
616 324 736 372 digito
768 323 977 371 attigerunt
1008 319 1192 370 chordas,
1224 321 1309 372 lyra
1339 335 1383 361 se
1409 325 1473 362 aut
1497 324 1610 373 tibia,
1644 324 1723 363 dum
1749 337 1886 364 versus

245 396 406 443 l'aciunt,
445 406 580 433 canere
612 393 770 441 lingunt.
831 390 871 429 lu
904 391 1072 441 inprimis
1104 391 1344 441 conspicuum
1383 391 1418 430 in
1451 404 1563 431 versu
1597 395 1634 433 ἶ.
1666 394 1729 432 ubi
1759 394 1886 433 liberte

245 477 377 504 avena
408 475 453 500 ne
484 474 635 500 sensum
667 461 812 513 quidem
843 459 1020 504 baberet,
1054 460 1086 498 si
1114 460 1267 510 proprie
1294 461 1531 510 acciperetur
1557 476 1702 509 avena,
1735 463 1801 501 sed
1827 467 1887 500 est

244 545 311 583 pro
343 534 535 570 carmine:
568 529 679 568 multa
711 531 814 581 prius
847 530 1002 571 suerint,
1037 540 1142 580 quam
1169 540 1243 566 non
1268 529 1382 567 fuerit
1407 528 1560 569 liberum
1588 543 1734 569 carmen
1756 543 1884 570 meum.

244 601 369 640 Versu
404 600 468 637 75.
500 599 531 637 si
563 603 683 639 tamen
716 599 766 637 ibi
798 603 903 639 recte
934 598 1047 637 ‹lit-at
1077 595 1238 646 legitur,
1271 595 1344 635 boc
1375 601 1512 636 tantum
1545 598 1652 638 dicit:
1695 611 1770 648 age
1802 610 1886 636 rur-

244 680 323 707 sum
362 669 507 708 tristius
546 668 618 708 hoc
657 679 804 708 eariuen
846 667 976 706 dicam.
1036 665 1211 705 Eamdem
1249 666 1284 705 in
1323 666 1546 705 sententiam
1587 666 1889 718 interpretandus

244 749 381 778 versus
416 740 479 779 19.

416 806 506 847 Nee
536 806 642 845 «lesit
673 805 815 844 nostris
847 804 1027 844 devotum
1058 817 1215 846 carmen
1245 803 1394 843 avenis.

247 874 309 913 ubi
341 888 496 914 avenas
529 875 619 913 dicit
651 886 755 912 unam
787 873 954 922 Battari,
987 885 1080 925 quae
1110 885 1152 913 re
1185 885 1278 912 vera
1308 884 1432 912 avena
1463 876 1542 922 est,
1575 871 1728 912 alteram
1749 874 1888 924 impro-

244 944 345 994 prie,
378 942 414 981 h.
447 956 480 982 e.
515 956 618 983 suum
652 948 808 981 cantum.

247 1080 345 1132 quali
375 1079 483 1118 imino
516 1081 729 1119 conditione
761 1081 886 1119 suerit.
948 1080 1032 1120 Fuit
1064 1079 1160 1118 baud
1199 1079 1310 1117 dubie
1349 1078 1483 1118 servili
1515 1079 1727 1117 conditione
1757 1077 1891 1126 bomo,

246 1149 380 1190 idonea
411 1148 559 1188 fistulae
592 1149 652 1187 vel
688 1149 804 1188 tibiae
835 1148 971 1201 peritia
998 1147 1162 1200 pollens,
1197 1150 1364 1187 fortasse
1389 1151 1541 1199 pastor,
1574 1159 1728 1200 quocum
1750 1151 1787 1186 et
1806 1146 1892 1185 olim

247 1215 367 1266 Cato,
400 1218 533 1257 beatus
565 1218 641 1257 ouo
674 1217 772 1256 ruris
804 1217 885 1266 sui,
928 1218 1140 1265 cecinerat,
1183 1221 1221 1256 et
1252 1229 1348 1257 nunc
1378 1230 1420 1256 se
1453 1229 1589 1257 canere
1622 1217 1735 1256 Diras
1767 1217 1889 1266 fingit.

243 1287 294 1330 Et
323 1290 412 1337 apte
444 1286 515 1324 hoc
549 1286 676 1335 tingit,
709 1299 816 1338 quum
849 1297 999 1324 scenam
1032 1287 1228 1335 carminis,
1261 1290 1299 1325 ut
1330 1287 1432 1335 dixi,
1464 1288 1500 1326 in
1531 1299 1626 1335 agro
1656 1299 1724 1324 suo
1747 1297 1891 1337 posue-

245 1356 316 1401 rit,
349 1355 539 1394 Battarum
573 1367 684 1400 vern,
719 1358 758 1392 ut
788 1354 884 1393 alios
911 1367 1068 1401 servos,
1101 1355 1293 1393 restitisse
1320 1356 1355 1393 ln
1380 1355 1509 1404 agriS,
1539 1352 1684 1394 Catone
1705 1354 1892 1405 expulso,

246 1423 448 1475 probabile
479 1424 543 1465 sit.
594 1423 736 1464 Fistula
765 1417 908 1463 Battari
941 1424 1009 1462 iam
1041 1427 1151 1462 antea
1183 1437 1285 1463 usum
1318 1436 1407 1462 esse
1435 1423 1636 1473 Catonem,
1667 1427 1705 1462 et
1734 1422 1892 1475 aliquam

247 1493 329 1531 eius
360 1493 581 1532 mentionem
613 1492 648 1532 in
682 1492 907 1532 carminibus
946 1496 1032 1531 ante
1063 1492 1178 1531 Diras
1217 1493 1359 1539 fuisse,
1402 1497 1476 1532 tum
1513 1491 1600 1532 illud
1641 1491 1792 1531 videtur
1823 1491 1892 1530 de-

248 1560 413 1610 clarare,
452 1561 547 1613 quod
582 1560 628 1599 de
661 1561 814 1603 Battaro
846 1561 880 1599 in
913 1560 1018 1599 Diris
1050 1561 1186 1613 ubique
1217 1563 1398 1613 tamquam
1440 1561 1486 1600 de
1517 1567 1605 1601 nota
1635 1572 1801 1611 persona
1830 1559 1892 1600 lo-

248 1630 371 1685 quitur
403 1627 521 1678 Cato,
554 1634 626 1668 tum
660 1629 818 1668 maxime
851 1629 1043 1680 colligitur
1073 1642 1123 1668 ex
1154 1630 1260 1670 initio
1293 1630 1486 1679 carminis,
1526 1630 1589 1670 ubi
1620 1629 1797 1669 Battara
1826 1644 1891 1669 re-

245 1706 429 1752 petamus
462 1699 577 1737 scribi
610 1711 682 1736 non
722 1698 917 1746 licuisset,
958 1700 1028 1738 nisi
1071 1700 1140 1737 iam
1177 1702 1287 1740 antea
1325 1703 1389 1739 aut
1425 1698 1497 1739 alio
1537 1699 1574 1737 in
1616 1699 1776 1737 carmine
1806 1701 1890 1745 aut,

250 1770 346 1822 quod
380 1781 451 1806 non
484 1768 752 1819 improbabile,
794 1769 830 1806 in
871 1769 955 1820 ipsa
994 1769 1276 1819 Indiynatione
1314 1780 1432 1818 opera
1461 1768 1605 1806 Battari
1645 1767 1680 1806 in
1723 1767 1891 1806 canendo

248 1851 339 1877 usus
371 1837 519 1878 fuisset.
567 1838 622 1879 At
652 1849 769 1888 saepe
801 1849 903 1877 usum
937 1850 1027 1875 esse
1060 1838 1239 1876 Catonem
1273 1837 1448 1885 Battaro,
1479 1837 1588 1875 etiam
1615 1848 1665 1874 ex
1692 1848 1806 1876 versu
1825 1840 1891 1875 30.

249 1906 403 1954 colligo.
450 1904 508 1945 Cf.
537 1905 581 1944 ad
615 1919 654 1943 v.
679 1908 745 1946 54.
780 1906 845 1943 Π.
878 1906 1071 1946 monenda.
1118 1906 1323 1946 Praeterea
1355 1905 1498 1956 duplex
1527 1905 1572 1943 ad
1604 1905 1893 1957 disputationem

248 1979 412 2017 nostram
444 1977 661 2015 nmmontum
693 1975 728 2012 in
762 1987 799 2012 v.
833 1977 899 2015 63.
932 1987 1041 2027 seqq.
1073 1975 1192 2014 inest:

416 2045 463 2084 Si
493 2047 619 2084 minus
650 2044 773 2092 haec,
809 2043 1016 2096 Neptune,
1049 2051 1143 2083 tuus
1176 2043 1420 2098 infundimus
1454 2045 1593 2093 nuris,

420 2112 616 2161 Bastar-e,
648 2112 873 2164 fluminibus
904 2119 946 2151 Ιιι
978 2120 1138 2154 nostros
1171 2113 1289 2154 trade
1320 2113 1510 2162 dolorem

421 2183 528 2222 Nam
559 2181 629 2222 tihi
660 2189 753 2221 sunt
782 2183 918 2232 [οπως
951 2185 1024 2222 etc.

251 2251 388 2303 quibus
420 2251 599 2290 versibus
632 2262 696 2288 cur
718 2251 874 2292 Battaro
908 2252 1037 2291 favern
1062 2249 1205 2288 limnina
1230 2252 1430 2302 sontesque
1461 2249 1652 2297 dicantur,
1685 2248 1893 2288 luculenter

251 2322 432 2370 apparet,
467 2323 661 2370 postquam
695 2317 840 2357 fistulae
868 2319 1024 2369 peritum
1052 2319 1173 2359 fuisse
1203 2319 1392 2358 Battarum
1422 2318 1733 2365 monstravimus,
1767 2321 1804 2357 et
1833 2317 1893 2355 di-

252 2389 368 2427 scitur
399 2400 448 2425 ex
480 2388 629 2435 iisdem,
662 2388 888 2426 remansisse
919 2388 954 2427 in
985 2387 1143 2429 Catonis
1183 2386 1272 2428 viIla
1303 2387 1507 2426 Battarum.
1567 2386 1661 2427 Nam
1693 2384 1788 2427 Cato
1820 2385 1892 2436 ibi,

252 2456 334 2498 dum
365 2457 445 2497 abit
472 2457 506 2495 in
534 2459 770 2507 perpetuum,
802 2456 948 2495 mandat
973 2456 1151 2505 Batiam,
1184 2455 1278 2508 quod
1305 2468 1347 2493 sc
1370 2455 1529 2493 absente
1551 2455 1806 2505 peragendum
1829 2454 1892 2494 sit.

339 2525 499 2580 Reliqua
531 2538 598 2564 suo
631 2523 713 2564 loeo
742 2525 787 2563 ad
811 2524 986 2573 singulos
1013 2537 1150 2562 versus
1175 2524 1490 2563 observabuntur.
1533 2524 1606 2566 Hic
1631 2522 1745 2562 semel
1772 2523 1894 2562 omnia

255 2607 350 2648 quae
382 2594 655 2645 disputavimus
687 2594 818 2645 paucis
851 2593 1151 2646 complectemur.
1210 2593 1317 2641 Ergo
1358 2593 1496 2634 initium
1528 2593 1619 2632 facit
1650 2590 1746 2631 Cato
1776 2604 1798 2631 a
1829 2604 1893 2630 re-

256 2663 474 2703 cordatione
502 2662 675 2703 carminis
703 2663 805 2712 prius
837 2662 991 2713 scripti,
1026 2661 1342 2712 Incliynationis:
1374 2673 1470 2710 age,
1504 2662 1643 2713 inquit,
1675 2672 1696 2698 o
1718 2660 1892 2710 Battare,

255 2735 466 2783 repetamus
499 2743 643 2769 carmon
676 2730 763 2772 illud
798 2742 997 2784 cycneum,
1042 2728 1078 2770 h.
1112 2741 1146 2767 e.
1178 2729 1341 2778 lugubre
1379 2733 1417 2767 et
1457 2740 1676 2780 supremum.
1738 2727 1893 2778 Septem

258 2814 413 2845 versus,
462 2800 521 2852 qui
564 2799 756 2839 exordium
795 2799 1039 2837 constituunt.
1109 2798 1173 2838 Ah
1214 2803 1352 2837 octavo
1394 2798 1500 2848 ipsae
1539 2797 1655 2839 Dirae
1697 2796 1892 2848 incipiunt.

259 2869 411 2921 Quando
444 2868 620 2909 Battarus
652 2866 907 2907 exhortationi
940 2865 1096 2908 Catonis
1127 2870 1279 2918 pareat,
1318 2870 1356 2906 et
1387 2878 1522 2907 canere
1559 2863 1684 2904 fistula
1713 2865 1893 2915 incipiat,

261 2938 423 2976 sortasse
453 2936 549 2978 alius
580 2936 759 2975 iudicabit
788 2935 863 2977 alio
895 2935 1016 2974 modo.
1060 2936 1142 2975 Erit
1173 2937 1228 2976 cui
1260 2936 1386 2976 statim
1417 2936 1463 2975 ab
1494 2934 1597 2974 initio
1630 2931 1725 2974 Cato
1758 2945 1893 2973 canere

263 3016 341 3045 cum
371 3006 525 3048 Battara
560 3005 746 3047 videatur.
805 3003 900 3048 Mihi
929 3006 1052 3056 magis
1082 3004 1208 3059 placet
1237 3006 1406 3060 incipere
1434 3004 1626 3046 Battarum
1655 3005 1745 3058 post
1774 3015 1892 3043 exor-
