2006 3365
306 123 408 167 320
906 116 1265 157 DISSERTATIO
1289 117 1356 157 111.

305 234 477 273 studiose
507 232 729 282 defugiunt,
776 244 898 284 neque
929 230 1025 272 Cato
1058 232 1221 280 defugit.
1283 230 1343 271 Cf.
1386 232 1468 271 Dir.
1503 236 1568 271 86.
1601 236 1669 271 93.
1702 231 1838 281 Eelog.
1877 234 1937 270 17.

306 306 372 342 29.
434 302 504 355 Qui
538 312 675 339 versus
706 313 832 338 omnes
865 300 953 340 nihil
995 301 1162 350 liabent,
1205 300 1302 352 quod
1335 300 1660 340 animadversione
1692 301 1843 350 dignum
1875 301 1937 339 sit.

304 372 374 409 Est
404 373 525 408 tamen
556 368 627 407 hac
658 382 806 421 quoque
846 370 879 408 in
921 383 958 408 re
997 370 1148 418 modus,
1190 372 1228 408 et
1268 370 1327 407 est
1366 368 1427 406 ubi
1468 382 1572 407 unam
1615 369 1836 419 scripturam
1867 380 1940 406 non

303 439 478 486 damnes,
510 438 576 475 sed
609 437 760 477 alteram
794 441 1000 490 praeferas.
1061 437 1142 476 lllis
1174 436 1379 487 exemplis,
1411 450 1505 489 quae
1536 438 1653 488 primo
1672 437 1756 475 loeo
1779 449 1940 476 comme-

303 507 465 555 moravi,
504 506 617 545 multo
649 507 837 546 deteriora
866 512 952 546 sunt
982 507 1099 556 haee,
1133 507 1213 545 Dir.
1248 508 1314 545 21.

989 589 1093 630 quae
1120 577 1249 629 pinyit
1281 587 1412 614 avena
1444 574 1587 614 colore.

303 644 341 682 et
371 642 453 682 Dir.
487 646 554 683 SS.
586 656 607 683 e
637 646 825 695 scriptura
856 643 1027 683 Aldina:

985 726 1145 766 campos
1178 727 1248 753 nec
1279 713 1394 752 adire
1426 712 1572 752 licebit.

302 779 505 819 Deteriora
536 783 655 820 autem
688 784 774 821 sunt
813 785 969 833 propter
1010 783 1179 821 iteratum
1219 780 1534 831 amphibrachum.
1595 780 1719 833 Quare
1750 782 1790 819 ut
1819 791 1942 832 neque

301 848 509 888 huiusmodi
542 862 677 888 versus
709 851 900 901 proficisci
932 863 953 889 a
975 849 1120 890 Catone
1151 851 1326 901 potuisse
1358 862 1561 899 negamus,
1594 849 1646 887 ita
1676 849 1720 887 ad
1754 861 1941 887 commen-

302 917 444 956 dandas
475 918 777 968 emendationes,
810 931 908 971 quae
939 920 1133 970 repositae
1163 932 1185 957 a
1216 919 1324 958 nohis
1348 922 1504 970 utroque
1534 917 1618 957 loeo
1649 921 1757 967 sunt,
1791 930 1941 969 quarum

302 999 375 1025 una
404 999 475 1025 non
506 989 567 1025 est
598 987 832 1037 emendatio,
865 988 931 1026 sed
963 989 1196 1040 antiquorum
1226 988 1417 1038 scriptura
1449 986 1644 1037 librorum,
1678 987 1711 1024 si
1745 998 1816 1025 non
1847 985 1942 1024 mul-

303 1058 403 1103 tum,
435 1055 572 1107 aliquid
606 1059 725 1094 tamen
758 1056 866 1094 etiam
905 1056 942 1095 in
981 1069 1026 1095 eo
1057 1057 1219 1107 positum
1250 1068 1339 1095 esse
1370 1056 1599 1106 iudicamus,
1639 1055 1738 1107 quod
1768 1054 1942 1094 meliores

302 1124 457 1162 fecimus
489 1136 640 1162 versus.

390 1224 452 1264 Ad
485 1238 634 1263 versum
667 1223 824 1264 Catonis
858 1230 948 1266 170.
982 1225 1137 1277 (Eelog.
1162 1229 1247 1277 67.)
1281 1240 1407 1266 veram
1439 1228 1603 1266 fortasse
1633 1229 1803 1277 putarem
1835 1226 1941 1266 Badii

303 1294 632 1344 observationem,
673 1294 956 1334 accumbebat:
1001 1297 1250 1349 spondaicns
1292 1310 1438 1336 versus
1471 1295 1738 1335 accumbentis
1770 1297 1941 1348 lanquo-

303 1377 381 1403 rem
413 1363 613 1402 indicans.
646 1366 683 1402 et
715 1363 806 1402 illud
846 1376 1016 1417 quoqne,
1059 1364 1139 1403 Eel.
1183 1369 1249 1404 47.
1298 1378 1410 1420 quom
1449 1365 1618 1405 saecula
1655 1365 1942 1414 volvebantur,

304 1431 477 1470 consulto
509 1433 668 1482 positum
700 1445 788 1472 esse
821 1433 1034 1483 crederem,
1068 1436 1108 1472 ut
1130 1433 1342 1483 virgiliana
1372 1448 1552 1486 muynmn
1583 1434 1696 1473 Iovis
1728 1436 1942 1473 incremen-

303 1508 403 1548 tum,
440 1501 622 1553 Pleryye'a
653 1506 813 1553 aymina
844 1505 1140 1555 circumspexit.
1201 1503 1268 1541 sed
1302 1503 1431 1541 obstat
1462 1502 1599 1541 Echv.
1626 1506 1693 1542 33.
1725 1515 1831 1541 nova
1858 1515 1940 1555 pa—

305 1569 400 1608 bula
429 1570 653 1621 fastidire,
698 1584 768 1623 quo
811 1571 847 1609 in
887 1584 1002 1609 versu
1035 1584 1140 1610 nemo
1182 1584 1365 1624 unquam,
1405 1572 1475 1609 nisi
1515 1573 1677 1623 ineptire
1708 1570 1827 1620 velit,
1864 1571 1939 1609 vim

303 1638 463 1688 spondei
497 1638 724 1688 singularem
757 1640 1072 1678 eommonstrahit.
1133 1640 1264 1692 Itaque
1310 1640 1489 1681 Catonem
1528 1653 1665 1679 censeo
1705 1653 1776 1679 non
1818 1641 1939 1689 magis

304 1719 409 1758 quam
443 1704 625 1746 Catullum
658 1707 850 1757 singulare
896 1709 932 1746 in
969 1710 1148 1747 versibus
1188 1709 1405 1759 spondiaeis
1445 1711 1686 1762 quaesivisse
1732 1709 1939 1748 artificium.

304 1775 401 1814 Sunt
440 1776 539 1826 apud
581 1774 764 1815 Catullum
802 1779 837 1816 in
879 1777 1041 1816 carmine
1083 1778 1190 1827 epieo
1233 1778 1427 1828 spondiaei
1470 1790 1606 1817 versus
1644 1777 1777 1816 multi:
1816 1777 1942 1826 legem

303 1855 440 1882 versus
478 1845 697 1895 spondiaei,
742 1857 1009 1898 caussamque,
1049 1858 1113 1884 eur
1152 1845 1314 1894 singulis
1360 1845 1453 1884 loeis
1495 1847 1735 1897 spondiacum
1781 1847 1940 1891 feeerit,

302 1913 453 1962 reperio
486 1912 643 1962 nullam,
687 1914 756 1951 nisi
800 1913 914 1963 liano,
960 1914 1056 1966 quod
1089 1926 1211 1952 amare
1243 1915 1445 1964 spondeum
1477 1915 1628 1954 videtur
1658 1915 1694 1953 in
1734 1914 1943 1953 nominihus

303 1981 488 2031 propriis,
520 1983 757 2031 peregrinis,
789 1983 974 2031 graecis:
1009 1986 1232 2032 Aeetaeos,
1263 1984 1551 2035 Amphitriten,
1572 1983 1825 2037 Neptuniae,
1854 1983 1942 2022 La-

304 2052 492 2098 rissaea,
528 2049 689 2099 Piraei,
728 2052 974 2090 Minotauro.
1017 2052 1151 2090 deinde
1184 2054 1222 2090 ut
1261 2051 1344 2102 alii,
1377 2053 1484 2091 etiam
1523 2051 1682 2103 Graeci,
1723 2053 1857 2102 cavet,
1895 2063 1942 2090 ne

304 2131 418 2168 supra
450 2119 590 2157 modum
623 2121 836 2172 frequentet
877 2120 1128 2171 spondiacum.

390 2220 520 2258 Paullo
552 2222 778 2260 fructuosior
820 2223 892 2262 erIt
931 2223 977 2261 de
1018 2223 1173 2263 elisione
1215 2225 1431 2275 disputatio.
1492 2225 1584 2264 Eius
1614 2225 1772 2263 maxime
1801 2236 1941 2262 memo-

304 2289 437 2328 rabilia
468 2290 563 2340 apud
599 2289 776 2329 Catonem
809 2291 981 2343 exempla
1011 2291 1105 2331 haee
1136 2297 1244 2341 sunt,
1286 2293 1368 2331 Dir.
1406 2297 1439 2332 ἶ.
1474 2295 1539 2333 45.
1574 2296 1640 2332 65.
1674 2297 1740 2333 80.
1773 2296 1839 2333 82.
1874 2294 1939 2332 97.

303 2358 386 2397 Eel.
419 2361 486 2397 20.
520 2364 585 2398 66.
627 2362 664 2398 et
697 2360 777 2399 Dir.
811 2364 878 2400 98.

929 2430 1055 2469 libera
1087 2443 1231 2469 avena.

928 2501 1048 2552 impia
1080 2499 1250 2549 Hyettos.

926 2568 1085 2618 flamina
1118 2570 1259 2606 (emico.

927 2636 1087 2675 advena
1119 2643 1271 2675 arator.

927 2707 1091 2743 crimina
1122 2706 1262 2756 ayclli.

927 2773 1103 2812 Battare
1134 2787 1278 2813 avena.

928 2843 1084 2893 glandia
1113 2843 1283 2882 hahetis.

929 2910 1066 2949 ludere
1096 2913 1134 2949 in
1165 2912 1300 2951 herba.

534 2979 687 3019 Dulcia
717 2992 858 3019 mnam
895 2992 958 3030 pr.
989 2980 1023 3031 f.
