2006 3365
283 155 384 199 298
884 147 1246 188 DISSERTATIO
1277 149 1344 188 111.

282 267 443 307 tuendis
473 264 630 304 multum
661 263 792 302 adiuti
822 277 959 303 sumus
991 263 1066 302 iila
1097 264 1315 312 schedula,
1365 278 1466 318 quae
1496 268 1553 304 ita
1584 279 1628 305 eo
1660 266 1800 305 ordine
1831 266 1919 305 dis-

279 339 420 389 posita
448 335 547 373 haec
576 332 762 372 habebat.
824 345 918 385 quae
950 334 1074 371 statim
1115 333 1211 371 inter
1251 346 1294 372 se
1332 345 1504 384 pugnare
1548 346 1593 373 ac
1622 335 1771 372 dill'erre
1801 335 1921 372 mani-

282 407 414 442 festum
447 405 536 440 est:
580 402 612 440 si
646 401 741 440 enim
774 405 887 440 vetus
918 401 1062 440 scheda
1093 403 1153 440 ita
1184 415 1227 441 eo
1259 404 1397 441 ordine
1427 404 1632 456 disposita
1672 404 1772 442 haee
1803 402 1920 441 liabe-

281 473 367 521 bat,
399 470 581 523 quomodo
613 469 686 508 boc
717 473 856 510 tantum
898 471 1053 516 scribit,
1096 482 1139 508 se
1180 471 1336 510 multum
1377 472 1553 511 adiutum
1595 472 1711 509 fuisse
1742 470 1923 510 schedula

282 540 345 578 illa
376 541 410 578 in
443 539 675 578 restituendo
707 534 865 578 ordine?
926 539 1070 588 Igitur,
1110 540 1206 590 quod
1250 540 1369 590 ipsius
1402 540 1533 578 verbis
1565 540 1757 589 Scaligeri
1789 539 1922 588 argui-

282 612 368 654 tur,
402 611 575 660 quantum
608 609 729 647 veteri
761 608 925 647 schedae
957 609 1155 657 debuerit,
1197 612 1369 660 quantum
1403 608 1448 646 de
1480 622 1547 647 suo
1580 609 1764 648 addiderit
1795 607 1923 647 Scali-

282 689 379 727 ger,
414 689 570 728 prorsus
602 677 783 716 incertum
816 681 888 716 est.
950 677 1116 725 Deinde,
1150 677 1246 729 quod
1280 676 1454 726 alterum,
1487 682 1525 716 ut
1557 690 1763 729 ponamus,
1804 677 1926 715 onmia

284 745 545 795 ScaIIgerum,
581 745 641 784 vel
674 747 877 796 praecipua
908 746 1065 790 saltem,
1099 747 1239 784 fecisse
1270 745 1436 784 schedae
1468 746 1566 784 illius
1592 747 1839 794 auctoritate,
1864 745 1925 783 ni-

283 814 334 853 hil
369 815 479 853 video
513 816 547 853 in
580 814 651 853 hoc
681 815 813 853 ordine
838 820 908 853 tam
934 814 1188 866 praeclarum,
1216 818 1253 853 ut
1272 815 1567 865 praeterendum,
1601 813 1764 852 schedae
1795 814 1925 852 nescio

284 885 389 923 cuius
430 884 684 934 auctoritate,
733 883 891 932 vulgato
938 884 1059 922 ordini
1103 885 1225 923 suerit.
1297 883 1488 922 Gloriatur
1526 884 1633 922 etiam
1675 882 1852 934 Scaliger
1883 894 1927 921 se

283 955 513 992 retraxisse
542 966 563 991 e
591 954 695 1004 fuya
736 953 988 1001 versiculum,
1031 955 1099 1007 qui
1138 952 1187 991 ab
1220 952 1395 991 omnibus
1427 952 1666 992 editionibus
1699 951 1868 991 aberat:

510 1023 590 1062 Seu
622 1022 717 1061 libet
749 1023 804 1061 ad
833 1024 981 1074 fontem
1023 1023 1151 1062 densa
1193 1024 1447 1074 requiescere
1477 1023 1517 1060 in
1549 1020 1698 1060 umbra.

284 1104 390 1144 quem
423 1092 570 1142 reponit
601 1092 636 1128 in
679 1089 768 1139 illa,
811 1103 907 1142 quae
946 1091 1018 1141 ipsi
1061 1091 1208 1129 videtur
1247 1091 1352 1128 vitae
1384 1089 1588 1140 pastoralis
1621 1089 1829 1140 descriptio
1861 1101 1927 1137 γε..

285 1159 426 1204 νικῶς.
487 1160 577 1198 Eum
611 1172 759 1198 versum
802 1172 922 1211 neque
956 1160 990 1198 in
1027 1159 1254 1207 Augustano
1289 1171 1407 1210 neque
1439 1159 1474 1196 in
1508 1159 1703 1197 Vossiano
1738 1162 1801 1196 81.
1837 1170 1928 1209 rep-

284 1230 387 1280 pvri,
423 1241 543 1281 neque
576 1228 742 1267 Vossius
774 1228 857 1266 eius
890 1228 1063 1266 indicium
1096 1241 1145 1266 cx
1176 1227 1360 1266 Tlmaneo
1394 1231 1431 1266 et
1461 1228 1671 1266 Petaviano
1703 1228 1806 1265 fecit.
1858 1228 1930 1266 Est

286 1298 418 1337 similis
450 1310 588 1336 versus
620 1297 657 1336 in
688 1296 795 1335 libris
827 1297 1018 1345 omnihus,
1053 1310 1096 1335 eo
1130 1296 1211 1335 loco
1231 1328 1239 1341 ,
1273 1310 1344 1348 quo
1377 1300 1437 1336 est
1467 1297 1563 1348 apud
1592 1296 1800 1346 Heynium7
1837 1298 1929 1334 155.

515 1367 670 1406 Pastor
714 1372 756 1405 ut
797 1366 853 1405 ad
882 1366 1030 1417 fontem
1062 1366 1191 1405 densa
1223 1368 1421 1420 requievit
1452 1368 1492 1404 in
1523 1365 1673 1405 umbra.

288 1448 337 1474 ex
370 1448 441 1487 quo
474 1436 610 1474 sactum
650 1434 804 1474 alterum
851 1434 949 1472 illum
989 1434 1034 1472 ab
1078 1435 1207 1472 nescio
1252 1446 1325 1487 quo
1366 1434 1604 1473 emendatore
1649 1433 1823 1472 coniicio.
1883 1432 1932 1471 Et

289 1503 468 1553 Scaliger
505 1504 649 1556 quidem
682 1517 718 1555 p.
755 1507 819 1542 ls.
866 1504 974 1543 etiam
1012 1502 1110 1541 hunc
1147 1516 1298 1542 versum
1340 1504 1496 1543 Pastor
1535 1509 1575 1542 ut
1615 1505 1689 1541 etc.
1730 1501 1931 1551 agnoscit,

289 1573 355 1610 sed
387 1573 437 1611 ita
469 1573 715 1611 immutatum:
759 1572 913 1612 Pastor
953 1578 995 1611 ut
1034 1572 1090 1610 acl
1125 1573 1263 1624 sontes
1306 1573 1435 1612 densa
1474 1574 1665 1624 requietis
1704 1574 1742 1610 in
1774 1569 1930 1618 umbra,

288 1642 484 1693 iungitque
515 1654 595 1679 cum
628 1653 707 1679 cum
741 1641 941 1686 versibus,
975 1641 1035 1693 qui
1068 1640 1186 1689 vulgo
1218 1644 1305 1679 sunt
1339 1644 1430 1680 158.
1461 1644 1527 1679 59.
1579 1640 1731 1679 Securo
1759 1651 1932 1691 pressos

289 1714 362 1750 etc.
423 1712 509 1760 Ego
542 1710 780 1759 scaligerum
814 1721 977 1758 censeo,
1024 1722 1131 1761 quum
1163 1722 1234 1747 non
1268 1709 1361 1747 satis
1394 1708 1569 1747 librorum
1601 1709 1830 1760 antiquorum
1861 1706 1933 1745 ha-

288 1780 418 1829 beret,
463 1780 608 1817 nimium
640 1779 819 1818 tribuisse
854 1779 974 1817 veteri
1006 1777 1171 1816 schedae
1204 1790 1318 1826 suae⁷
1366 1780 1404 1816 et
1435 1790 1541 1830 quum
1575 1777 1637 1814 illa
1668 1776 1844 1815 nonnulla
1875 1777 1932 1814 os-

290 1850 407 1886 t'erret
438 1847 647 1896 singularia
679 1851 717 1886 et
748 1847 794 1885 ab
822 1847 952 1885 ordine
977 1847 1239 1898 scripturaque
1263 1846 1431 1894 vulgatis
1454 1846 1695 1893 recedentia,
1724 1847 1935 1895 correptum

291 1917 452 1955 novandi
494 1916 720 1966 cupiditate,
761 1915 906 1967 reliqua
937 1928 957 1952 e
990 1916 1204 1953 coniectura
1245 1915 1475 1965 ingenioque
1507 1927 1575 1952 suo
1608 1915 1740 1952 fretum
1772 1913 1935 1951 adorna-

290 1987 411 2024 visse.
480 1985 676 2037 Denique,
717 1988 757 2023 ut
795 1985 843 2023 de
890 1984 1069 2034 particula
1110 1984 1291 2032 negativa
1328 1982 1596 2031 absolvamus,
1640 1995 1765 2034 parum
1809 1981 1937 2032 placet

290 2055 400 2094 interd
432 2055 584 2105 (baut)
618 2067 690 2106 quo
722 2054 805 2092 loco
837 2066 859 2092 a
890 2052 1039 2093 Catullo
1072 2053 1234 2102 positum
1267 2054 1349 2099 est,
1384 2052 1417 2089 in
1438 2049 1551 2090 Coma
1575 2051 1777 2090 Berenices
1810 2064 1848 2088 v.
1867 2053 1935 2089 35.

292 2125 340 2163 Si
370 2125 536 2162 reditum
573 2124 791 2163 tetulisset.
853 2126 890 2162 is
921 2123 1031 2162 bauti
1062 2124 1101 2160 in
1133 2128 1303 2173 tempore
1334 2121 1450 2172 lonqo
1483 2120 1530 2159 C.
1561 2120 1612 2158 A.
1644 2120 1696 2158 A.
1734 2120 1769 2172 f.
1811 2119 1936 2158 aildi-

295 2193 423 2232 derat.

380 2260 465 2299 Non
498 2260 726 2299 incommode
757 2260 830 2299 huc
867 2260 1115 2299 transferetur
1148 2258 1194 2297 dc
1224 2257 1411 2309 particula
1441 2264 1479 2297 et
1517 2257 1747 2308 disputatio,
1779 2257 1825 2296 ad
1856 2256 1937 2297 Ca-

296 2330 397 2369 tonis
430 2341 581 2367 versum
614 2329 698 2367 Dir.
732 2328 799 2366 44.

694 2396 906 2436 arboribus
939 2398 1153 2446 coniureyat
1191 2401 1228 2435 et
1267 2395 1390 2434 ardor
1421 2397 1593 2434 aristas.

297 2467 381 2508 Non
414 2466 496 2504 dico
530 2466 700 2518 equidem
733 2465 926 2514 singulare
959 2465 1033 2503 hoc
1065 2476 1152 2502 esse
1191 2464 1287 2514 apud
1328 2462 1531 2512 Catonem,
1572 2465 1611 2503 et
1657 2463 1833 2516 antiquae
1865 2463 1936 2502 do-

299 2538 502 2575 cumentum
535 2534 798 2585 simplicitatis.
860 2534 938 2573 Sed
972 2535 1141 2585 quoniam
1174 2533 1351 2570 neminem
1384 2533 1494 2581 novi,
1527 2533 1587 2584 qui
1618 2532 1662 2571 de
1683 2531 1834 2582 legibus
1866 2543 1937 2570 co-

298 2604 410 2656 pulae
441 2611 500 2652 et,
535 2606 648 2656 quoto
680 2615 757 2641 eam
789 2602 874 2641 loco
907 2602 1019 2641 liceat
1051 2613 1190 2652 ponere
1209 2630 1218 2648 ,
1251 2601 1480 2651 scripserit,
1512 2613 1558 2639 ne
1589 2602 1672 2653 quis
1703 2600 1799 2639 illam
1830 2613 1852 2639 a
1881 2613 1938 2640 me

299 2673 393 2711 male
436 2671 657 2711 collocatam
700 2684 788 2710 esse
833 2673 963 2722 putet,
1011 2682 1194 2721 apponam
1242 2669 1494 2721 exemplorum
1535 2672 1707 2722 quantum
1747 2670 1841 2708 satis
1872 2670 1936 2709 sit.

302 2741 352 2780 Ut
383 2741 429 2779 ab
460 2740 735 2792 antiquioribus
781 2740 973 2790 incipiam,
1012 2739 1234 2778 luculentum
1279 2739 1487 2789 exemplum
1528 2739 1684 2790 copulae
1728 2743 1766 2778 et
1806 2740 1937 2790 quarto

303 2810 387 2849 loco
419 2810 568 2861 positae
599 2812 658 2848 est
689 2809 723 2846 in
755 2806 886 2847 Culice
917 2822 955 2847 v.
990 2810 1056 2846 51.

529 2877 717 2917 Pendula
746 2879 937 2930 proiectis
976 2883 1196 2929 carpuntur
1236 2879 1273 2916 et
1312 2875 1458 2915 arbuta
1488 2877 1625 2915 ramis.

304 2946 406 2985 Addi
438 2949 572 2997 posset
603 2958 653 2985 cx
685 2945 814 2985 eodem
844 2943 975 2985 Colice
1006 2957 1144 2984 versus
1177 2948 1271 2985 385.
1312 2945 1344 2983 si
1388 2957 1495 2997 quam
1540 2944 1592 2984 ibi
1632 2942 1938 2994 probabilitatem

304 3012 464 3054 haberet
494 3014 634 3065 Heynii
667 3015 822 3066 opinio,
854 3013 1025 3064 legentis
1056 3015 1137 3053 sine
1166 3014 1435 3055 distinctione:
