2006 3365
272 120 373 166 282
855 116 1221 157 DISSERTATIO
1253 117 1322 158 111.

358 232 420 272 Ad
462 232 630 270 Dirarum
664 243 813 270 versum
852 235 890 270 9.
944 231 1179 270 Burmannus
1220 233 1301 270 ita:
1345 233 1507 284 Inproba
1545 237 1800 288 praestiterit
1835 247 1909 287 pro

273 301 404 352 Inpia,
439 302 534 353 quia
565 300 665 350 inpia
697 303 786 338 vota
814 300 956 352 paullo
988 306 1082 338 ante
1109 309 1436 353 praecesserunt.
1498 304 1656 343 Scilicet
1689 316 1802 342 versu
1834 307 1873 343 3.

358 367 420 407 Ad
454 381 491 406 v.
526 371 591 406 21.
623 368 837 406 Heinsius:
885 369 1111 421 Importune
1151 370 1215 408 liic
1246 383 1367 408 avena
1397 374 1516 412 toties
1548 374 1800 422 inculcatur,
1836 373 1912 412 hoc

273 443 380 476 certe
409 437 495 476 loco
526 437 676 477 nullius
709 445 771 477 est
802 440 873 477 rei.
935 437 1067 488 partini
1098 437 1218 486 bene,
1263 440 1395 490 partim
1427 440 1534 479 maie.
1595 444 1634 480 et
1672 441 1766 479 male
1812 441 1910 480 Bur-

272 517 424 543 mannus
457 506 492 544 in
525 505 644 545 Anth.
677 506 758 545 Lat.
791 506 855 545 lib.
891 507 957 546 ΙΙΙ.
990 521 1041 544 ιι.
1080 510 1141 544 12.
1185 509 1439 548 ratiocinatur.
1501 510 1607 563 Quod
1648 511 1720 549 nisi
1761 523 1829 562 per
1867 522 1912 549 se

273 574 471 612 absurdum
505 573 575 613 hoc
606 575 689 614 loco
722 589 854 615 avena
885 579 1014 623 esset,
1057 574 1145 613 nihii
1180 582 1335 616 noceret
1366 579 1554 628 repetitio.

359 656 396 681 v.
432 648 497 683 28.
529 644 706 695 displicet
747 646 906 684 Heinsio
948 644 1134 685 umbrae:
1176 652 1214 685 et
1255 660 1357 686 sane
1388 647 1537 686 umbrae
1566 661 1654 687 moa·
1684 647 1811 688 denuo
1843 661 1912 688 se·-

275 718 458 767 (suuntur.

361 795 397 819 v.
431 785 497 820 5l.
530 785 650 821 tentat
681 783 914 822 Burmannus
945 783 1140 833 vulgatum
1162 785 1399 836 perfundat.
1433 784 1546 824 valde
1570 784 1795 824 inconcinna
1811 797 1914 834 esse,

274 849 347 889 hoc
377 850 460 890 ioco
497 853 740 904 perfundat,
782 852 906 903 paullo
944 858 1032 892 ante
1071 867 1108 891 v.
1143 857 1208 892 49.
1249 854 1513 906 dissitudine,
1554 857 1626 893 tum
1658 867 1742 893 mox
1772 867 1813 892 v.
1845 856 1913 892 63.

274 921 542 972 infundimus,
575 925 613 960 et
644 934 682 959 v.
716 924 781 960 68.
815 923 1059 973 diffundite,
1102 925 1140 960 et
1173 936 1210 961 v.
1245 926 1307 962 77.
1341 924 1526 976 diffuso,
1569 923 1697 962 eadem
1729 934 1825 962 voce
1855 925 1916 962 to-

277 989 350 1029 ties
382 988 581 1028 inculcata.
641 990 798 1029 Poterat
828 1003 1068 1030 annumerare
1100 992 1276 1043 diffusis
1311 1005 1348 1030 v.
1383 994 1449 1031 43.

360 1057 461 1096 Idem
492 1057 537 1096 ad
569 1054 709 1108 v.'†”‘'82.
741 1058 816 1097 sed
846 1059 949 1098 civili
982 1061 1131 1098 crimine
1162 1067 1199 1098 ec
1241 1065 1452 1111 praetorum
1483 1061 1549 1100 vel
1579 1060 1806 1110 praedonum
1838 1061 1911 1099 cri-

274 1127 370 1166 mine
399 1127 465 1166 hic
494 1129 769 1167 inconcinnius
801 1127 1007 1178 (licuntur,
1038 1129 1176 1168 eadem
1205 1143 1303 1169 voce
1324 1130 1484 1169 tantillo
1511 1132 1648 1183 spatio
1674 1136 1915 1170 recurrente.

276 1194 382 1249 Quod
416 1208 465 1234 ex
496 1199 604 1247 parte-
635 1209 761 1234 verum
794 1209 882 1235 esse
914 1197 1090 1237 vidimus.

360 1264 406 1303 ad
438 1279 477 1304 v.
513 1268 605 1303 100.
637 1266 750 1304 nulla
781 1269 879 1305 enim
909 1266 1137 1318 eleyantiae
1166 1271 1413 1307 necessitate
1438 1267 1655 1317 migrabunt
1685 1274 1724 1307 et
1754 1268 1917 1317 emigret

275 1341 518 1387 repetuntur.

362 1404 545 1443 Heinsius
575 1404 620 1443 ad
652 1403 823 1453 Eclogae
854 1417 1004 1443 versum
1037 1407 1103 1444 22.
1147 1405 1238 1444 mori
1270 1404 1400 1445 dolore
1431 1407 1518 1445 scio
1550 1406 1646 1445 dici.
1677 1405 1752 1446 secl
1787 1407 1918 1446 mortis

276 1474 342 1514 hic
372 1475 568 1526 sequitur.

365 1543 489 1581 Burni.
522 1542 567 1580 ad
599 1541 771 1591 Eclogae
788 1555 826 1581 v.
851 1546 918 1581 55.
950 1543 1064 1582 locus
1096 1545 1186 1583 sine
1216 1543 1333 1583 dubio
1365 1551 1601 1596 corruptus,
1633 1546 1805 1596 repetita
1820 1556 1918 1584 voce

278 1623 394 1650 meae.
455 1611 723 1662 Sacratamque
755 1623 858 1650 meae
889 1618 948 1658 et,
981 1611 1167 1651 Inmatura
1197 1626 1312 1651 meae.

364 1679 537 1728 Eclogae
569 1693 606 1717 v.
641 1684 706 1718 60.
740 1680 872 1720 dulcis
905 1681 1118 1720 offendebat
1150 1682 1338 1730 eumdem,
1379 1694 1485 1733 quum
1517 1681 1747 1732 praecedant
1777 1695 1816 1720 v.
1848 1684 1916 1720 59.

279 1750 418 1790 dulcia
455 1748 500 1789 V.
532 1750 710 1799 glandia,
743 1752 780 1788 et
809 1749 934 1800 paullo
966 1753 1054 1789 ante
1085 1763 1124 1789 v.
1152 1754 1219 1790 57.
1251 1753 1339 1790 vita
1370 1750 1554 1799 (inicius,
1589 1753 1661 1789 tum
1691 1763 1777 1789 mox
1795 1764 1832 1789 v.
1850 1754 1918 1790 65.

278 1821 457 1871 sequatur
489 1818 637 1858 dulcem
666 1819 702 1870 f.
734 1832 912 1858 amorem.

365 1886 446 1926 Eoi.
479 1901 517 1925 v.
553 1892 619 1926 (38.
651 1887 743 1925 idem
774 1888 929 1938 glandia
961 1888 1107 1939 reiicit,
1148 1888 1222 1928 hoc
1252 1891 1498 1939 argumento,
1538 1887 1635 1940 quod
1666 1887 1775 1926 modo
1804 1899 1920 1938 prae-

281 1957 466 1996 cesserint
494 1957 678 2008 qaudia,
714 1969 751 1994 v.
786 1960 852 1995 65.

367 2026 452 2074 Ego
484 2038 606 2077 neque
637 2027 671 2063 in
704 2025 877 2075 Eclogae
908 2039 946 2064 v.
980 2030 1046 2066 58.
1080 2026 1295 2077 haererem,
1337 2027 1398 2066 ubi
1430 2026 1539 2065 Nam
1571 2025 1757 2075 Aldinae,
1798 2037 1921 2077 neque

281 2095 474 2143 obstaret,
515 2095 610 2147 quod
653 2107 739 2133 mox
783 2108 822 2133 v.
856 2097 922 2134 61.
962 2098 1119 2136 recurrit
1157 2096 1289 2145 Nam,
1337 2097 1409 2135 etsi
1441 2095 1534 2134 haec
1564 2096 1738 2146 repetitio
1770 2107 1817 2133 ex
1850 2094 1920 2144 iis,

284 2176 376 2216 quas
407 2164 550 2202 minime
581 2164 756 2202 ferendas
786 2164 883 2214 apud
917 2164 1036 2213 alios,
1079 2170 1117 2204 ut
1147 2166 1244 2217 apud
1287 2164 1483 2212 Ovidium,
1515 2164 1609 2202 dixi.
1684 2164 1824 2204 Verum
1863 2164 1920 2201 in„

285 2236 389 2271 certa
420 2236 480 2271 est
511 2232 728 2271 Aidinaruin
762 2247 799 2271 v.
834 2236 900 2271 58.
932 2235 1151 2273 auctoritas.

370 2301 460 2340 Alia
491 2301 556 2339 lex
586 2305 667 2351 est,
707 2314 777 2340 non
807 2302 993 2351 geminari
1031 2302 1199 2354 epitheta
1231 2315 1252 2341 a
1282 2302 1392 2341 bonis
1422 2302 1562 2353 poetis.
1623 2301 1679 2341 At
1710 2301 1807 2342 Cato
1838 2300 1922 2340 Dir.

287 2384 326 2410 v.
358 2372 425 2409 23.
463 2374 501 2409 9.

1080 2454 1151 2480 nec
1182 2440 1292 2480 laeta
1331 2439 1514 2478 comantis

628 2507 813 2548 lactabis
845 2507 969 2547 mollis
999 2522 1131 2549 ramos
1171 2509 1402 2560 inflantibus
1442 2511 1571 2548 auris.

288 2579 350 2617 ubi
381 2577 591 2616 Heinsius:
622 2578 705 2617 Sed
736 2578 811 2617 duo
843 2579 1019 2631 epitheta
1051 2579 1100 2618 de
1123 2581 1247 2618 ramis
1273 2581 1456 2631 coniunyi
1484 2591 1560 2617 non
1582 2578 1673 2630 fero
1683 2605 1698 2626 ,
1731 2577 1922 2616 comantes

289 2654 328 2688 et
357 2647 502 2686 molles.
561 2647 711 2686 Rursus
743 2645 838 2686 Cato
871 2647 953 2686 Dir.
987 2660 1025 2685 v.
1060 2649 1126 2685 92.

630 2714 761 2755 Mollia
792 2729 866 2754 non
898 2718 1035 2755 iterum
1066 2718 1245 2769 carpelis
1274 2717 1430 2769 pabula
1461 2718 1561 2755 nota.

293 2786 389 2838 quod
424 2785 552 2824 eadem
575 2785 621 2824 de
641 2797 776 2823 caussa
802 2785 1013 2824 attentabat
1032 2785 1151 2834 idern,
1182 2789 1416 2838 attentatque
1436 2782 1723 2823 Wakefieldius.
1754 2782 1922 2821 Frustra.

293 2855 354 2894 De
385 2854 564 2906 epithetis
593 2854 794 2904 geminatis
825 2857 913 2892 nota
943 2856 1003 2892 est
1035 2855 1108 2892 Ob.
1141 2854 1279 2894 Gifanii
1314 2853 1523 2894 Collectan.
1554 2854 1591 2890 in
1616 2851 1765 2890 Lucret.
1798 2864 1836 2901 p.
1856 2855 1923 2889 62.

295 2923 355 2962 ed.
386 2923 552 2962 Haverc.
592 2923 809 2974 disputatio.
870 2919 929 2961 Cf.
974 2922 1238 2962 Broukhusius
1270 2924 1331 2976 qui
1363 2924 1470 2963 etiam
1501 2920 1659 2962 Catonis
1689 2918 1808 2958 locum
1840 2920 1922 2959 Dir.

295 2994 363 3032 92.
395 2991 566 3045 adhibet,
596 2993 632 3032 in
662 2991 805 3032 Tibull.
835 2990 906 3032 ΙΙΙ.
939 3004 991 3043 v,
1025 2995 1092 3032 22.
1152 2991 1319 3046 Uterque
1358 2992 1512 3032 diversa
1547 2989 1720 3029 miscent.
1778 2987 1925 3041 Nempe
