2006 3365
288 146 390 190 296
871 141 1238 182 DISSERTATIO
1275 142 1343 181 111.

287 257 412 297 maluit
443 257 551 305 illud,
584 257 655 295 nisi
688 255 818 304 fallor,
861 257 945 309 quia
976 257 1009 294 in
1044 254 1199 308 reliquis
1230 257 1367 309 ubique
1397 271 1472 297 non
1503 260 1709 309 proximum
1740 264 1826 297 ante
1857 271 1927 297 no-

285 338 365 364 men
411 339 513 364 suum
555 324 674 363 locum
721 327 852 364 tonet:
900 338 976 364 mm
1023 336 1190 375 pascua,
1246 338 1324 364 non
1369 326 1544 377 arbusta,
1591 341 1666 366 non
1716 328 1924 378 pampinus.

283 393 422 443 Eclog.
462 406 502 431 v.
549 396 611 431 12.

510 472 638 511 Dnlei
668 485 835 527 namque
876 478 995 511 tumet
1034 473 1191 511 nondum
1223 474 1402 513 viteeula
1433 475 1611 515 Baccho.

282 552 387 592 quem
420 552 572 578 versum
607 541 799 579 Arnoldus
837 542 924 579 sive
964 554 1012 580 ex
1045 554 1113 580 sua
1144 543 1230 581 sive
1263 543 1361 581 alius
1394 545 1596 594 cuiuspiam
1628 544 1844 582 coniectura
1875 544 1926 581 ita

281 607 488 657 exhibere,
522 608 670 648 scilicet
701 610 953 658 emendatum,
987 625 1101 649 ausus
1134 614 1221 649 est:
1256 612 1440 651 Nondum
1471 626 1638 666 namque
1668 619 1784 651 tumet
1816 613 1926 652 dulci

278 677 452 716 vilic-ula
482 678 660 717 Baccho.
722 678 827 717 Haec
859 681 890 717 si
924 681 1007 731 quis
1039 680 1129 717 dura
1166 693 1254 719 esse
1286 681 1486 728 iudicabit,
1521 694 1590 718 non
1623 682 1742 719 minus
1773 680 1922 729 duram,

279 744 344 784 vel
377 747 485 785 etiam
517 746 706 799 aliquanto
739 749 882 797 magis,
917 750 1081 787 eiusdem
1114 748 1319 799 particulae
1351 762 1425 787 non
1459 749 1743 788 collocationem
1777 752 1810 789 in
1844 749 1923 789 Cu-

276 811 352 852 lice
392 826 482 853 esse
522 815 702 854 fatebitur
739 815 881 868 aliquot
920 816 1038 865 locis,
1088 830 1240 869 quorum
1287 817 1409 856 nullus
1449 817 1669 856 dubitationi
1720 818 1923 857 obnoxius.

273 879 358 920 Cul.
391 896 430 922 v.
462 885 529 921 26.

509 965 660 1004 Sancte
687 978 815 1017 puer:
848 965 920 1003 tihi
950 980 1117 1020 namque
1146 968 1257 1006 canit
1287 980 1358 1005 non
1388 971 1543 1020 payina
1575 966 1726 1006 bellum.

277 1056 317 1082 v.
352 1047 417 1083 29.

507 1111 597 1152 Urit
628 1113 917 1153 Erichthonius
951 1113 1097 1153 Oriens
1130 1128 1201 1154 non
1234 1115 1392 1168 iynibus
1425 1129 1557 1155 [trees.

278 1205 317 1230 v.
350 1193 417 1230 57.
450 1204 533 1244 sqq.

507 1271 542 1311 O
575 1272 677 1311 bona
706 1276 914 1325 pastoris,
949 1278 988 1314 .ςὶ
1019 1278 1109 1329 quis
1143 1288 1215 1314 non
1245 1279 1440 1329 pauperis
1472 1290 1586 1315 usum

505 1342 644 1381 Blenle
671 1345 788 1395 prius
829 1345 950 1383 docta
986 1346 1211 1396 fastidiat,
1253 1352 1291 1384 et
1319 1345 1459 1397 probet
1490 1345 1577 1385 illis

506 1410 649 1450 Omnia
681 1412 870 1451 luxuriae
897 1418 1041 1466 pretiis
1074 1416 1279 1465 ineoqnila
1311 1417 1446 1462 cure's,

506 1479 620 1537 Quae
651 1481 835 1520 lacerant
867 1484 1017 1521 acidas
1050 1485 1204 1522 inimico
1232 1489 1393 1535 pectore
1422 1490 1583 1522 mentes.

275 1558 430 1597 Frustra
473 1571 516 1597 se
558 1563 706 1612 torquet
748 1560 945 1611 Heynius,
997 1565 1034 1600 et
1076 1563 1366 1601 emendationem
1408 1565 1651 1602 tentaverunt
1690 1562 1765 1601 alii.
1835 1563 1920 1602 Etsi

277 1627 444 1666 concedo
477 1640 595 1680 neque
626 1642 703 1667 non
734 1642 801 1666 suo
834 1631 994 1680 positum
1028 1630 1111 1670 loco
1136 1644 1246 1680 esse,
1280 1636 1318 1670 et
1344 1645 1475 1671 vocem
1508 1634 1636 1671 omnia
1666 1633 1698 1670 si
1729 1632 1802 1671 alio
1835 1632 1919 1671 loco

276 1697 495 1747 posuisset,
538 1698 660 1746 magis
692 1699 893 1748 perspicue
924 1699 1149 1750 scripturum
1182 1703 1329 1751 poetam
1362 1701 1496 1738 fuisse.
1561 1700 1781 1748 Sententia,
1814 1713 1921 1753 quam

277 1768 515 1816 perspectam
558 1765 738 1804 hahuisse
779 1767 955 1805 Bembum
1005 1770 1207 1820 suspicor:
1258 1771 1290 1807 si
1330 1771 1412 1822 quis
1454 1781 1524 1807 non
1569 1770 1761 1816 fastidiat,
1803 1773 1924 1808 mente

275 1833 383 1883 prius
416 1833 528 1872 docta
560 1836 598 1872 et
629 1837 782 1873 assueta
804 1835 975 1884 deliciis,
1009 1851 1113 1875 usum
1139 1840 1340 1888 pauperis3
1373 1841 1409 1877 et
1441 1839 1473 1876 si
1505 1838 1641 1888 probet
1671 1850 1924 1890 quaecumque

277 1901 400 1940 aliena
432 1906 517 1941 sunt
548 1904 595 1942 ab
627 1903 701 1941 illis
733 1903 904 1943 luxuriae
936 1906 1099 1955 pretiis,
1142 1908 1255 1944 curis,
1305 1910 1507 1957 ineoffln'ta
1539 1909 1647 1946 euris
1693 1919 1761 1958 per
1792 1908 1924 1944 inver—

278 1972 419 2010 sionem
453 1971 623 2011 dicuntur
663 1985 732 2021 ea,
776 1974 910 2025 quibus
943 1987 1066 2013 curae
1097 1978 1183 2014 sunt
1215 1979 1467 2026 ineoytzlttie:
1508 1976 1645 2014 dictum
1678 1981 1716 2014 ut
1757 1989 1831 2014 non
1862 1981 1925 2014 est

282 2040 359 2080 dea
400 2043 541 2080 nescia
579 2043 732 2089 nostri,
774 2046 811 2080 et
851 2056 925 2080 non
962 2049 1025 2082 est
1063 2044 1305 2083 Amathusia
1339 2047 1469 2084 noso-2·
1527 2050 1608 2084 tam
1638 2046 1776 2093 rudis,
1810 2056 1926 2094 supra

280 2124 319 2162 p.
352 2111 449 2148 237.
518 2111 645 2150 Versu
679 2115 744 2149 57.
785 2113 825 2151 si
857 2116 946 2165 quis
987 2113 1130 2151 retineo
1173 2113 1349 2151 librorum
1393 2115 1625 2165 antiquorum
1674 2115 1923 2162 auctoritate,

282 2178 503 2228 Augustani
534 2182 572 2217 et
604 2179 790 2218 Vossiani
824 2184 889 2218 Sl.
924 2181 1141 2232 quibuscum
1176 2183 1403 2219 convenisse
1435 2181 1615 2220 Tliuaneo
1649 2185 1687 2220 et
1712 2182 1925 2220 Petaviano

283 2260 333 2287 cx
374 2247 523 2285 silentio
565 2248 760 2298 colligitur
797 2249 946 2288 Vossii.
1008 2252 1048 2288 si
1089 2252 1156 2303 qui
1195 2250 1278 2288 cod.
1322 2251 1580 2299 Basileonsis,
1619 2254 1656 2289 et
1697 2264 1792 2302 quos
1829 2250 1925 2288 alios

283 2317 430 2355 nomine
462 2316 646 2365 vulgatae
689 2317 987 2368 comprehendo,
1036 2318 1185 2356 Veneta
1215 2318 1363 2366 Rubci,
1404 2318 1660 2369 Mutinensis,
1702 2320 1922 2363 vicentina,

283 2384 499 2423 Vossianus
521 2385 569 2423 ll.
603 2389 765 2436 excepta
790 2386 938 2424 Veneta
958 2386 1140 2435 Achiuis,
1174 2400 1268 2438 qnae
1299 2389 1433 2440 siquis
1467 2389 1630 2426 retinuit.
1691 2388 1786 2427 Tum
1806 2387 1925 2437 vulgo

284 2459 323 2493 et
351 2454 492 2507 probet
523 2454 609 2493 illis
673 2454 815 2494 Omnia
848 2455 1034 2494 luxuriae
1062 2458 1205 2508 pretiis
1254 2455 1334 2502 (vel
1364 2458 1534 2507 preciis)
1574 2460 1600 2495 i.
1633 2470 1665 2495 e.
1699 2457 1923 2496 rectissime.

286 2536 308 2562 a
338 2535 410 2575 qua
449 2523 636 2573 scriptura
674 2535 744 2561 non
786 2525 858 2561 nisi
898 2524 1139 2574 pauxillulum
1179 2525 1342 2571 recedit,
1382 2525 1477 2577 quod
1523 2526 1557 2563 in
1596 2526 1846 2577 Augustano‚
1888 2527 1926 2563 et

286 2593 451 2631 fortasse
482 2592 516 2629 in
534 2591 738 2639 Tlruaneo,
772 2593 842 2630 etsi
876 2593 922 2630 de
954 2592 1026 2631 lioc
1053 2592 1140 2630 nihil
1168 2593 1305 2631 monuit
1329 2593 1516 2642 Vossius,
1548 2594 1712 2643 legitur,
1747 2594 1923 2633 [lamnia.

285 2661 446 2700 lua-oria
486 2661 521 2698 in
563 2661 791 2707 Petaviano,
838 2661 980 2700 Vossio
1018 2665 1204 2700 monente.
1275 2662 1330 2700 At
1370 2664 1404 2700 in
1444 2664 1639 2702 vossiano
1678 2676 1745 2714 pro
1780 2665 1924 2715 prele‘e's

287 2729 429 2778 legitur
470 2733 643 2782 spretis,
689 2742 793 2781 (piam
835 2730 961 2767 malam
1000 2733 1091 2781 puto
1132 2730 1421 2790 enpuulationem
1464 2744 1565 2771 esse.
1632 2732 1757 2770 eadem
1789 2732 1822 2769 in
1856 2744 1923 2770 ms.

290 2797 444 2837 Koeler.
478 2801 643 2838 testante
674 2799 857 2849 Ileynio:
906 2799 963 2836 cui
997 2798 1092 2836 libro
1126 2799 1234 2836 etiam
1265 2798 1352 2837 alibi
1387 2801 1592 2838 convenire
1624 2812 1700 2838 cum
1732 2800 1924 2839 Vossiano

288 2869 355 2905 81.
387 2868 666 2914 animadverto,
707 2872 745 2905 ut
783 2881 823 2905 v.
856 2870 922 2906 59.
971 2868 1006 2906 in
1057 2870 1230 2920 spretis,
1275 2872 1312 2906 et
1343 2870 1506 2906 sortasse
1537 2868 1638 2906 alibi.
1699 2867 1823 2906 Versu
1857 2872 1924 2907 60.

290 2940 426 2985 quanto
458 2937 588 2975 melius
621 2938 774 2976 inimico
803 2942 967 2990 pectore
998 2949 1102 2989 quam
1132 2938 1319 2989 foenore,
1362 2943 1400 2976 et
1440 2949 1535 2989 quae
1575 2936 1647 2974 alia
1684 2937 1719 2974 in
1767 2941 1924 2976 mentem

283 3002 504 3043 -Schradero
546 3008 741 3045 venerunt.
821 3005 938 3058 Quum
979 3018 1083 3044 suum
1124 3007 1255 3059 cuique
1292 3009 1428 3058 pectus
1467 3006 1618 3045 amicum
1659 3017 1748 3045 esse
1787 3006 1926 3047 debeat
