2006 3365
298 158 397 202 276
496 147 859 191 mssunTATro
886 147 937 187 11.
979 145 1111 187 vrrA
1142 145 1381 190 CATONIS
1411 148 1482 190 ET
1511 147 1754 191 SCRIPTA.

298 273 364 308 24.
396 270 434 307 et
463 269 530 305 25.
574 264 673 303 hunc
711 266 892 316 tamquam
931 274 1067 302 novum
1111 273 1289 301 versum:
1337 263 1524 304 Molliter
1561 278 1613 305 ac
1649 264 1783 319 lepide
1812 270 1931 304 sanet

296 338 472 375 insertum
492 333 621 372 habet.
653 331 815 371 Versum
844 337 882 371 3.
913 331 1136 385 Albamque
1165 344 1300 371 rosam
1331 332 1447 371 simul
1476 333 1659 373 rabidam
1689 345 1807 384 nuper
1832 332 1931 372 hene

294 403 499 443 illustravit
529 401 674 441 Axtius
705 400 843 440 collato
882 401 1032 439 Musaei
1071 400 1154 439 loco
1188 402 1254 439 58.
1287 403 1354 439 59.
1386 401 1449 439 ubi
1483 402 1530 440 cf.
1562 401 1756 441 Heinrich.
1817 401 1848 440 Ι.
1882 398 1928 441 C.

295 471 484 520 Scaligeri
514 470 724 518 sententia,
758 482 863 522 quam
895 469 997 517 dixi,
1031 469 1066 506 in
1092 469 1265 507 Poetices
1285 467 1381 507 libro
1410 468 1476 507 VI.
1499 469 1561 508 ubi
1591 470 1638 509 de
1660 469 1774 510 Corn.
1797 468 1929 519 Gallo,

292 540 386 578 haec
418 542 503 578 est:
552 539 668 598 Quod
697 539 888 591 Lyricum
919 536 1172 585 inscribitur,
1205 537 1317 576 illius
1350 551 1450 577 sane
1480 551 1554 577 non
1583 546 1667 585 est,
1700 539 1776 578 sed
1806 539 1931 591 inepti

292 610 529 661 cuiuspiam.
591 607 744 660 Aliquid
791 606 1043 647 Wernsdorlii
1085 605 1254 657 opinioni
1296 605 1416 645 simile
1447 608 1507 645 vir
1537 607 1668 646 doctus
1699 607 1794 658 apud
1828 606 1930 646 Gro-

293 679 439 715 novium
472 676 594 715 Diatr.
627 678 662 715 in
689 676 788 716 Stat.
811 675 962 721 Silvas,
995 674 1058 713 ille
1089 674 1150 726 qui
1173 673 1346 727 Lydiam
1378 674 1606 713 inferendam
1638 688 1727 714 esse
1758 676 1793 713 in
1812 675 1929 715 Statii

291 746 393 784 Silv.
426 745 475 785 V.
509 761 566 783 ιιι.
599 746 833 796 opinabatur.
893 744 1001 783 Dicit
1032 743 1125 782 enim
1166 742 1213 781 de
1258 743 1428 784 Catone:
1477 744 1558 783 Hic
1596 744 1810 784 celebrarit
1837 745 1930 796 for-

290 817 424 854 tassis
457 814 629 867 Lydiam
659 814 771 853 illam
803 826 956 868 quoque
988 812 1137 865 Lyre‘eo
1170 814 1357 851 carmine.
1418 812 1559 852 Verum
1589 810 1688 851 hunc
1717 815 1929 851 tamennon

291 885 337 922 ‹le
366 883 439 923 hoc
470 885 629 922 carmine
661 883 782 934 lyrico
825 883 1043 931 cogitasse,
1084 881 1152 920 sed
1194 880 1281 919 illud
1322 883 1461 920 tantum
1494 880 1622 919 dicere
1652 880 1825 919 voluisse
1855 892 1930 931 pu·-

291 953 469 1001 taverim,
517 950 699 992 Catonem
739 951 848 991 etiam
889 949 1011 1000 lyrica
1050 951 1210 990 carmina
1250 949 1405 989 fecisse.
1479 948 1587 1002 Quod
1619 961 1692 988 non
1722 949 1841 988 minus
1871 949 1930 988 in-

291 1021 484 1059 credibile.

375 1089 436 1127 De
466 1090 572 1128 annis
603 1088 749 1128 Valerii
790 1085 971 1137 Catonis,
1012 1088 1217 1140 mortisque
1256 1089 1446 1138 tempore,
1485 1085 1577 1125 nihil
1614 1088 1791 1137 superest
1831 1085 1929 1138 quod

290 1158 419 1197 addam
451 1169 565 1208 supra
594 1156 818 1207 disputatis,
864 1157 1016 1207 praeter
1047 1168 1179 1194 unum:
1225 1168 1299 1194 non
1339 1159 1378 1195 ut
1416 1158 1519 1195 certa
1548 1167 1606 1194 me
1637 1154 1701 1193 illa
1729 1154 1928 1205 posuisse,

291 1226 358 1266 sed
394 1228 432 1265 ut
462 1238 529 1274 ea,
570 1237 664 1278 quae
695 1237 744 1263 ex
774 1223 1058 1275 probabilitatis
1097 1224 1187 1274 lege
1224 1224 1420 1262 iudicanda
1452 1226 1595 1263 essent.
1654 1224 1711 1262 Ea
1740 1222 1804 1261 lex
1835 1221 1930 1262 haec

290 1295 457 1346 inprimis
487 1293 776 1345 praescribebat
807 1293 906 1331 duo:
940 1295 979 1332 ut
1010 1295 1147 1332 tantum
1170 1291 1307 1332 Catoni
1339 1293 1518 1343 temporis
1549 1293 1724 1341 daretur,
1756 1293 1929 1343 quantum

291 1364 385 1403 satis
415 1363 461 1402 ad
492 1375 650 1401 amorem
681 1362 850 1413 Lydiae,
883 1363 921 1400 et
952 1362 997 1400 ad
1031 1361 1307 1401 conscribenda
1338 1361 1499 1400 carmina
1531 1373 1594 1410 ea,
1640 1372 1736 1413 quae
1769 1360 1932 1412 Lydiae

292 1433 437 1471 nomine
469 1432 605 1480 edidIt3
638 1431 797 1478 deinde,
831 1433 870 1469 ut
900 1442 946 1469 ne
976 1430 1084 1481 plus,
1133 1443 1238 1482 quam
1270 1430 1451 1470 Horatius
1487 1429 1676 1481 postulat,
1716 1429 1778 1482 qui
1809 1426 1929 1468 Cato-

292 1513 374 1539 nem
406 1513 533 1540 senem
565 1500 733 1552 quidem,
761 1499 830 1539 sed
860 1512 933 1538 non
959 1499 1211 1550 decrepitum,
1231 1500 1338 1538 vidit.
1399 1499 1575 1551 Denique
1592 1498 1798 1548 Catonem,
1823 1509 1930 1550 quum

294 1569 386 1608 nihil
418 1570 489 1619 sit,
532 1581 603 1621 quo
636 1580 821 1607 numerum
852 1568 1096 1619 septuaginta
1126 1580 1301 1607 annorum
1332 1568 1581 1620 superavisse
1612 1566 1817 1619 probetur,
1857 1577 1931 1605 non

294 1637 407 1678 multo
438 1640 636 1691 postquam
667 1636 756 1676 illud
786 1637 941 1687 scripsit
970 1636 1180 1688 Horatius,
1212 1636 1344 1676 obisse
1373 1636 1562 1687 suspicor.
