2006 3365
175 122 276 166 102
738 115 1262 156 ANIMADVERSIONES

175 233 338 272 omissus
380 236 440 272 est
480 243 614 269 versus
656 234 722 269 68.
840 230 963 270 Recte
990 229 1198 269 Putschius
1230 229 1517 270 Wakefieldium
1555 229 1818 282 reprehendit,

174 303 235 354 qui
267 302 318 340 ita
349 300 592 339 emendabat:
648 299 836 347 Flectite,
876 301 1073 338 currentes
1111 296 1314 350 lymphae!
1360 313 1470 352 vaya
1500 300 1661 352 flumina
1693 307 1818 348 ren-03

175 369 238 408 vel
273 370 501 422 Nymphae,
542 367 586 405 ad
619 367 770 406 Lucret.
803 368 854 408 V.
887 369 983 407 273.
1049 368 1135 408 Non
1174 371 1246 408 tam
1284 367 1461 420 lymphae
1501 368 1669 413 flumina,
1714 381 1820 420 quam

175 437 322 476 flumina
352 437 504 475 flectunt
534 435 723 487 lymphas.

260 505 393 544 Possit
424 504 559 556 aliquis
592 504 799 554 nonnullis,
831 507 870 544 ut
901 505 1069 554 Argent.
1105 507 1226 544 1502.
1257 506 1347 545 Bas.
1386 508 1506 545 1543.
1539 506 1675 544 Venet‚
1699 508 1820 543 1555.

175 574 303 623 Lugd.
342 577 460 612 1556.
511 574 599 612 Bas.
636 577 754 612 1561.
798 574 1090 625 praeeuntibus,
1131 586 1224 626 quae
1265 573 1396 612 nullam
1428 578 1517 624 post
1546 581 1651 613 retro
1683 574 1821 612 distin-

176 643 336 682 ctionem
366 640 531 691 habent,
564 642 616 681 ita
648 642 942 694 interpungere:
984 643 1152 682 Flectite
1182 656 1217 681 c.
1250 643 1458 695 lymphas,
1500 656 1609 694 vaqa
1640 642 1821 694 flumina:

175 718 281 751 retro
312 711 505 760 Flectite,
538 714 611 750 etc.
675 711 752 751 Sed
785 710 940 750 alterum
972 710 1194 762 simplicius.

260 849 312 889 V.
345 853 412 889 68.
474 857 720 897 FLEC'PITE,
746 857 806 891 ΕΤ
831 857 1068 891 ADVERSIS
1094 857 1292 891 RURSUM
1325 856 1608 890 DlFFUNDI'rE
1635 855 1823 890 CAMPIS.

262 919 318 959 Et
349 920 519 959 adversi
549 914 722 970 rursum]
757 921 912 956 veteres
945 918 1154 967 editiones,
1185 931 1356 957 cursum.
1418 916 1525 966 Lego
1559 916 1700 965 igitur:

522 1009 560 1013 —
605 987 660 1027 Et
691 988 832 1024 aversi
860 999 1018 1025 cursum
1051 986 1275 1038 diffundite
1305 987 1473 1039 campis.

177 1060 317 1097 aversi
348 1071 504 1097 cursum
536 1052 839 1104 παλίστροφοι.
895 1054 1080 1093 Ovidius:

521 1147 570 1152 —
605 1126 768 1163 aversis
801 1123 942 1177 solque
972 1129 1148 1162 recurret
1181 1125 1310 1177 equis.

176 1195 428 1247 Dissuadere
459 1207 648 1245 Cllrlepos,
683 1188 978 1235 mzranhv'ssftv'.
1013 1191 1129 1229 iufra:

522 1284 572 1289 -—
605 1262 807 1313 DEffusos
839 1262 996 1311 yurqz'te
1027 1272 1203 1313 campos.
1438 1268 1623 1303 SCAfflG,

179 1330 349 1370 Volebat
381 1331 517 1380 igitur,
551 1338 587 1369 et
615 1332 754 1369 arersi
779 1343 936 1368 cursum
964 1328 1188 1380 diffundite
1214 1341 1391 1380 campos.
1435 1328 1508 1366 Hic
1533 1340 1681 1380 quoque
1707 1328 1825 1366 fraudi

178 1401 250 1438 l'uit
281 1399 483 1451 Scaligero
516 1400 636 1439 odium
671 1398 824 1448 Rembi,
857 1399 943 1436 sive
976 1397 1215 1437 Aldinarum.
1250 1401 1287 1435 et
1317 1397 1414 1449 quod
1447 1409 1494 1435 ne
1526 1397 1650 1435 editos
1682 1397 1828 1448 quidem

180 1468 300 1507 libros
331 1470 426 1507 satis
459 1472 635 1508 vetustos
669 1467 845 1506 hahebat.
905 1467 999 1506 Nam
1032 1467 1201 1506 adversi
1238 1466 1335 1518 quod
1370 1466 1492 1504 editos
1524 1465 1610 1504 inde
1640 1478 1662 1504 a
1693 1465 1829 1504 Vene-

180 1539 229 1576 tis
262 1538 362 1576 Rub.
395 1541 434 1577 et
466 1537 565 1576 lens.
598 1537 769 1583 obsedit,
803 1534 891 1574 nihil
917 1538 976 1574 est
999 1535 1069 1574 nisi
1091 1534 1217 1573 harum
1238 1536 1467 1575 Venetarum
1495 1536 1643 1573 vitium:
1677 1535 1829 1574 aduer-

182 1611 243 1647 sis
277 1607 312 1644 in
346 1606 550 1655 Romanis,
590 1606 684 1644 Ven.
720 1604 860 1644 Achat.
893 1603 1124 1653 Mutinensi,
1164 1608 1237 1643 tum
1269 1605 1303 1642 in
1337 1605 1580 1643 Ascensiana
1611 1603 1681 1643 111.
1713 1602 1829 1642 Aldi-

181 1676 263 1724 nis,
302 1675 401 1715 aliis.
441 1680 553 1728 atque
594 1675 651 1713 sic
689 1675 724 1712 in
765 1674 941 1724 scriptis,
986 1673 1032 1711 de
1071 1673 1205 1724 quibus
1245 1677 1412 1715 constat,
1457 1673 1598 1723 legitur
1637 1673 1829 1721 omnibus,

182 1745 255 1783 nisi
286 1745 382 1796 quod
415 1745 617 1784 adversus
650 1744 684 1781 in
718 1743 853 1782 petav.
888 1744 927 1780 et
954 1741 1071 1790 Angl.
1106 1743 1269 1781 aversis
1303 1743 1337 1779 in
1360 1741 1533 1780 Mediceo
1556 1755 1576 1780 a
1597 1754 1643 1779 m.
1664 1754 1721 1793 pr.
1754 1742 1828 1780 atl-

182 1816 294 1853 uersi
336 1815 371 1851 in
412 1814 606 1853 Vossiano
654 1813 726 1850 isto
765 1811 814 1851 Il.
855 1811 912 1849 cui
952 1810 1052 1848 solet
1091 1822 1170 1848 cum
1213 1811 1415 1849 Vicentina
1457 1811 1676 1849 convenire.
1749 1809 1829 1848 De-

182 1883 270 1921 inde
317 1894 410 1934 quas
453 1885 607 1920 veteres
654 1881 842 1919 editiones
890 1893 1049 1918 cursum
1096 1878 1237 1917 habere
1279 1879 1369 1917 dicit
1406 1878 1607 1928 Scaliger,
1659 1882 1696 1917 et
1743 1882 1833 1929 post

184 1951 422 2000 Scaligerum
462 1950 665 1995 Heinsius,
706 1961 773 1988 eae
804 1948 929 1987 nullae
968 1950 1057 1986 sunt
1087 1951 1173 1987 ante
1205 1948 1491 1996 Ascensianas,
1537 1946 1707 1987 Cronilit.
1742 1947 1831 1985 lun-

184 2021 322 2069 tinam,
365 2019 490 2068 Lugd.
527 2022 646 2057 1520.
709 2018 812 2057 Vere
842 2020 1022 2056 veteres:
1063 2031 1239 2066 rursum,
1273 2021 1311 2055 ut
1343 2015 1528 2065 Aldinae,
1567 2016 1748 2069 reliquae.
1795 2020 1833 2055 et

184 2103 339 2128 rursum
379 2089 413 2126 in
456 2088 610 2138 scriptis
640 2087 834 2134 omnibus,
879 2088 1033 2137 praeter
1074 2085 1215 2125 Medic.
1249 2086 1282 2123 in
1317 2098 1388 2138 quo
1422 2100 1602 2133 cursum,
1643 2089 1681 2124 et
1717 2097 1832 2136 prae-

185 2160 245 2196 ter
275 2156 494 2196 Leidensem
526 2156 745 2198 Burmanni,
786 2157 822 2195 in
854 2168 926 2207 quo
959 2169 1129 2195 sursum.
1251 2154 1381 2207 ltaque
1419 2155 1466 2192 ab
1506 2155 1600 2192 omni
1632 2158 1738 2205 parte
1770 2157 1831 2193 tu-

186 2229 260 2265 tum
294 2230 354 2264 est
385 2226 576 2264 adversis
608 2239 764 2264 rursum
797 2225 835 2263 d.
867 2227 1036 2276 eampis.
1085 2223 1191 2276 Quod
1224 2224 1333 2261 etiam
1366 2223 1529 2261 Renibus
1561 2222 1718 2261 exhibet
1748 2222 1833 2261 loco

186 2295 311 2333 statim
342 2294 576 2332 memorando
609 2296 646 2331 et
678 2292 952 2331 Wakefieldius
990 2293 1034 2330 ad
1068 2291 1215 2330 Lucret.
1256 2291 1339 2330 loco
1380 2291 1507 2342 paullo
1544 2294 1632 2331 ante
1662 2292 1761 2330 laud.
1795 2295 1834 2330 ut

187 2363 284 2401 alios
315 2367 472 2401 taceam.
590 2363 640 2401 Et
671 2369 731 2400 est
762 2362 949 2399 sententia.
990 2360 1221 2412 planissima.
1283 2360 1443 2399 Scilicet
1475 2360 1605 2399 flumen
1637 2360 1701 2399 uhi
1731 2365 1833 2399 retro

187 2432 370 2482 flectitur,
417 2432 477 2483 qui
519 2432 587 2469 iam
626 2432 766 2470 aversi
804 2431 951 2468 fuerant
992 2430 1130 2480 campi,
1178 2441 1308 2467 rursus
1348 2430 1517 2469 adversi
1552 2429 1688 2468 flumini
1730 2428 1832 2467 fiunt.

188 2501 298 2540 Haec
328 2499 605 2551 simplicissima
635 2500 729 2538 ratio
763 2498 979 2549 explicandi
1013 2500 1094 2537 est:
1128 2497 1253 2548 paullo
1280 2496 1392 2536 aliter
1410 2497 1698 2536 Wakefieldius.
1724 2510 1833 2536 cam-

186 2573 253 2624 pis
287 2569 458 2617 dativus,
492 2575 530 2607 ut
560 2580 675 2619 supra
706 2568 838 2607 dulci-s·
870 2580 998 2606 auras
1031 2567 1271 2619 diffunditis
1305 2569 1435 2618 (tyris.

276 2651 433 2678 cursum
466 2639 554 2676 feeit
586 2638 693 2675 etiam
726 2636 855 2675 Gloss.
888 2634 935 2673 V.
968 2635 998 2673 Ι.
1061 2638 1224 2674 aversis
1264 2649 1423 2674 sursum
1465 2636 1503 2674 d.
1544 2637 1696 2687 campis
1740 2645 1834 2672 con-

191 2708 333 2746 iectura
363 2708 432 2745 fuit
452 2706 579 2745 Tollit.
620 2706 748 2744 Eidem
780 2705 981 2757 refundite
1002 2703 1199 2754 plac-ebat,
1232 2707 1271 2742 ut
1297 2707 1421 2743 narrat
1442 2704 1686 2743 Burmannus.
1717 2715 1834 2741 ever-

194 2780 254 2815 sis
287 2790 444 2816 sursum
477 2775 635 2814 lleinsii.
682 2775 874 2813 adversis
907 2786 1066 2812 sursum
1096 2772 1222 2811 laudat
1253 2773 1484 2812 Burmannus
1515 2772 1561 2810 ad
1592 2771 1766 2821 Propert.
1785 2770 1834 2808 ΙΙ.

196 2860 268 2883 xu,
290 2849 357 2886 33.
389 2845 489 2884 Idem
517 2843 606 2882 ibid.
641 2846 678 2882 et
707 2843 751 2881 ad
786 2841 1015 2891 Lotichium,
1048 2842 1224 2894 frequens
1256 2841 1328 2880 hoe
1360 2854 1448 2881 esse
1480 2841 1602 2893 poetis
1633 2837 1710 2874 τοῦ
1729 2835 1834 2874 ἄδυ-

196 2911 323 2949 νάτου
349 2914 560 2965 exemplum
592 2913 797 2959 observat,
830 2911 976 2949 flumina
1008 2913 1108 2950 retro
1141 2912 1237 2949 verti
1268 2911 1313 2949 ad
1340 2914 1453 2962 caput
1477 2909 1604 2949 tontis,
1639 2907 1740 2947 Sane
1768 2921 1836 2947 no-

196 2985 268 3023 tum
297 2983 558 3033 proverbium:
595 2974 680 3017 ἅνω
707 2978 908 3026 ποταμῶν
928 2976 1055 3027 ἱερῶν
1077 2978 1271 3029 χωροῦσι
1296 2978 1437 3030 πηγαί.
1471 2977 1632 3018 Ovidius
1648 2977 1773 3028 Epist.
1786 2977 1836 3016 V.
