<?xml version="1.0" encoding="UTF-8"?>
<!DOCTYPE html PUBLIC "-//W3C//DTD XHTML 1.0 Transitional//EN"
    "http://www.w3.org/TR/xhtml1/DTD/xhtml1-transitional.dtd">
<html xmlns="http://www.w3.org/1999/xhtml" xml:lang="en" lang="en">
 <head>
  <title>
</title>
<meta http-equiv="Content-Type" content="text/html;charset=utf-8" />
  <meta name='ocr-system' content='tesseract 3.04.00' />
  <meta name='ocr-capabilities' content='ocr_page ocr_carea ocr_par ocr_line ocrx_word'/>
</head>
<body>
  <div class='ocr_page' id='page_1' title='image "./carmina00catouoft_0367.png"; bbox 0 0 2006 3365; ppageno 0'>
   <div class='ocr_carea' id='block_1_1' title="bbox 598 174 1729 225">
    <p class='ocr_par' dir='ltr' id='par_1_1' title="bbox 598 174 1729 225">
     <span class='ocr_line' id='line_1_1' title="bbox 598 174 1729 225; baseline 0.009 -9"><span class='ocrx_word' id='word_1_1' title='bbox 598 174 863 217; x_wconf 72' lang='lat' dir='ltr'>RECENSIO</span> <span class='ocrx_word' id='word_1_2' title='bbox 897 175 1187 217; x_wconf 84' lang='lat' dir='ltr'>LIBRORUM.</span> <span class='ocrx_word' id='word_1_3' title='bbox 1627 181 1729 225; x_wconf 80' lang='lat'>343</span> 
     </span>
    </p>
   </div>
   <div class='ocr_carea' id='block_1_2' title="bbox 70 289 1726 3026">
    <p class='ocr_par' dir='ltr' id='par_1_2' title="bbox 70 289 1726 2195">
     <span class='ocr_line' id='line_1_2' title="bbox 94 289 1724 343; baseline 0.001 -15"><span class='ocrx_word' id='word_1_4' title='bbox 94 303 187 343; x_wconf 88' lang='lat' dir='ltr'>quae</span> <span class='ocrx_word' id='word_1_5' title='bbox 219 289 456 329; x_wconf 83' lang='lat' dir='ltr'>Schraderus</span> <span class='ocrx_word' id='word_1_6' title='bbox 488 291 793 331; x_wconf 77' lang='lat' dir='ltr'>Emendationum</span> <span class='ocrx_word' id='word_1_7' title='bbox 825 291 922 330; x_wconf 91' lang='lat' dir='ltr'>libro</span> <span class='ocrx_word' id='word_1_8' title='bbox 954 291 1110 342; x_wconf 88' lang='lat' dir='ltr'>protulit</span> <span class='ocrx_word' id='word_1_9' title='bbox 1139 293 1185 331; x_wconf 86' lang='lat' dir='ltr'>ad</span> <span class='ocrx_word' id='word_1_10' title='bbox 1218 291 1302 332; x_wconf 86' lang='lat' dir='ltr'>Cul.</span> <span class='ocrx_word' id='word_1_11' title='bbox 1337 307 1373 332; x_wconf 90' lang='lat' dir='ltr'>v.</span> <span class='ocrx_word' id='word_1_12' title='bbox 1406 296 1495 332; x_wconf 80' lang='lat'>118.</span> <span class='ocrx_word' id='word_1_13' title='bbox 1521 295 1724 332; x_wconf 69' lang='lat'>135.132.</span> 
     </span>
     <span class='ocr_line' id='line_1_3' title="bbox 93 360 1726 414; baseline 0.002 -17"><span class='ocrx_word' id='word_1_14' title='bbox 93 362 187 398; x_wconf 82' lang='lat'><strong>235.</strong></span> <span class='ocrx_word' id='word_1_15' title='bbox 220 361 314 398; x_wconf 71' lang='lat'>307.</span> <span class='ocrx_word' id='word_1_16' title='bbox 348 362 442 397; x_wconf 78' lang='lat'>329.</span> <span class='ocrx_word' id='word_1_17' title='bbox 477 363 571 398; x_wconf 84' lang='lat'>331.</span> <span class='ocrx_word' id='word_1_18' title='bbox 605 362 700 398; x_wconf 71' lang='lat'>354.</span> <span class='ocrx_word' id='word_1_19' title='bbox 734 364 828 399; x_wconf 83' lang='grc'><strong>360.</strong></span> <span class='ocrx_word' id='word_1_20' title='bbox 896 360 970 398; x_wconf 90' lang='lat' dir='ltr'>lam</span> <span class='ocrx_word' id='word_1_21' title='bbox 1006 360 1105 399; x_wconf 86' lang='lat' dir='ltr'>hunc</span> <span class='ocrx_word' id='word_1_22' title='bbox 1142 362 1307 401; x_wconf 80' lang='lat' dir='ltr'><strong>codicem</strong></span> <span class='ocrx_word' id='word_1_23' title='bbox 1348 374 1524 414; x_wconf 82' lang='lat' dir='ltr'>nusquam</span> <span class='ocrx_word' id='word_1_24' title='bbox 1565 374 1726 400; x_wconf 86' lang='lat' dir='ltr'>comme-</span> 
     </span>
     <span class='ocr_line' id='line_1_4' title="bbox 90 427 1726 479; baseline 0.002 -13"><span class='ocrx_word' id='word_1_25' title='bbox 90 431 208 466; x_wconf 88' lang='lat' dir='ltr'>morat</span> <span class='ocrx_word' id='word_1_26' title='bbox 256 427 562 478; x_wconf 76' lang='lat' dir='ltr'>Friesemamrus,</span> <span class='ocrx_word' id='word_1_27' title='bbox 610 428 818 479; x_wconf 78' lang='lat' dir='ltr'>nullamque</span> <span class='ocrx_word' id='word_1_28' title='bbox 859 430 939 467; x_wconf 52' lang='lat' dir='ltr'>(rius</span> <span class='ocrx_word' id='word_1_29' title='bbox 984 430 1150 467; x_wconf 80' lang='lat' dir='ltr'><strong>notitiam</strong></span> <span class='ocrx_word' id='word_1_30' title='bbox 1195 430 1376 469; x_wconf 88' lang='lat' dir='ltr'>habuisse</span> <span class='ocrx_word' id='word_1_31' title='bbox 1413 431 1578 470; x_wconf 86' lang='lat' dir='ltr'>videtur.</span> <span class='ocrx_word' id='word_1_32' title='bbox 1648 431 1726 470; x_wconf 87' lang='lat' dir='ltr'>Sed</span> 
     </span>
     <span class='ocr_line' id='line_1_5' title="bbox 89 495 1724 548; baseline 0.002 -14"><span class='ocrx_word' id='word_1_33' title='bbox 89 499 239 547; x_wconf 87' lang='lat' dir='ltr'>praeter</span> <span class='ocrx_word' id='word_1_34' title='bbox 272 495 368 534; x_wconf 85' lang='lat' dir='ltr'>hunc</span> <span class='ocrx_word' id='word_1_35' title='bbox 398 497 492 535; x_wconf 89' lang='lat' dir='ltr'>duos</span> <span class='ocrx_word' id='word_1_36' title='bbox 524 497 622 535; x_wconf 87' lang='lat' dir='ltr'>alios</span> <span class='ocrx_word' id='word_1_37' title='bbox 654 498 807 536; x_wconf 83' lang='lat' dir='ltr'>codices</span> <span class='ocrx_word' id='word_1_38' title='bbox 838 510 942 535; x_wconf 86' lang='lat' dir='ltr'>manu</span> <span class='ocrx_word' id='word_1_39' title='bbox 975 498 1142 548; x_wconf 88' lang='lat' dir='ltr'>scriptos</span> <span class='ocrx_word' id='word_1_40' title='bbox 1173 498 1298 538; x_wconf 84' lang='lat' dir='ltr'>laudat</span> <span class='ocrx_word' id='word_1_41' title='bbox 1316 499 1554 539; x_wconf 77' lang='lat' dir='ltr'>Sclrraderus</span> <span class='ocrx_word' id='word_1_42' title='bbox 1585 501 1724 540; x_wconf 81' lang='lat' dir='ltr'>Emen-</span> 
     </span>
     <span class='ocr_line' id='line_1_6' title="bbox 89 565 1725 620; baseline 0.002 -17"><span class='ocrx_word' id='word_1_43' title='bbox 89 565 165 604; x_wconf 88' lang='lat' dir='ltr'>dat.</span> <span class='ocrx_word' id='word_1_44' title='bbox 197 577 233 615; x_wconf 90' lang='lat' dir='ltr'>p.</span> <span class='ocrx_word' id='word_1_45' title='bbox 273 569 333 604; x_wconf 88' lang='lat'>19.</span> <span class='ocrx_word' id='word_1_46' title='bbox 368 570 433 604; x_wconf 63' lang='lat'>27.</span> <span class='ocrx_word' id='word_1_47' title='bbox 466 569 530 604; x_wconf 78' lang='lat'>28.</span> <span class='ocrx_word' id='word_1_48' title='bbox 575 565 865 614; x_wconf 74' lang='lat' dir='ltr'>Pelace’anmn,</span> <span class='ocrx_word' id='word_1_49' title='bbox 908 568 945 604; x_wconf 85' lang='lat' dir='ltr'>et</span> <span class='ocrx_word' id='word_1_50' title='bbox 985 566 1152 605; x_wconf 74' lang='lat' dir='ltr'>alterum</span> <span class='ocrx_word' id='word_1_51' title='bbox 1206 567 1458 608; x_wconf 61' lang='lat' dir='ltr'>Vos-sianum.</span> <span class='ocrx_word' id='word_1_52' title='bbox 1528 568 1656 620; x_wconf 87' lang='lat' dir='ltr'>Atque</span> <span class='ocrx_word' id='word_1_53' title='bbox 1689 569 1725 607; x_wconf 85' lang='grc' dir='ltr'>1ιί</span> 
     </span>
     <span class='ocr_line' id='line_1_7' title="bbox 87 634 1723 686; baseline 0.002 -14"><span class='ocrx_word' id='word_1_54' title='bbox 87 638 174 673; x_wconf 86' lang='lat' dir='ltr'>sunt.</span> <span class='ocrx_word' id='word_1_55' title='bbox 204 634 436 672; x_wconf 86' lang='lat' dir='ltr'>Petavianus</span> <span class='ocrx_word' id='word_1_56' title='bbox 467 637 505 672; x_wconf 87' lang='lat' dir='ltr'>et</span> <span class='ocrx_word' id='word_1_57' title='bbox 537 634 750 672; x_wconf 73' lang='lat' dir='ltr'>Vossianus</span> <span class='ocrx_word' id='word_1_58' title='bbox 781 635 1053 681; x_wconf 66' lang='lat' dir='ltr'>1⁴¹1·iesemanni‚</span> <span class='ocrx_word' id='word_1_59' title='bbox 1086 636 1146 686; x_wconf 90' lang='lat' dir='ltr'>qui</span> <span class='ocrx_word' id='word_1_60' title='bbox 1177 635 1361 674; x_wconf 87' lang='lat' dir='ltr'>lectiones</span> <span class='ocrx_word' id='word_1_61' title='bbox 1391 649 1516 675; x_wconf 85' lang='lat' dir='ltr'>eorum</span> <span class='ocrx_word' id='word_1_62' title='bbox 1548 638 1592 675; x_wconf 85' lang='lat' dir='ltr'>ad</span> <span class='ocrx_word' id='word_1_63' title='bbox 1625 650 1723 675; x_wconf 86' lang='lat' dir='ltr'>mar-</span> 
     </span>
     <span class='ocr_line' id='line_1_8' title="bbox 86 701 1722 751; baseline 0.002 -11"><span class='ocrx_word' id='word_1_64' title='bbox 86 702 213 751; x_wconf 80' lang='lat' dir='ltr'>ginem</span> <span class='ocrx_word' id='word_1_65' title='bbox 246 701 388 741; x_wconf 83' lang='lat' dir='ltr'>Culicis</span> <span class='ocrx_word' id='word_1_66' title='bbox 419 715 440 739; x_wconf 90' lang='lat' dir='ltr'>a</span> <span class='ocrx_word' id='word_1_67' title='bbox 473 702 686 742; x_wconf 82' lang='lat' dir='ltr'>Schradero</span> <span class='ocrx_word' id='word_1_68' title='bbox 729 705 928 740; x_wconf 86' lang='lat' dir='ltr'>annotatas</span> <span class='ocrx_word' id='word_1_69' title='bbox 968 702 1147 742; x_wconf 85' lang='lat' dir='ltr'>habebat.</span> <span class='ocrx_word' id='word_1_70' title='bbox 1218 703 1467 743; x_wconf 85' lang='lat' dir='ltr'>Schraderus.</span> <span class='ocrx_word' id='word_1_71' title='bbox 1501 709 1620 744; x_wconf 90' lang='lat' dir='ltr'>autem</span> <span class='ocrx_word' id='word_1_72' title='bbox 1653 719 1722 744; x_wconf 92' lang='lat' dir='ltr'>un-</span> 
     </span>
     <span class='ocr_line' id='line_1_9' title="bbox 87 767 1722 824; baseline 0.002 -15"><span class='ocrx_word' id='word_1_73' title='bbox 87 771 218 809; x_wconf 81' lang='lat' dir='ltr'>denam</span> <span class='ocrx_word' id='word_1_74' title='bbox 249 770 379 810; x_wconf 80' lang='lat' dir='ltr'>habuit</span> <span class='ocrx_word' id='word_1_75' title='bbox 410 770 537 809; x_wconf 86' lang='lat' dir='ltr'>horum</span> <span class='ocrx_word' id='word_1_76' title='bbox 570 771 734 809; x_wconf 81' lang='lat' dir='ltr'>codicum</span> <span class='ocrx_word' id='word_1_77' title='bbox 768 767 962 809; x_wconf 59' lang='lat' dir='ltr'>notitiam?</span> <span class='ocrx_word' id='word_1_78' title='bbox 994 771 1131 810; x_wconf 80' lang='lat' dir='ltr'>Mirum</span> <span class='ocrx_word' id='word_1_79' title='bbox 1162 773 1198 811; x_wconf 92' lang='lat' dir='ltr'>ni</span> <span class='ocrx_word' id='word_1_80' title='bbox 1231 785 1280 811; x_wconf 84' lang='lat' dir='ltr'>ex</span> <span class='ocrx_word' id='word_1_81' title='bbox 1311 771 1384 811; x_wconf 84' lang='lat' dir='ltr'>hoe</span> <span class='ocrx_word' id='word_1_82' title='bbox 1405 774 1610 824; x_wconf 83' lang='lat' dir='ltr'>exemplari</span> <span class='ocrx_word' id='word_1_83' title='bbox 1630 775 1722 813; x_wconf 81' lang='lat' dir='ltr'>Lei-</span> 
     </span>
     <span class='ocr_line' id='line_1_10' title="bbox 85 839 1720 893; baseline 0.002 -16"><span class='ocrx_word' id='word_1_84' title='bbox 85 840 220 888; x_wconf 86' lang='lat' dir='ltr'>densi‚</span> <span class='ocrx_word' id='word_1_85' title='bbox 252 840 299 878; x_wconf 89' lang='lat' dir='ltr'>de</span> <span class='ocrx_word' id='word_1_86' title='bbox 330 853 401 892; x_wconf 90' lang='lat' dir='ltr'>quo</span> <span class='ocrx_word' id='word_1_87' title='bbox 434 840 592 892; x_wconf 87' lang='lat' dir='ltr'>loquor:</span> <span class='ocrx_word' id='word_1_88' title='bbox 627 840 712 878; x_wconf 90' lang='lat' dir='ltr'>sive</span> <span class='ocrx_word' id='word_1_89' title='bbox 744 839 830 877; x_wconf 90' lang='lat' dir='ltr'>illud</span> <span class='ocrx_word' id='word_1_90' title='bbox 863 840 948 890; x_wconf 87' lang='lat' dir='ltr'>ipse</span> <span class='ocrx_word' id='word_1_91' title='bbox 980 842 1244 890; x_wconf 81' lang='lat' dir='ltr'>usurpaverit,</span> <span class='ocrx_word' id='word_1_92' title='bbox 1277 842 1363 880; x_wconf 83' lang='lat' dir='ltr'>sive</span> <span class='ocrx_word' id='word_1_93' title='bbox 1394 841 1491 880; x_wconf 86' lang='lat' dir='ltr'>aliud</span> <span class='ocrx_word' id='word_1_94' title='bbox 1512 842 1720 893; x_wconf 83' lang='lat' dir='ltr'>exemplar,</span> 
     </span>
     <span class='ocr_line' id='line_1_11' title="bbox 83 908 1720 961; baseline 0.001 -14"><span class='ocrx_word' id='word_1_95' title='bbox 83 909 120 946; x_wconf 89' lang='lat' dir='ltr'>in</span> <span class='ocrx_word' id='word_1_96' title='bbox 152 909 249 961; x_wconf 86' lang='lat' dir='ltr'>quod</span> <span class='ocrx_word' id='word_1_97' title='bbox 279 908 500 947; x_wconf 66' lang='lat' dir='ltr'>collationes</span> <span class='ocrx_word' id='word_1_98' title='bbox 519 908 648 946; x_wconf 90' lang='lat' dir='ltr'>Vossii</span> <span class='ocrx_word' id='word_1_99' title='bbox 680 908 883 946; x_wconf 76' lang='lat' dir='ltr'>translatae</span> <span class='ocrx_word' id='word_1_100' title='bbox 915 920 936 947; x_wconf 87' lang='lat' dir='ltr'>e</span> <span class='ocrx_word' id='word_1_101' title='bbox 968 911 1097 947; x_wconf 89' lang='lat' dir='ltr'>nostro</span> <span class='ocrx_word' id='word_1_102' title='bbox 1131 909 1181 947; x_wconf 82' lang='lat' dir='ltr'>ab</span> <span class='ocrx_word' id='word_1_103' title='bbox 1204 909 1277 948; x_wconf 90' lang='lat' dir='ltr'>alio</span> <span class='ocrx_word' id='word_1_104' title='bbox 1301 911 1383 948; x_wconf 89' lang='lat' dir='ltr'>viro</span> <span class='ocrx_word' id='word_1_105' title='bbox 1407 910 1519 949; x_wconf 88' lang='lat' dir='ltr'>docto</span> <span class='ocrx_word' id='word_1_106' title='bbox 1545 911 1720 961; x_wconf 84' lang='lat' dir='ltr'>fuissent,</span> 
     </span>
     <span class='ocr_line' id='line_1_12' title="bbox 82 975 1722 1029; baseline 0.002 -14"><span class='ocrx_word' id='word_1_107' title='bbox 82 979 170 1016; x_wconf 89' lang='lat' dir='ltr'>ante</span> <span class='ocrx_word' id='word_1_108' title='bbox 201 977 331 1016; x_wconf 90' lang='lat' dir='ltr'>oculos</span> <span class='ocrx_word' id='word_1_109' title='bbox 364 976 547 1015; x_wconf 84' lang='lat' dir='ltr'>habuerit.</span> <span class='ocrx_word' id='word_1_110' title='bbox 610 975 714 1015; x_wconf 92' lang='lat' dir='ltr'>Unde</span> <span class='ocrx_word' id='word_1_111' title='bbox 745 977 913 1028; x_wconf 86' lang='lat' dir='ltr'>sequitur</span> <span class='ocrx_word' id='word_1_112' title='bbox 941 977 1450 1029; x_wconf 68' lang='lat' dir='ltr'>codicern,‚que1nalterum</span> <span class='ocrx_word' id='word_1_113' title='bbox 1482 979 1722 1019; x_wconf 78' lang='lat' dir='ltr'>Vossianum</span> 
     </span>
     <span class='ocr_line' id='line_1_13' title="bbox 83 1045 1719 1098; baseline 0.001 -13"><span class='ocrx_word' id='word_1_114' title='bbox 83 1045 338 1091; x_wconf 81' lang='lat' dir='ltr'>Schraderus,</span> <span class='ocrx_word' id='word_1_115' title='bbox 382 1048 420 1084; x_wconf 87' lang='lat' dir='ltr'>et</span> <span class='ocrx_word' id='word_1_116' title='bbox 472 1045 710 1084; x_wconf 72' lang='lat' dir='ltr'>Vossianum</span> <span class='ocrx_word' id='word_1_117' title='bbox 747 1045 968 1095; x_wconf 84' lang='lat' dir='ltr'>simpliciter</span> <span class='ocrx_word' id='word_1_118' title='bbox 1007 1047 1099 1085; x_wconf 91' lang='lat' dir='ltr'>dicit</span> <span class='ocrx_word' id='word_1_119' title='bbox 1140 1047 1449 1098; x_wconf 64' lang='lat' dir='ltr'>Ffiesemannus,</span> <span class='ocrx_word' id='word_1_120' title='bbox 1490 1048 1580 1087; x_wconf 91' lang='lat' dir='ltr'>nihil</span> <span class='ocrx_word' id='word_1_121' title='bbox 1621 1048 1719 1087; x_wconf 89' lang='lat' dir='ltr'>aliud</span> 
     </span>
     <span class='ocr_line' id='line_1_14' title="bbox 80 1113 1720 1167; baseline 0.001 -13"><span class='ocrx_word' id='word_1_122' title='bbox 80 1128 186 1167; x_wconf 90' lang='lat' dir='ltr'>quam</span> <span class='ocrx_word' id='word_1_123' title='bbox 217 1114 433 1153; x_wconf 86' lang='lat' dir='ltr'>Thuaneum</span> <span class='ocrx_word' id='word_1_124' title='bbox 465 1126 567 1152; x_wconf 90' lang='lat' dir='ltr'>esse.</span> <span class='ocrx_word' id='word_1_125' title='bbox 629 1114 735 1152; x_wconf 87' lang='lat' dir='ltr'>Haec</span> <span class='ocrx_word' id='word_1_126' title='bbox 773 1113 859 1152; x_wconf 88' lang='lat' dir='ltr'>mihi</span> <span class='ocrx_word' id='word_1_127' title='bbox 896 1116 1085 1165; x_wconf 85' lang='lat' dir='ltr'>suspicio,</span> <span class='ocrx_word' id='word_1_128' title='bbox 1128 1116 1189 1154; x_wconf 82' lang='lat' dir='ltr'>vel</span> <span class='ocrx_word' id='word_1_129' title='bbox 1230 1118 1355 1167; x_wconf 87' lang='lat' dir='ltr'>potius</span> <span class='ocrx_word' id='word_1_130' title='bbox 1394 1119 1602 1165; x_wconf 77' lang='lat' dir='ltr'>sententia,</span> <span class='ocrx_word' id='word_1_131' title='bbox 1649 1118 1720 1156; x_wconf 89' lang='lat' dir='ltr'>iam</span> 
     </span>
     <span class='ocr_line' id='line_1_15' title="bbox 79 1184 1719 1237; baseline 0.002 -15"><span class='ocrx_word' id='word_1_132' title='bbox 79 1185 174 1223; x_wconf 91' lang='lat' dir='ltr'>enim</span> <span class='ocrx_word' id='word_1_133' title='bbox 205 1186 264 1222; x_wconf 82' lang='lat' dir='ltr'>est</span> <span class='ocrx_word' id='word_1_134' title='bbox 293 1184 504 1229; x_wconf 82' lang='lat' dir='ltr'>sententia,</span> <span class='ocrx_word' id='word_1_135' title='bbox 544 1185 632 1221; x_wconf 83' lang='lat' dir='ltr'>nata</span> <span class='ocrx_word' id='word_1_136' title='bbox 673 1185 757 1231; x_wconf 83' lang='lat' dir='ltr'>est,</span> <span class='ocrx_word' id='word_1_137' title='bbox 801 1184 882 1222; x_wconf 91' lang='lat' dir='ltr'>dum</span> <span class='ocrx_word' id='word_1_138' title='bbox 921 1185 1017 1223; x_wconf 85' lang='lat' dir='ltr'>inter</span> <span class='ocrx_word' id='word_1_139' title='bbox 1055 1197 1098 1223; x_wconf 89' lang='lat' dir='ltr'>se</span> <span class='ocrx_word' id='word_1_140' title='bbox 1136 1186 1309 1234; x_wconf 79' lang='lat' dir='ltr'>confero,</span> <span class='ocrx_word' id='word_1_141' title='bbox 1342 1198 1437 1237; x_wconf 87' lang='lat' dir='ltr'>quae</span> <span class='ocrx_word' id='word_1_142' title='bbox 1470 1186 1637 1225; x_wconf 90' lang='lat' dir='ltr'>Vossius</span> <span class='ocrx_word' id='word_1_143' title='bbox 1669 1199 1719 1226; x_wconf 88' lang='lat' dir='ltr'>ex</span> 
     </span>
     <span class='ocr_line' id='line_1_16' title="bbox 78 1251 1719 1303; baseline 0.002 -12"><span class='ocrx_word' id='word_1_144' title='bbox 78 1252 288 1300; x_wconf 81' lang='lat' dir='ltr'>Timaneo,</span> <span class='ocrx_word' id='word_1_145' title='bbox 321 1251 580 1296; x_wconf 84' lang='lat' dir='ltr'>Schraderus,</span> <span class='ocrx_word' id='word_1_146' title='bbox 613 1252 922 1301; x_wconf 83' lang='lat' dir='ltr'>Friesemannus,</span> <span class='ocrx_word' id='word_1_147' title='bbox 956 1253 1132 1303; x_wconf 77' lang='lat' dir='ltr'>Heynius</span> <span class='ocrx_word' id='word_1_148' title='bbox 1165 1266 1213 1292; x_wconf 87' lang='lat' dir='ltr'>ex</span> <span class='ocrx_word' id='word_1_149' title='bbox 1245 1267 1314 1292; x_wconf 90' lang='lat' dir='ltr'>suo</span> <span class='ocrx_word' id='word_1_150' title='bbox 1347 1254 1409 1292; x_wconf 90' lang='lat' dir='ltr'>illo</span> <span class='ocrx_word' id='word_1_151' title='bbox 1427 1254 1620 1295; x_wconf 88' lang='lat' dir='ltr'>Vossiano</span> <span class='ocrx_word' id='word_1_152' title='bbox 1652 1268 1719 1294; x_wconf 88' lang='lat' dir='ltr'>re-</span> 
     </span>
     <span class='ocr_line' id='line_1_17' title="bbox 78 1320 1718 1373; baseline 0.002 -14"><span class='ocrx_word' id='word_1_153' title='bbox 78 1322 214 1360; x_wconf 85' lang='lat' dir='ltr'>ferunt.</span> <span class='ocrx_word' id='word_1_154' title='bbox 276 1320 419 1373; x_wconf 84' lang='lat' dir='ltr'>Quodsi</span> <span class='ocrx_word' id='word_1_155' title='bbox 453 1332 525 1358; x_wconf 92' lang='lat' dir='ltr'>non</span> <span class='ocrx_word' id='word_1_156' title='bbox 558 1321 693 1372; x_wconf 84' lang='lat' dir='ltr'>ubique</span> <span class='ocrx_word' id='word_1_157' title='bbox 724 1320 858 1371; x_wconf 90' lang='lat' dir='ltr'>plenus</span> <span class='ocrx_word' id='word_1_158' title='bbox 899 1322 1064 1360; x_wconf 86' lang='lat' dir='ltr'>cernitur</span> <span class='ocrx_word' id='word_1_159' title='bbox 1102 1333 1335 1372; x_wconf 82' lang='lat' dir='ltr'>consensus,</span> <span class='ocrx_word' id='word_1_160' title='bbox 1381 1326 1421 1362; x_wconf 92' lang='lat' dir='ltr'>ut</span> <span class='ocrx_word' id='word_1_161' title='bbox 1461 1325 1585 1362; x_wconf 82' lang='lat' dir='ltr'>fateor</span> <span class='ocrx_word' id='word_1_162' title='bbox 1623 1326 1718 1363; x_wconf 87' lang='lat' dir='ltr'>satis</span> 
     </span>
     <span class='ocr_line' id='line_1_18' title="bbox 75 1389 1717 1442; baseline 0.003 -15"><span class='ocrx_word' id='word_1_163' title='bbox 75 1402 244 1439; x_wconf 80' lang='lat' dir='ltr'>magnam</span> <span class='ocrx_word' id='word_1_164' title='bbox 276 1390 372 1427; x_wconf 88' lang='lat' dir='ltr'>inter</span> <span class='ocrx_word' id='word_1_165' title='bbox 405 1392 583 1441; x_wconf 86' lang='lat' dir='ltr'>utrosque</span> <span class='ocrx_word' id='word_1_166' title='bbox 623 1390 864 1428; x_wconf 85' lang='lat' dir='ltr'>differentiam</span> <span class='ocrx_word' id='word_1_167' title='bbox 909 1402 997 1429; x_wconf 89' lang='lat' dir='ltr'>esse</span> <span class='ocrx_word' id='word_1_168' title='bbox 1037 1389 1132 1429; x_wconf 90' lang='lat' dir='ltr'>locis</span> <span class='ocrx_word' id='word_1_169' title='bbox 1170 1404 1243 1429; x_wconf 87' lang='lat' dir='ltr'>non</span> <span class='ocrx_word' id='word_1_170' title='bbox 1281 1393 1434 1442; x_wconf 81' lang='lat' dir='ltr'>pauciS,</span> <span class='ocrx_word' id='word_1_171' title='bbox 1477 1393 1717 1441; x_wconf 81' lang='lat' dir='ltr'>cogitandum</span> 
     </span>
     <span class='ocr_line' id='line_1_19' title="bbox 76 1457 1715 1510; baseline 0.002 -14"><span class='ocrx_word' id='word_1_172' title='bbox 76 1459 168 1507; x_wconf 84' lang='lat' dir='ltr'>erit,</span> <span class='ocrx_word' id='word_1_173' title='bbox 210 1470 316 1510; x_wconf 90' lang='lat' dir='ltr'>quam</span> <span class='ocrx_word' id='word_1_174' title='bbox 354 1457 471 1507; x_wconf 80' lang='lat' dir='ltr'>longo</span> <span class='ocrx_word' id='word_1_175' title='bbox 509 1459 643 1497; x_wconf 85' lang='lat' dir='ltr'>itinere</span> <span class='ocrx_word' id='word_1_176' title='bbox 682 1459 757 1497; x_wconf 88' lang='lat' dir='ltr'>ista</span> <span class='ocrx_word' id='word_1_177' title='bbox 798 1471 847 1497; x_wconf 83' lang='lat' dir='ltr'>ex</span> <span class='ocrx_word' id='word_1_178' title='bbox 885 1458 1060 1497; x_wconf 84' lang='lat' dir='ltr'>Leidensi</span> <span class='ocrx_word' id='word_1_179' title='bbox 1092 1459 1299 1510; x_wconf 81' lang='lat' dir='ltr'>exemplari</span> <span class='ocrx_word' id='word_1_180' title='bbox 1330 1464 1459 1500; x_wconf 86' lang='lat' dir='ltr'>nostro</span> <span class='ocrx_word' id='word_1_181' title='bbox 1491 1462 1536 1499; x_wconf 91' lang='lat' dir='ltr'>ad</span> <span class='ocrx_word' id='word_1_182' title='bbox 1570 1462 1715 1501; x_wconf 84' lang='lat' dir='ltr'>Schra-</span> 
     </span>
     <span class='ocr_line' id='line_1_20' title="bbox 75 1525 1715 1582; baseline 0.002 -17"><span class='ocrx_word' id='word_1_183' title='bbox 75 1527 224 1575; x_wconf 88' lang='lat' dir='ltr'>derum,</span> <span class='ocrx_word' id='word_1_184' title='bbox 257 1539 279 1565; x_wconf 92' lang='lat' dir='ltr'>a</span> <span class='ocrx_word' id='word_1_185' title='bbox 310 1525 525 1565; x_wconf 79' lang='lat' dir='ltr'>Sclrradero</span> <span class='ocrx_word' id='word_1_186' title='bbox 557 1527 602 1565; x_wconf 87' lang='lat' dir='ltr'>ad</span> <span class='ocrx_word' id='word_1_187' title='bbox 625 1527 923 1565; x_wconf 85' lang='lat' dir='ltr'>Friesemannum</span> <span class='ocrx_word' id='word_1_188' title='bbox 950 1526 1210 1580; x_wconf 83' lang='lat' dir='ltr'>Ileyniumque</span> <span class='ocrx_word' id='word_1_189' title='bbox 1242 1531 1506 1579; x_wconf 80' lang='lat' dir='ltr'>pervenerint,</span> <span class='ocrx_word' id='word_1_190' title='bbox 1540 1534 1578 1569; x_wconf 87' lang='lat' dir='ltr'>et</span> <span class='ocrx_word' id='word_1_191' title='bbox 1608 1543 1715 1582; x_wconf 88' lang='lat' dir='ltr'>quam</span> 
     </span>
     <span class='ocr_line' id='line_1_21' title="bbox 76 1594 1715 1647; baseline 0.003 -14"><span class='ocrx_word' id='word_1_192' title='bbox 76 1594 318 1634; x_wconf 85' lang='lat' dir='ltr'>vehementer</span> <span class='ocrx_word' id='word_1_193' title='bbox 350 1595 515 1633; x_wconf 88' lang='lat' dir='ltr'>codicum</span> <span class='ocrx_word' id='word_1_194' title='bbox 547 1594 730 1633; x_wconf 89' lang='lat' dir='ltr'>lectiones</span> <span class='ocrx_word' id='word_1_195' title='bbox 772 1596 1101 1634; x_wconf 82' lang='lat' dir='ltr'>communicatione</span> <span class='ocrx_word' id='word_1_196' title='bbox 1132 1597 1333 1647; x_wconf 84' lang='lat' dir='ltr'>immutari,</span> <span class='ocrx_word' id='word_1_197' title='bbox 1378 1600 1416 1637; x_wconf 87' lang='lat' dir='ltr'>et</span> <span class='ocrx_word' id='word_1_198' title='bbox 1447 1599 1528 1636; x_wconf 91' lang='lat' dir='ltr'>dum</span> <span class='ocrx_word' id='word_1_199' title='bbox 1560 1612 1608 1638; x_wconf 85' lang='lat' dir='ltr'>ex</span> <span class='ocrx_word' id='word_1_200' title='bbox 1642 1613 1715 1638; x_wconf 88' lang='lat' dir='ltr'>uno</span> 
     </span>
     <span class='ocr_line' id='line_1_22' title="bbox 74 1662 1713 1718; baseline 0.004 -18"><span class='ocrx_word' id='word_1_201' title='bbox 74 1664 243 1712; x_wconf 78' lang='lat' dir='ltr'>margine</span> <span class='ocrx_word' id='word_1_202' title='bbox 275 1663 311 1700; x_wconf 89' lang='lat' dir='ltr'>in</span> <span class='ocrx_word' id='word_1_203' title='bbox 343 1662 498 1701; x_wconf 90' lang='lat' dir='ltr'>alterum</span> <span class='ocrx_word' id='word_1_204' title='bbox 532 1665 826 1713; x_wconf 80' lang='lat' dir='ltr'>transferuntur,</span> <span class='ocrx_word' id='word_1_205' title='bbox 867 1664 952 1702; x_wconf 87' lang='lat' dir='ltr'>sive</span> <span class='ocrx_word' id='word_1_206' title='bbox 995 1676 1045 1702; x_wconf 83' lang='lat' dir='ltr'>ex</span> <span class='ocrx_word' id='word_1_207' title='bbox 1076 1664 1229 1704; x_wconf 86' lang='lat' dir='ltr'>schedis</span> <span class='ocrx_word' id='word_1_208' title='bbox 1260 1665 1393 1704; x_wconf 90' lang='lat' dir='ltr'>alienis</span> <span class='ocrx_word' id='word_1_209' title='bbox 1424 1667 1713 1718; x_wconf 77' lang='lat' dir='ltr'>describuntur,</span> 
     </span>
     <span class='ocr_line' id='line_1_23' title="bbox 73 1731 1713 1786; baseline 0.004 -17"><span class='ocrx_word' id='word_1_210' title='bbox 73 1731 274 1769; x_wconf 84' lang='lat' dir='ltr'>adulterari</span> <span class='ocrx_word' id='word_1_211' title='bbox 305 1731 584 1784; x_wconf 81' lang='lat' dir='ltr'>dissimilesque</span> <span class='ocrx_word' id='word_1_212' title='bbox 615 1732 689 1770; x_wconf 87' lang='lat' dir='ltr'>sihi</span> <span class='ocrx_word' id='word_1_213' title='bbox 721 1733 816 1783; x_wconf 87' lang='lat' dir='ltr'>ipsis</span> <span class='ocrx_word' id='word_1_214' title='bbox 848 1732 926 1770; x_wconf 85' lang='lat' dir='ltr'>fieri</span> <span class='ocrx_word' id='word_1_215' title='bbox 959 1733 1121 1773; x_wconf 84' lang='lat' dir='ltr'>soleant.</span> <span class='ocrx_word' id='word_1_216' title='bbox 1191 1733 1241 1773; x_wconf 90' lang='lat' dir='ltr'>Ut</span> <span class='ocrx_word' id='word_1_217' title='bbox 1273 1748 1380 1773; x_wconf 90' lang='lat' dir='ltr'>unum</span> <span class='ocrx_word' id='word_1_218' title='bbox 1413 1748 1713 1786; x_wconf 80' lang='lat' dir='ltr'>connnemorem,</span> 
     </span>
     <span class='ocr_line' id='line_1_24' title="bbox 72 1798 1713 1853; baseline 0.006 -15"><span class='ocrx_word' id='word_1_219' title='bbox 72 1798 298 1848; x_wconf 82' lang='lat' dir='ltr'>Schraderi,</span> <span class='ocrx_word' id='word_1_220' title='bbox 340 1799 506 1851; x_wconf 85' lang='lat' dir='ltr'>lapsum,</span> <span class='ocrx_word' id='word_1_221' title='bbox 546 1798 781 1839; x_wconf 88' lang='lat' dir='ltr'>Schraderus</span> <span class='ocrx_word' id='word_1_222' title='bbox 820 1800 1013 1841; x_wconf 87' lang='lat' dir='ltr'>Emendat.</span> <span class='ocrx_word' id='word_1_223' title='bbox 1053 1815 1091 1853; x_wconf 92' lang='lat' dir='ltr'>p.</span> <span class='ocrx_word' id='word_1_224' title='bbox 1125 1804 1191 1841; x_wconf 78' lang='lat'>27.</span> <span class='ocrx_word' id='word_1_225' title='bbox 1235 1802 1318 1843; x_wconf 87' lang='lat' dir='ltr'>Cul.</span> <span class='ocrx_word' id='word_1_226' title='bbox 1361 1806 1455 1843; x_wconf 73' lang='grc'><strong>307.</strong></span> <span class='ocrx_word' id='word_1_227' title='bbox 1488 1809 1608 1846; x_wconf 77' lang='lat' dir='ltr'>saevi</span> <span class='ocrx_word' id='word_1_228' title='bbox 1638 1808 1713 1848; x_wconf 75' lang='lat' dir='ltr'>(Ios</span> 
     </span>
     <span class='ocr_line' id='line_1_25' title="bbox 72 1869 1713 1922; baseline 0.005 -16"><span class='ocrx_word' id='word_1_229' title='bbox 72 1881 160 1907; x_wconf 88' lang='lat' dir='ltr'>esse</span> <span class='ocrx_word' id='word_1_230' title='bbox 191 1869 225 1906; x_wconf 92' lang='lat' dir='ltr'>in</span> <span class='ocrx_word' id='word_1_231' title='bbox 258 1869 489 1918; x_wconf 79' lang='lat' dir='ltr'>petaviano,</span> <span class='ocrx_word' id='word_1_232' title='bbox 523 1873 561 1908; x_wconf 87' lang='lat' dir='ltr'>et</span> <span class='ocrx_word' id='word_1_233' title='bbox 592 1869 628 1907; x_wconf 90' lang='lat' dir='ltr'>in</span> <span class='ocrx_word' id='word_1_234' title='bbox 660 1882 727 1918; x_wconf 85' lang='lat' dir='ltr'>eo,</span> <span class='ocrx_word' id='word_1_235' title='bbox 759 1882 866 1922; x_wconf 90' lang='lat' dir='ltr'>quem</span> <span class='ocrx_word' id='word_1_236' title='bbox 898 1870 1051 1910; x_wconf 87' lang='lat' dir='ltr'>alterum</span> <span class='ocrx_word' id='word_1_237' title='bbox 1079 1870 1307 1910; x_wconf 86' lang='lat' dir='ltr'>Vossianum</span> <span class='ocrx_word' id='word_1_238' title='bbox 1339 1873 1451 1921; x_wconf 85' lang='lat' dir='ltr'>dicit,</span> <span class='ocrx_word' id='word_1_239' title='bbox 1483 1874 1555 1913; x_wconf 88' lang='lat' dir='ltr'>hoe</span> <span class='ocrx_word' id='word_1_240' title='bbox 1588 1879 1648 1915; x_wconf 91' lang='lat' dir='ltr'>est</span> <span class='ocrx_word' id='word_1_241' title='bbox 1678 1877 1713 1915; x_wconf 93' lang='lat' dir='ltr'>in</span> 
     </span>
     <span class='ocr_line' id='line_1_26' title="bbox 70 1937 1712 1990; baseline 0.006 -16"><span class='ocrx_word' id='word_1_242' title='bbox 70 1937 273 1983; x_wconf 84' lang='lat' dir='ltr'>Thuaneo,</span> <span class='ocrx_word' id='word_1_243' title='bbox 308 1938 443 1987; x_wconf 83' lang='lat' dir='ltr'>tradit3</span> <span class='ocrx_word' id='word_1_244' title='bbox 486 1938 656 1990; x_wconf 88' lang='lat' dir='ltr'>idemque</span> <span class='ocrx_word' id='word_1_245' title='bbox 697 1939 981 1977; x_wconf 84' lang='lat' dir='ltr'>Friesemannus</span> <span class='ocrx_word' id='word_1_246' title='bbox 1021 1940 1151 1978; x_wconf 82' lang='lat' dir='ltr'>refert.</span> <span class='ocrx_word' id='word_1_247' title='bbox 1219 1941 1301 1979; x_wconf 87' lang='lat' dir='ltr'>Nos</span> <span class='ocrx_word' id='word_1_248' title='bbox 1333 1944 1525 1983; x_wconf 75' lang='lat' dir='ltr'>seuiduos</span> <span class='ocrx_word' id='word_1_249' title='bbox 1557 1957 1645 1983; x_wconf 88' lang='lat' dir='ltr'>esse</span> <span class='ocrx_word' id='word_1_250' title='bbox 1677 1946 1712 1983; x_wconf 92' lang='lat' dir='ltr'>in</span> 
     </span>
     <span class='ocr_line' id='line_1_27' title="bbox 73 2005 1714 2066; baseline 0.006 -24"><span class='ocrx_word' id='word_1_251' title='bbox 73 2005 180 2043; x_wconf 85' lang='lat' dir='ltr'>libris</span> <span class='ocrx_word' id='word_1_252' title='bbox 212 2005 285 2044; x_wconf 91' lang='lat' dir='ltr'>illis</span> <span class='ocrx_word' id='word_1_253' title='bbox 327 2006 517 2044; x_wconf 85' lang='lat' dir='ltr'>docuimus</span> <span class='ocrx_word' id='word_1_254' title='bbox 558 2006 690 2045; x_wconf 89' lang='lat' dir='ltr'>Vossii</span> <span class='ocrx_word' id='word_1_255' title='bbox 730 2007 979 2057; x_wconf 83' lang='lat' dir='ltr'>auctoritate,</span> <span class='ocrx_word' id='word_1_256' title='bbox 1022 2008 1126 2047; x_wconf 89' lang='lat' dir='ltr'>Diss.</span> <span class='ocrx_word' id='word_1_257' title='bbox 1160 2009 1229 2048; x_wconf 91' lang='grc' dir='ltr'><strong>ΙΙΙ.</strong></span> <span class='ocrx_word' id='word_1_258' title='bbox 1262 2023 1299 2061; x_wconf 88' lang='lat' dir='ltr'>p.</span> <span class='ocrx_word' id='word_1_259' title='bbox 1333 2014 1428 2050; x_wconf 79' lang='lat'>314.</span> <span class='ocrx_word' id='word_1_260' title='bbox 1488 2011 1714 2066; x_wconf 83' lang='lat' dir='ltr'>Adscripsit</span> 
     </span>
     <span class='ocr_line' id='line_1_28' title="bbox 72 2073 1712 2133; baseline 0.005 -21"><span class='ocrx_word' id='word_1_261' title='bbox 72 2074 181 2112; x_wconf 87' lang='lat' dir='ltr'>etiam</span> <span class='ocrx_word' id='word_1_262' title='bbox 212 2073 264 2112; x_wconf 86' lang='lat' dir='ltr'>Is.</span> <span class='ocrx_word' id='word_1_263' title='bbox 298 2073 462 2113; x_wconf 84' lang='lat' dir='ltr'>Vossius</span> <span class='ocrx_word' id='word_1_264' title='bbox 501 2075 705 2125; x_wconf 83' lang='lat' dir='ltr'>exemplari</span> <span class='ocrx_word' id='word_1_265' title='bbox 737 2075 789 2113; x_wconf 89' lang='lat' dir='ltr'>illi</span> <span class='ocrx_word' id='word_1_266' title='bbox 820 2089 889 2114; x_wconf 90' lang='lat' dir='ltr'>suo</span> <span class='ocrx_word' id='word_1_267' title='bbox 921 2077 1157 2116; x_wconf 84' lang='lat' dir='ltr'>coniecturas</span> <span class='ocrx_word' id='word_1_268' title='bbox 1189 2078 1406 2131; x_wconf 84' lang='lat' dir='ltr'>nonnullas,</span> <span class='ocrx_word' id='word_1_269' title='bbox 1443 2093 1592 2133; x_wconf 90' lang='lat' dir='ltr'>quarum</span> <span class='ocrx_word' id='word_1_270' title='bbox 1624 2094 1712 2132; x_wconf 82' lang='lat' dir='ltr'>eas,</span> 
     </span>
     <span class='ocr_line' id='line_1_29' title="bbox 72 2143 1186 2195; baseline 0.004 -15"><span class='ocrx_word' id='word_1_271' title='bbox 72 2155 167 2195; x_wconf 87' lang='lat' dir='ltr'>quae</span> <span class='ocrx_word' id='word_1_272' title='bbox 198 2143 242 2181; x_wconf 90' lang='lat' dir='ltr'>ad</span> <span class='ocrx_word' id='word_1_273' title='bbox 278 2143 391 2182; x_wconf 87' lang='lat' dir='ltr'>Diras</span> <span class='ocrx_word' id='word_1_274' title='bbox 422 2146 618 2195; x_wconf 76' lang='lat' dir='ltr'>spectant,</span> <span class='ocrx_word' id='word_1_275' title='bbox 652 2145 934 2183; x_wconf 85' lang='lat' dir='ltr'>commemoravi</span> <span class='ocrx_word' id='word_1_276' title='bbox 966 2146 1044 2183; x_wconf 91' lang='lat' dir='ltr'>suis</span> <span class='ocrx_word' id='word_1_277' title='bbox 1077 2145 1186 2185; x_wconf 89' lang='lat' dir='ltr'>loeis.</span> 
     </span>
    </p>

    <p class='ocr_par' dir='ltr' id='par_1_3' title="bbox 71 2211 1713 3026">
     <span class='ocr_line' id='line_1_30' title="bbox 158 2211 1713 2270; baseline 0.006 -22"><span class='ocrx_word' id='word_1_278' title='bbox 158 2211 207 2249; x_wconf 89' lang='lat' dir='ltr'>Hi</span> <span class='ocrx_word' id='word_1_279' title='bbox 241 2214 348 2260; x_wconf 82' lang='lat' dir='ltr'>sunt,</span> <span class='ocrx_word' id='word_1_280' title='bbox 379 2212 613 2250; x_wconf 86' lang='lat' dir='ltr'>Petavianus</span> <span class='ocrx_word' id='word_1_281' title='bbox 646 2215 683 2251; x_wconf 86' lang='lat' dir='ltr'>et</span> <span class='ocrx_word' id='word_1_282' title='bbox 714 2212 943 2263; x_wconf 61' lang='lat' dir='ltr'>Tamucus,</span> <span class='ocrx_word' id='word_1_283' title='bbox 986 2215 1046 2266; x_wconf 89' lang='lat' dir='ltr'>qui</span> <span class='ocrx_word' id='word_1_284' title='bbox 1080 2215 1236 2254; x_wconf 87' lang='lat' dir='ltr'>Heinsio</span> <span class='ocrx_word' id='word_1_285' title='bbox 1268 2217 1312 2255; x_wconf 89' lang='lat' dir='ltr'>ad</span> <span class='ocrx_word' id='word_1_286' title='bbox 1346 2217 1459 2257; x_wconf 88' lang='lat' dir='ltr'>Diras</span> <span class='ocrx_word' id='word_1_287' title='bbox 1490 2219 1713 2270; x_wconf 85' lang='lat' dir='ltr'>simpliciter</span> 
     </span>
     <span class='ocr_line' id='line_1_31' title="bbox 72 2280 1712 2334; baseline 0.005 -15"><span class='ocrx_word' id='word_1_288' title='bbox 72 2281 149 2319; x_wconf 78' lang='lat' dir='ltr'>duo</span> <span class='ocrx_word' id='word_1_289' title='bbox 180 2282 352 2333; x_wconf 70' lang='lat' dir='ltr'>scripti,</span> <span class='ocrx_word' id='word_1_290' title='bbox 392 2280 453 2319; x_wconf 86' lang='lat' dir='ltr'>vel</span> <span class='ocrx_word' id='word_1_291' title='bbox 487 2281 697 2320; x_wconf 75' lang='lat' dir='ltr'>Gallicani</span> <span class='ocrx_word' id='word_1_292' title='bbox 727 2282 921 2320; x_wconf 88' lang='lat' dir='ltr'>dicuntur:</span> <span class='ocrx_word' id='word_1_293' title='bbox 973 2284 1020 2322; x_wconf 84' lang='lat' dir='ltr'>cl&#39;.</span> <span class='ocrx_word' id='word_1_294' title='bbox 1053 2283 1227 2334; x_wconf 81' lang='lat' dir='ltr'>Epistola</span> <span class='ocrx_word' id='word_1_295' title='bbox 1259 2286 1341 2324; x_wconf 87' lang='lat' dir='ltr'>eius</span> <span class='ocrx_word' id='word_1_296' title='bbox 1372 2287 1417 2325; x_wconf 88' lang='lat' dir='ltr'>ad</span> <span class='ocrx_word' id='word_1_297' title='bbox 1449 2286 1526 2326; x_wconf 86' lang='lat' dir='ltr'>Iac.</span> <span class='ocrx_word' id='word_1_298' title='bbox 1560 2287 1712 2327; x_wconf 87' lang='lat' dir='ltr'>Grono-</span> 
     </span>
     <span class='ocr_line' id='line_1_32' title="bbox 74 2349 1713 2409; baseline 0.005 -21"><span class='ocrx_word' id='word_1_299' title='bbox 74 2351 172 2388; x_wconf 81' lang='lat' dir='ltr'>vium</span> <span class='ocrx_word' id='word_1_300' title='bbox 205 2349 300 2400; x_wconf 86' lang='lat' dir='ltr'>apud</span> <span class='ocrx_word' id='word_1_301' title='bbox 334 2349 531 2387; x_wconf 87' lang='lat' dir='ltr'>Burmann.</span> <span class='ocrx_word' id='word_1_302' title='bbox 574 2350 699 2401; x_wconf 79' lang='lat' dir='ltr'>Epist.</span> <span class='ocrx_word' id='word_1_303' title='bbox 732 2350 776 2388; x_wconf 87' lang='lat' dir='ltr'>ad</span> <span class='ocrx_word' id='word_1_304' title='bbox 810 2351 997 2401; x_wconf 87' lang='lat' dir='ltr'>lloppium</span> <span class='ocrx_word' id='word_1_305' title='bbox 1038 2366 1075 2403; x_wconf 89' lang='lat' dir='ltr'>p.</span> <span class='ocrx_word' id='word_1_306' title='bbox 1110 2368 1189 2393; x_wconf 72' lang='lat' dir='ltr'>mv.</span> <span class='ocrx_word' id='word_1_307' title='bbox 1251 2354 1363 2394; x_wconf 85' lang='lat' dir='ltr'>Alios</span> <span class='ocrx_word' id='word_1_308' title='bbox 1395 2356 1513 2395; x_wconf 87' lang='lat' dir='ltr'>libros</span> <span class='ocrx_word' id='word_1_309' title='bbox 1544 2359 1713 2409; x_wconf 84' lang='lat' dir='ltr'>scriptos</span> 
     </span>
     <span class='ocr_line' id='line_1_33' title="bbox 71 2416 1712 2477; baseline 0.005 -20"><span class='ocrx_word' id='word_1_310' title='bbox 71 2419 243 2470; x_wconf 84' lang='lat' dir='ltr'>antiquos</span> <span class='ocrx_word' id='word_1_311' title='bbox 285 2429 355 2456; x_wconf 87' lang='lat' dir='ltr'>non</span> <span class='ocrx_word' id='word_1_312' title='bbox 399 2416 575 2457; x_wconf 77' lang='lat' dir='ltr'>habehat.</span> <span class='ocrx_word' id='word_1_313' title='bbox 646 2418 866 2458; x_wconf 80' lang='lat' dir='ltr'>Tlruaneum</span> <span class='ocrx_word' id='word_1_314' title='bbox 905 2424 1044 2464; x_wconf 88' lang='lat' dir='ltr'>autem,</span> <span class='ocrx_word' id='word_1_315' title='bbox 1089 2424 1127 2461; x_wconf 83' lang='lat' dir='ltr'>ut</span> <span class='ocrx_word' id='word_1_316' title='bbox 1167 2436 1216 2462; x_wconf 82' lang='lat' dir='ltr'>ex</span> <span class='ocrx_word' id='word_1_317' title='bbox 1256 2424 1443 2475; x_wconf 86' lang='lat' dir='ltr'>Epistolis</span> <span class='ocrx_word' id='word_1_318' title='bbox 1476 2427 1510 2465; x_wconf 92' lang='lat' dir='ltr'>in</span> <span class='ocrx_word' id='word_1_319' title='bbox 1544 2427 1712 2477; x_wconf 65' lang='lat' dir='ltr'>Sylloge</span> 
     </span>
     <span class='ocr_line' id='line_1_34' title="bbox 71 2486 1709 2542; baseline 0.005 -16"><span class='ocrx_word' id='word_1_320' title='bbox 71 2488 196 2526; x_wconf 84' lang='lat' dir='ltr'>Burm.</span> <span class='ocrx_word' id='word_1_321' title='bbox 217 2487 264 2525; x_wconf 81' lang='lat' dir='ltr'>T.</span> <span class='ocrx_word' id='word_1_322' title='bbox 288 2486 354 2525; x_wconf 87' lang='grc' dir='ltr'><strong>ΙΙΙ.</strong></span> <span class='ocrx_word' id='word_1_323' title='bbox 375 2486 538 2537; x_wconf 80' lang='lat' dir='ltr'>colligo,</span> <span class='ocrx_word' id='word_1_324' title='bbox 573 2487 783 2528; x_wconf 82' lang='lat' dir='ltr'>contulerat</span> <span class='ocrx_word' id='word_1_325' title='bbox 814 2501 921 2540; x_wconf 85' lang='lat' dir='ltr'>quum</span> <span class='ocrx_word' id='word_1_326' title='bbox 953 2490 1153 2529; x_wconf 89' lang='lat' dir='ltr'>secundum</span> <span class='ocrx_word' id='word_1_327' title='bbox 1184 2492 1342 2532; x_wconf 87' lang='lat' dir='ltr'>Parisiis</span> <span class='ocrx_word' id='word_1_328' title='bbox 1374 2496 1500 2542; x_wconf 77' lang='lat' dir='ltr'>esset,</span> <span class='ocrx_word' id='word_1_329' title='bbox 1534 2509 1567 2534; x_wconf 89' lang='lat' dir='ltr'>a.</span> <span class='ocrx_word' id='word_1_330' title='bbox 1589 2499 1709 2535; x_wconf 75' lang='lat'>1651.</span> 
     </span>
     <span class='ocr_line' id='line_1_35' title="bbox 73 2555 1711 2615; baseline 0.007 -22"><span class='ocrx_word' id='word_1_331' title='bbox 73 2555 144 2593; x_wconf 79' lang='lat' dir='ltr'>Vel</span> <span class='ocrx_word' id='word_1_332' title='bbox 178 2556 284 2593; x_wconf 80' lang='lat' dir='ltr'>etiam</span> <span class='ocrx_word' id='word_1_333' title='bbox 318 2557 384 2594; x_wconf 85' lang='lat' dir='ltr'>l&#39;uit</span> <span class='ocrx_word' id='word_1_334' title='bbox 415 2556 511 2594; x_wconf 86' lang='lat' dir='ltr'>inter</span> <span class='ocrx_word' id='word_1_335' title='bbox 541 2569 608 2595; x_wconf 89' lang='lat' dir='ltr'>cos</span> <span class='ocrx_word' id='word_1_336' title='bbox 641 2557 793 2595; x_wconf 88' lang='lat' dir='ltr'>codices</span> <span class='ocrx_word' id='word_1_337' title='bbox 824 2556 1080 2597; x_wconf 71' lang='lat' dir='ltr'>bibliothecae</span> <span class='ocrx_word' id='word_1_338' title='bbox 1111 2560 1342 2610; x_wconf 84' lang='lat' dir='ltr'>Thuaneac,</span> <span class='ocrx_word' id='word_1_339' title='bbox 1375 2576 1470 2615; x_wconf 85' lang='lat' dir='ltr'>quos</span> <span class='ocrx_word' id='word_1_340' title='bbox 1502 2564 1711 2604; x_wconf 81' lang='lat' dir='ltr'>Bullialdus</span> 
     </span>
     <span class='ocr_line' id='line_1_36' title="bbox 73 2623 1710 2679; baseline 0.005 -16"><span class='ocrx_word' id='word_1_341' title='bbox 73 2623 173 2675; x_wconf 66' lang='lat' dir='ltr'>Syll.</span> <span class='ocrx_word' id='word_1_342' title='bbox 209 2625 329 2662; x_wconf 69' lang='lat' dir='ltr'>Bm‘m.</span> <span class='ocrx_word' id='word_1_343' title='bbox 362 2624 410 2662; x_wconf 82' lang='lat' dir='ltr'>T.</span> <span class='ocrx_word' id='word_1_344' title='bbox 445 2624 492 2662; x_wconf 92' lang='lat' dir='ltr'>V.</span> <span class='ocrx_word' id='word_1_345' title='bbox 535 2638 572 2675; x_wconf 86' lang='lat' dir='ltr'>p.</span> <span class='ocrx_word' id='word_1_346' title='bbox 607 2629 701 2664; x_wconf 69' lang='lat'><strong>(304.</strong></span> <span class='ocrx_word' id='word_1_347' title='bbox 743 2625 903 2665; x_wconf 88' lang='lat' dir='ltr'>delatum</span> <span class='ocrx_word' id='word_1_348' title='bbox 935 2627 1000 2674; x_wconf 79' lang='lat' dir='ltr'>iri,</span> <span class='ocrx_word' id='word_1_349' title='bbox 1034 2629 1137 2666; x_wconf 88' lang='lat' dir='ltr'>iussu</span> <span class='ocrx_word' id='word_1_350' title='bbox 1170 2629 1341 2679; x_wconf 62' lang='lat' dir='ltr'>Thumi,</span> <span class='ocrx_word' id='word_1_351' title='bbox 1374 2631 1418 2669; x_wconf 88' lang='lat' dir='ltr'>ad</span> <span class='ocrx_word' id='word_1_352' title='bbox 1452 2633 1644 2670; x_wconf 84' lang='lat' dir='ltr'>lleinsium</span> <span class='ocrx_word' id='word_1_353' title='bbox 1676 2635 1710 2672; x_wconf 92' lang='lat' dir='ltr'>in</span> 
     </span>
     <span class='ocr_line' id='line_1_37' title="bbox 71 2693 1709 2746; baseline 0.005 -15"><span class='ocrx_word' id='word_1_354' title='bbox 71 2693 306 2732; x_wconf 87' lang='lat' dir='ltr'>Ilollandiam</span> <span class='ocrx_word' id='word_1_355' title='bbox 344 2694 547 2741; x_wconf 70' lang='lat' dir='ltr'>significat.</span> <span class='ocrx_word' id='word_1_356' title='bbox 618 2695 706 2743; x_wconf 82' lang='lat' dir='ltr'>Ego</span> <span class='ocrx_word' id='word_1_357' title='bbox 747 2695 792 2734; x_wconf 85' lang='lat' dir='ltr'>ad</span> <span class='ocrx_word' id='word_1_358' title='bbox 824 2695 938 2734; x_wconf 87' lang='lat' dir='ltr'>Diras</span> <span class='ocrx_word' id='word_1_359' title='bbox 970 2697 1154 2746; x_wconf 84' lang='lat' dir='ltr'>triplicem</span> <span class='ocrx_word' id='word_1_360' title='bbox 1193 2697 1305 2737; x_wconf 85' lang='lat' dir='ltr'>habui</span> <span class='ocrx_word' id='word_1_361' title='bbox 1346 2698 1501 2739; x_wconf 78' lang='lat' dir='ltr'>Codicis</span> <span class='ocrx_word' id='word_1_362' title='bbox 1540 2700 1709 2740; x_wconf 84' lang='lat' dir='ltr'>Thuanei</span> 
     </span>
     <span class='ocr_line' id='line_1_38' title="bbox 73 2762 1710 2820; baseline 0.005 -20"><span class='ocrx_word' id='word_1_363' title='bbox 73 2762 340 2801; x_wconf 83' lang='lat' dir='ltr'>collationem:</span> <span class='ocrx_word' id='word_1_364' title='bbox 376 2775 478 2800; x_wconf 90' lang='lat' dir='ltr'>unam</span> <span class='ocrx_word' id='word_1_365' title='bbox 511 2762 658 2802; x_wconf 85' lang='lat' dir='ltr'>Ileinsii</span> <span class='ocrx_word' id='word_1_366' title='bbox 680 2765 971 2816; x_wconf 85' lang='lat' dir='ltr'>Burmannique,</span> <span class='ocrx_word' id='word_1_367' title='bbox 1003 2765 1155 2804; x_wconf 81' lang='lat' dir='ltr'>alteram</span> <span class='ocrx_word' id='word_1_368' title='bbox 1186 2766 1238 2806; x_wconf 86' lang='lat' dir='ltr'>Is.</span> <span class='ocrx_word' id='word_1_369' title='bbox 1272 2769 1405 2807; x_wconf 86' lang='lat' dir='ltr'>Vossii</span> <span class='ocrx_word' id='word_1_370' title='bbox 1437 2770 1471 2807; x_wconf 94' lang='lat' dir='ltr'>in</span> <span class='ocrx_word' id='word_1_371' title='bbox 1505 2770 1710 2820; x_wconf 85' lang='lat' dir='ltr'>exemplari</span> 
     </span>
     <span class='ocr_line' id='line_1_39' title="bbox 73 2829 1709 2888; baseline 0.006 -20"><span class='ocrx_word' id='word_1_372' title='bbox 73 2829 159 2878; x_wconf 83' lang='lat' dir='ltr'>illo,</span> <span class='ocrx_word' id='word_1_373' title='bbox 193 2831 340 2869; x_wconf 78' lang='lat' dir='ltr'>tertiam</span> <span class='ocrx_word' id='word_1_374' title='bbox 371 2843 391 2867; x_wconf 89' lang='lat' dir='ltr'>a</span> <span class='ocrx_word' id='word_1_375' title='bbox 423 2830 592 2869; x_wconf 81' lang='lat' dir='ltr'>Lasseno</span> <span class='ocrx_word' id='word_1_376' title='bbox 625 2832 771 2871; x_wconf 82' lang='lat' dir='ltr'>saetam.</span> <span class='ocrx_word' id='word_1_377' title='bbox 834 2832 883 2872; x_wconf 89' lang='lat' dir='ltr'>Ut</span> <span class='ocrx_word' id='word_1_378' title='bbox 914 2835 981 2872; x_wconf 88' lang='lat' dir='ltr'>iam</span> <span class='ocrx_word' id='word_1_379' title='bbox 1014 2836 1108 2873; x_wconf 86' lang='lat' dir='ltr'>satis</span> <span class='ocrx_word' id='word_1_380' title='bbox 1140 2840 1289 2875; x_wconf 87' lang='lat' dir='ltr'>constet</span> <span class='ocrx_word' id='word_1_381' title='bbox 1321 2838 1367 2876; x_wconf 91' lang='lat' dir='ltr'>de</span> <span class='ocrx_word' id='word_1_382' title='bbox 1398 2837 1470 2876; x_wconf 87' lang='lat' dir='ltr'>hoc</span> <span class='ocrx_word' id='word_1_383' title='bbox 1501 2839 1709 2888; x_wconf 83' lang='lat' dir='ltr'>praestanti</span> 
     </span>
     <span class='ocr_line' id='line_1_40' title="bbox 71 2897 1709 2953; baseline 0.005 -17"><span class='ocrx_word' id='word_1_384' title='bbox 71 2897 185 2937; x_wconf 88' lang='lat' dir='ltr'>libro.</span> <span class='ocrx_word' id='word_1_385' title='bbox 244 2899 584 2949; x_wconf 74' lang='lat' dir='ltr'>Interpunctionem</span> <span class='ocrx_word' id='word_1_386' title='bbox 615 2899 701 2952; x_wconf 81' lang='lat' dir='ltr'>ille,</span> <span class='ocrx_word' id='word_1_387' title='bbox 733 2901 829 2953; x_wconf 87' lang='lat' dir='ltr'>quod</span> <span class='ocrx_word' id='word_1_388' title='bbox 862 2906 986 2942; x_wconf 89' lang='lat' dir='ltr'>monet</span> <span class='ocrx_word' id='word_1_389' title='bbox 1010 2903 1226 2953; x_wconf 74' lang='lat' dir='ltr'>Lassenus,</span> <span class='ocrx_word' id='word_1_390' title='bbox 1259 2905 1393 2944; x_wconf 88' lang='lat' dir='ltr'>nullam</span> <span class='ocrx_word' id='word_1_391' title='bbox 1424 2905 1539 2945; x_wconf 86' lang='lat' dir='ltr'>habet</span> <span class='ocrx_word' id='word_1_392' title='bbox 1570 2907 1641 2944; x_wconf 87' lang='lat' dir='ltr'>nisi</span> <span class='ocrx_word' id='word_1_393' title='bbox 1674 2908 1709 2945; x_wconf 94' lang='lat' dir='ltr'>in</span> 
     </span>
     <span class='ocr_line' id='line_1_41' title="bbox 72 2967 1709 3026; baseline 0.006 -21"><span class='ocrx_word' id='word_1_394' title='bbox 72 2967 145 3005; x_wconf 86' lang='lat' dir='ltr'>fine</span> <span class='ocrx_word' id='word_1_395' title='bbox 187 2967 420 3015; x_wconf 74' lang='lat' dir='ltr'>singulorum</span> <span class='ocrx_word' id='word_1_396' title='bbox 466 2980 654 3007; x_wconf 86' lang='lat' dir='ltr'>versuum.</span> <span class='ocrx_word' id='word_1_397' title='bbox 730 2969 947 3021; x_wconf 86' lang='lat' dir='ltr'>Speeimina</span> <span class='ocrx_word' id='word_1_398' title='bbox 989 2984 1010 3012; x_wconf 90' lang='lat' dir='ltr'>e</span> <span class='ocrx_word' id='word_1_399' title='bbox 1049 2972 1181 3012; x_wconf 83' lang='lat' dir='ltr'>Colice</span> <span class='ocrx_word' id='word_1_400' title='bbox 1221 2974 1440 3024; x_wconf 85' lang='lat' dir='ltr'>protulimus</span> <span class='ocrx_word' id='word_1_401' title='bbox 1477 2987 1548 3013; x_wconf 91' lang='lat' dir='ltr'>non</span> <span class='ocrx_word' id='word_1_402' title='bbox 1591 2988 1709 3026; x_wconf 84' lang='lat' dir='ltr'>pauca</span> 
     </span>
    </p>
   </div>
   <div class='ocr_carea' id='block_1_3' title="bbox 72 3036 286 3077">
    <p class='ocr_par' dir='ltr' id='par_1_4' title="bbox 72 3036 286 3077">
     <span class='ocr_line' id='line_1_42' title="bbox 72 3036 286 3077; baseline 0 -2"><span class='ocrx_word' id='word_1_403' title='bbox 72 3036 178 3076; x_wconf 88' lang='lat' dir='ltr'>Diss.</span> <span class='ocrx_word' id='word_1_404' title='bbox 218 3036 286 3077; x_wconf 87' lang='lat'>111.</span> 
     </span>
    </p>
   </div>
  </div>
 </body>
</html>
