2006 3365
626 148 892 190 RECENSIO
926 148 1216 190 LlBRORUM.
1654 154 1755 197 379

118 265 238 302 etiam
282 262 477 303 lectione:
524 278 651 317 neque
681 264 728 303 ob
760 265 803 304 id
842 264 976 313 modo,
1021 266 1126 319 qecod
1158 265 1445 305 inemendatum
1474 263 1596 305 habui
1625 277 1755 303 exem-

115 331 240 383 plar:
283 345 385 385 quae
415 346 482 371 res
511 333 718 386 plurimum
748 333 912 372 obstare
942 334 1200 373 intellectioni
1240 334 1372 373 solet:
1417 336 1584 388 quinimo
1636 333 1682 371 ob
1713 332 1757 371 id

119 412 293 453 qnoque,
330 404 510 453 qnoniam
543 401 629 439 dnm
662 402 704 440 id
731 408 923 454 pauperet
955 415 1136 450 carmen,
1169 404 1352 442 novicius
1380 403 1511 442 adhuc
1531 401 1663 440 Poeta
1681 404 1753 439 etc.

203 467 322 505 Huius
355 469 492 518 prinmc
524 470 697 508 editionis
739 469 964 519 exemplaria
997 474 1151 508 exstant
1184 472 1281 509 inter
1312 484 1353 509 se
1386 472 1554 509 diversa.
1615 470 1754 508 Partim

116 548 183 583 eo,
231 537 326 587 quod
362 537 540 587 Episcopi
574 537 789 575 meriensis
822 538 993 587 Epistola
1025 538 1060 575 in
1093 538 1176 577 aliis
1209 538 1423 578 nonhabet
1454 538 1754 589 inscriptionem,

117 605 152 641 in
183 604 294 654 aliis,
342 608 439 643 teste
479 605 624 653 Lairio,
665 604 807 643 babet:
853 606 898 643 dc
936 618 1007 658 quo
1048 606 1116 643 iam
1158 608 1291 644 monui.
1363 606 1457 645 Tum
1499 619 1618 652 vero,
1657 606 1754 658 quod

115 674 297 722 gravius,
331 673 471 711 Lusus
501 680 704 726 poetarum
737 676 776 711 in
810 674 1001 726 Priapum
1033 675 1068 711 in
1102 686 1146 712 eo
1179 675 1377 724 exemplo,
1412 675 1507 725 quod
1540 688 1631 724 pag.
1662 678 1753 713 147.

114 741 296 779 describit
327 741 496 790 Lan-ius,
530 754 599 779 non
633 746 718 780 sunt
749 742 885 789 additi,
918 745 1005 780 sunt
1037 742 1180 791 additi,
1214 746 1251 780 et
1283 746 1469 793 occupant
1501 743 1663 794 quinque
1692 745 1754 780 t'o-

114 808 182 858 lia,
214 810 248 847 in
282 822 349 858 eo,
389 811 484 862 quud
526 811 618 848 idem
661 810 839 848 describit
879 823 915 860 p.
961 813 1051 849 1⁴8.
1135 811 1193 849 De
1232 811 1404 849 Parisino
1447 810 1619 861 exemplo
1664 810 1753 848 nibil

115 876 236 915 babeo
282 890 440 928 prorsus
486 880 602 923 certi,
644 878 711 916 sed
755 878 929 916 videntur
967 878 1014 916 ab
1058 891 1102 917 co
1142 879 1294 917 abesse.
1369 879 1466 918 [linc
1505 878 1638 917 infelix
1670 882 1755 917 nata

113 946 236 984 Lairio
268 959 304 996 p.
326 950 432 995 ¹150.
466 947 682 985 coniectura
713 946 760 984 de
791 947 911 985 tribus
944 947 1099 996 Virgilii
1133 948 1363 986 editionibus
1391 948 1570 987 Romanis
1602 960 1652 986 ex
1685 959 1753 985 ea·-

113 1015 193 1052 dem
225 1015 402 1053 officina:
443 1027 530 1061 una,
563 1027 668 1066 quam
700 1015 991 1065 descripsimus,
1024 1016 1140 1054 altera
1172 1029 1251 1055 cum
1285 1017 1496 1067 Priapeiis‚
1544 1016 1655 1055 tertia
1685 1028 1753 1064 ca,

113 1096 208 1135 quae
239 1096 279 1122 re
312 1096 402 1122 vera
435 1084 600 1122 secunda
632 1086 704 1122 cst.
766 1084 887 1122 Multo
922 1085 1002 1122 veri
1036 1085 1191 1122 similius
1223 1087 1308 1135 est,
1342 1085 1438 1137 quod
1471 1084 1556 1123 aliis
1589 1085 1624 1122 in
1649 1097 1754 1122 men-

114 1154 184 1190 tem
217 1152 343 1199 venit,
375 1154 485 1203 atque
517 1152 588 1202 ipsi
630 1155 716 1190 ante
756 1153 910 1190 animum
950 1152 1075 1192 Lairio
1114 1166 1152 1204 p.
1187 1157 1279 1192 148.
1323 1153 1571 1201 versabatur,
1612 1153 1754 1204 primae

112 1221 234 1258 statim
267 1219 458 1258 Romanae
490 1220 678 1259 destinata
720 1220 918 1271 Priapeia,
962 1222 1027 1259 sed
1069 1223 1252 1272 impressa
1292 1223 1360 1260 iam
1400 1221 1575 1260 absoluto
1607 1234 1752 1272 opere,

110 1288 194 1327 aliis
227 1288 412 1339 exemplis
443 1289 589 1327 adiecta
627 1290 767 1336 fuisse,
813 1289 898 1327 aliis
938 1303 1009 1328 non
1051 1291 1212 1330 adiecta.
1282 1291 1497 1341 Episcopus
1538 1290 1754 1329 Aleriensis

112 1369 207 1409 quae
239 1357 283 1395 ad
319 1357 468 1396 Paulum
502 1356 551 1395 ll.
585 1358 717 1395 scribit
749 1358 794 1396 de
827 1371 871 1396 eo
904 1358 1107 1408 opusculo,
1150 1360 1221 1397 etsi
1268 1359 1434 1411 Virgilio
1467 1359 1553 1397 illud
1587 1359 1754 1397 tribucre

110 1437 183 1463 non
214 1426 348 1473 audet,
382 1426 433 1464 ita
465 1426 606 1476 scripta
635 1429 748 1476 sunt,
782 1430 820 1465 ut
836 1427 1079 1465 adiiciendum
1110 1428 1228 1466 l'uissc
1255 1431 1449 1479 appareat.
1512 1428 1657 1466 Scribit
1677 1427 1752 1466 ita:

113 1494 332 1547 Prz'apeam
363 1495 473 1534 illam
504 1495 656 1548 quidem
688 1509 834 1547 spurce
864 1498 1020 1535 nimium
1051 1499 1243 1549 scriptam
1269 1510 1342 1535 non
1373 1497 1631 1548 ineleyantem
1661 1510 1756 1536 esse

111 1564 262 1615 fateor.
322 1563 405 1602 Sed
435 1577 487 1601 an
518 1566 652 1616 optimi
682 1570 804 1618 atque
833 1565 1118 1604 modestissimi
1158 1568 1213 1605 sit
1259 1566 1400 1614 Valis,
1443 1567 1626 1620 quereiam
1657 1579 1756 1604 non-

114 1632 214 1670 nulli
243 1631 472 1683 ambifflun,
513 1646 764 1686 nequaquam
796 1636 1052 1673 asseruerim.
1114 1635 1185 1673 Ea
1220 1640 1349 1673 tamen
1395 1636 1435 1673 si
1472 1634 1632 1673 honesti
1662 1641 1757 1673 tan-

115 1707 194 1739 tum
223 1700 411 1749 haberet,
446 1707 631 1755 (saccutum
662 1702 885 1740 latinitalis
918 1703 1118 1751 ostendit,
1164 1704 1347 1755 forsitan
1384 1710 1527 1755 posset
1570 1703 1757 1755 operibns

117 1770 445 1821 uigilantissimis
485 1770 570 1817 (sic
609 1770 644 1808 in
683 1771 766 1809 cod.
808 1772 920 1819 Rasa,
953 1784 1015 1822 ap.
1055 1771 1199 1823 Quirin.
1242 1772 1383 1824 opibus
1424 1771 1756 1823 vigilatissimis)

117 1841 355 1890 comparari.
419 1840 533 1895 Quae
560 1846 724 1891 praeter
753 1841 853 1879 haee
885 1839 1095 1892 Opuseula
1127 1842 1166 1878 in
1198 1847 1335 1879 nostro
1368 1847 1461 1880 sunt
1482 1841 1654 1889 Codice,
1684 1845 1758 1879 etc.

202 1907 244 1945 In
276 1907 449 1957 exemplo
470 1908 672 1956 Parisino,
707 1908 802 1960 quod
837 1909 1052 1960 caeteroqui
1086 1908 1276 1959 pulchrum
1311 1913 1369 1948 est
1400 1921 1444 1947 ac
1475 1909 1644 1959 perbene
1664 1921 1759 1947 con-

117 1980 334 2023 servatum,
368 1976 491 2013 solium
525 1977 692 2023 excidit,
734 1990 805 2028 quo
838 1978 1074 2015 continentur
1107 1982 1275 2016 extrema
1310 1977 1474 2023 Culicis,
1518 1982 1556 2017 ct
1587 1978 1758 2016 Dirarum

117 2044 269 2082 initium.
330 2044 474 2081 Finitur
506 2057 610 2081 unmn
644 2044 767 2082 solium
800 2044 871 2082 boc
904 2058 1044 2084 versu:
1091 2047 1162 2085 Illi
1209 2047 1331 2086 laude
1368 2048 1446 2099 saa
1478 2049 1653 2098 uiyeant.
1686 2059 1758 2098 eqo

117 2112 241 2167 Dilis
256 2112 420 2167 opacos.
468 2112 605 2163 Incipit
627 2112 807 2152 alterum:
841 2113 1038 2168 Neqnicq'
1070 2114 1230 2170 nostris
1251 2115 1396 2170 potius
1420 2115 1568 2154 deuota
1593 2115 1758 2171 libellis.

602 2309 663 2365 R
689 2328 721 2364 ο
745 2328 797 2365 m
820 2330 856 2365 a
881 2329 919 2366 n
942 2330 978 2366 a
1019 2310 1101 2366 ΙΙ.
1173 2312 1273 2385 sol.

202 2439 381 2479 Iolla-nis
413 2441 574 2479 Amlree
605 2442 803 2496 Episcopi
833 2442 1007 2481 Alerien—
1039 2444 1079 2481 in
1111 2443 1245 2496 Cyrno
1278 2442 1384 2497 idest
1416 2442 1590 2497 Corsica
1614 2441 1759 2496 Insula

202 2510 243 2547 in
288 2509 502 2563 secundam
558 2510 713 2562 l'irgsilii
763 2510 1036 2564 Impsessioneff
1084 2513 1139 2552 ad
1190 2512 1447 2565 Pomponiam
1496 2509 1759 2563 infortunatav

201 2577 314 2632 sacrm
356 2578 560 2632 Epistola.

202 2645 424 2701 Eloqudlz’e
458 2646 682 2701 sple'dore:
728 2652 759 2688 ἀ
789 2647 891 2688 reris
922 2649 1132 2701 aliquante.
1165 2649 1433 2703 locupletiore*
1470 2649 1639 2701 Virgsilio
1670 2648 1757 2687 Po-

202 2714 277 2755 eld
303 2728 311 2752 :
356 2713 442 2753 αηιῖ
471 2716 654 2770 sortasse
685 2716 864 2756 Ilomerel
896 2719 1042 2758 Greci:
1084 2721 1156 2758 etc.

203 2796 311 2834 Haec
342 2796 455 2833 editio
488 2799 569 2844 est,
605 2809 708 2848 quam
740 2801 826 2836 ante
859 2798 989 2837 oculos
1022 2799 1187 2838 babebat
1222 2799 1400 2852 Quirinus
1422 2798 1480 2836 Dc
1512 2802 1590 2847 opt.
1623 2798 1754 2847 script.

118 2865 312 2903 editionib.
347 2865 457 2903 Rom.
491 2878 526 2915 p.
564 2868 652 2902 161.
685 2879 768 2917 sqq.
801 2868 861 2905 cd.
895 2868 1052 2907 Scbellr.
1086 2873 1123 2908 ct
1155 2882 1259 2920 quam
1292 2868 1475 2905 describit
1496 2867 1643 2904 Lairius
1676 2865 1699 2902 Ι.
1730 2864 1755 2903 l.

119 2937 196 2972 not.
229 2948 267 2971 x.
300 2947 337 2983 p.
376 2936 465 2970 1⁴8.
499 2946 581 2984 sqq.
642 2933 846 2972 'l'urbatum
878 2940 960 2985 est,
1002 2938 1087 2976 slve
1120 2936 1313 2977 consulto7
1356 2935 1440 2973 sive
1473 2947 1538 2985 pcr
1569 2947 1754 2982 errorem,

119 3003 155 3040 in
187 3002 383 3053 Epistulae
415 3003 670 3053 inscriptione.
744 3002 837 3042 Nam
878 3005 1050 3055 Epistula
1089 3005 1217 3043 eadem
1258 3006 1338 3053 est,
1378 3016 1483 3055 quam
1525 3002 1685 3041 vidimus
1717 3003 1754 3042 in
