2006 3365
524 173 578 211 lN
618 173 834 213 VALERll
867 173 1103 214 CATONIS
1135 173 1314 214 DlRAS.
1670 176 1735 219 79

189 285 347 325 Nosset
378 289 451 326 iter
482 287 632 328 ducens
657 289 707 328 E.
732 296 758 328 t.
785 288 831 327 L.
849 289 964 328 Ditis
983 290 1102 328 Autv.
1127 292 1244 327 1556.
1283 292 1398 327 1580.
1430 290 1468 327 et
1490 289 1546 326 sic
1565 288 1634 326 iam
1661 290 1742 327 erat

102 354 136 392 in
160 366 279 404 marg.
308 355 486 405 Mogunt.
519 360 636 396 1549.
676 358 743 396 sed
771 356 859 395 nihil
884 356 956 395 hoc
981 360 1041 396 est
1064 357 1134 395 nisi
1154 358 1304 403 vitium,
1328 357 1484 397 Nosset
1502 369 1551 395 cx
1572 356 1741 396 Nosces.

185 489 235 530 V.
269 493 335 530 42.
396 502 589 535 vrelNAE
616 502 848 536 ΡιΑΜΜΑΕ
875 502 1084 535 ηΑΡιΑΝΤ
1110 502 1172 535 Ex
1199 502 1373 535 omnm:
1399 503 1550 537 vrrEs.
1617 491 1740 531 Vine-

100 562 174 599 tum
206 561 326 598 fuisse
358 561 462 599 iuxta
494 562 628 600 silvam
661 565 831 612 apparet.
874 560 936 599 Ac
971 563 1136 599 fortasse
1166 574 1215 599 ex
1246 560 1317 599 hoc
1348 563 1431 612 ipso
1465 564 1593 601 vineto
1624 575 1741 601 uvam

100 629 318 682 decerpens
351 629 474 680 Lydia
505 631 706 682 cogitanda
738 633 817 678 cst,
849 630 885 667 in
918 629 1065 677 Ecloga
1098 643 1136 667 v.
1162 632 1225 666 ll.
1285 629 1394 667 Nunc
1425 642 1502 668 cum
1534 643 1578 669 co
1610 631 1739 670 vineto

99 697 273 735 [lammam
307 700 588 747 comnmnicari,
629 703 666 737 et
696 698 848 737 extendi
881 710 949 748 per
979 701 1139 745 segetes
1170 710 1209 734 v.
1244 699 1309 735 43.
1344 700 1410 735 44.
1457 701 1496 736 et
1526 711 1593 748 per
1624 701 1740 738 totum

98 778 229 815 agrum
263 780 299 803 v.
334 769 400 805 45.
435 771 500 805 46.
533 771 599 805 52.
636 768 751 805 iubet.
837 766 985 805 sicinae
1022 768 1094 804 tam
1136 765 1334 803 obscurmn
1374 767 1441 804 l'uit
1480 766 1660 813 Heinsio,
1700 769 1740 806 ut

98 846 228 872 rursus
260 836 395 874 inserat
426 836 584 874 Aetnam
616 847 739 873 suam:
774 834 943 884 videtur,
975 834 1115 885 inquit⁷
1139 831 1295 872 Catonis
1323 833 1413 872 villa
1437 833 1531 873 haec
1551 836 1615 872 aut
1636 834 1739 874 Aet-

98 914 169 941 nac
200 904 326 942 vicina
357 905 477 942 fuisse
506 908 569 942 aut
591 904 775 942 Vesuvio.
819 902 896 941 Sed
927 903 1050 941 statim
1081 904 1239 942 vicinas
1266 915 1309 941 se
1334 902 1464 953 malle,
1495 902 1559 941 vel
1585 905 1738 951 vicino,

97 971 211 1011 addit.
272 973 321 1011 Et
359 973 523 1012 Vicinos
564 972 781 1011 Gronovius
823 973 1038 1010 coniecerat
1075 971 1172 1022 apud
1205 970 1426 1009 Arnoldum.
1485 970 1548 1009 Ad
1589 983 1739 1010 sensum

97 1052 169 1079 non
202 1040 318 1078 male:
361 1041 428 1079 sed
462 1041 676 1090 elegantius
715 1041 760 1079 ad
794 1041 954 1078 flammas
993 1042 1155 1078 refertur
1193 1039 1401 1091 epitheton.
1461 1039 1610 1092 Quippe
1641 1039 1741 1078 silva

98 1123 205 1161 quum
236 1109 364 1157 ardet,
396 1113 434 1148 et
464 1122 570 1161 (pium
601 1112 760 1149 vicinae
791 1109 954 1147 {lammae
984 1121 1121 1159 rapere
1154 1109 1254 1148 vites
1286 1109 1478 1150 dicuntur,
1511 1112 1648 1158 sponte.
1680 1109 1740 1146 in-

96 1177 300 1226 telligitur,
332 1180 434 1216 vites
466 1179 573 1216 etiam
605 1179 709 1228 ipsas
740 1191 828 1217 esse
860 1180 1031 1218 vicinas.
1066 1177 1106 1215 Id
1135 1180 1332 1226 senserat,
1360 1177 1429 1214 nisi
1453 1176 1584 1226 fallor,
1608 1176 1738 1216 Gloss.

96 1245 145 1284 V.
164 1246 194 1284 Ι.
226 1247 286 1298 qui
318 1247 497 1297 apposuit
527 1247 837 1297 explicationem:
871 1246 1012 1285 flamme
1036 1247 1201 1297 rapiant,
1228 1245 1426 1294 invadant,
1451 1245 1598 1284 vicinas
1623 1246 1738 1284 vites.

179 1329 230 1354 ex
259 1316 417 1366 ordine,
450 1314 623 1364 ἑφεξῆς,
657 1316 805 1354 dubium
838 1318 898 1354 est
930 1320 1046 1354 utrum
1078 1317 1147 1362 sit,
1181 1327 1285 1353 unam
1318 1315 1430 1352 vitem
1454 1318 1543 1364 post
1564 1314 1738 1364 alteram,

94 1396 140 1422 an
174 1397 247 1423 suo
281 1384 391 1432 loeo,
422 1392 517 1436 post
549 1385 714 1424 silvam.
756 1384 824 1423 llla
848 1385 1129 1434 significatione
1160 1383 1273 1422 valde
1304 1383 1477 1421 usitatum
1508 1397 1558 1422 ex
1588 1383 1738 1422 ordine.

96 1452 260 1491 Lucilius
291 1452 439 1491 XXIX.
472 1455 604 1503 fragm.
638 1467 673 1490 1..
734 1454 853 1492 Adde
892 1454 1000 1493 alios
1040 1466 1170 1492 omnes
1208 1465 1288 1491 meo
1325 1452 1477 1504 periclo
1513 1463 1562 1490 ex
1594 1451 1736 1489 ordine.

95 1521 195 1559 ldem
218 1521 285 1559 lv,
318 1523 361 1559 t'r.
391 1536 415 1558 1.
447 1522 689 1573 compellans
721 1525 876 1572 ymnius
909 1533 960 1559 ex
990 1522 1121 1559 ordine
1151 1528 1327 1561 nostros.
1368 1520 1565 1559 Lucretius
1584 1519 1615 1558 Ι.
1643 1523 1737 1558 606.

92 1589 162 1627 lv.
195 1591 291 1629 371.
325 1591 419 1629 538.
454 1593 547 1628 971.
580 1591 629 1628 V.
664 1593 756 1628 419.
801 1588 901 1629 Ciris
934 1603 971 1627 v.
1003 1592 1097 1628 417.
1150 1590 1290 1629 Υἰηοια
1323 1596 1380 1628 lot
1412 1590 1608 1628 assiduos
1637 1602 1738 1641 pen-

91 1659 188 1698 debo
221 1671 270 1696 ex
301 1658 430 1697 ordine
462 1658 586 1697 luces.
649 1658 843 1707 Virgilius
878 1659 977 1697 Aen.
1009 1659 1039 1697 Ι.
1074 1662 1168 1697 456.
1211 1659 1319 1697 videt
1351 1657 1489 1696 Iliacas
1526 1670 1576 1696 ex
1606 1657 1739 1696 ordine

89 1740 265 1779 puynas.
325 1727 400 1766 Pro
433 1740 505 1779 quo
543 1730 583 1766 in
621 1730 759 1768 ordine
797 1729 980 1779 reperitur
1021 1728 1234 1780 aliquoties
1297 1726 1401 1767 Ciris
1432 1739 1472 1764 v.
1505 1730 1572 1766 29.
1629 1727 1739 1778 Eryo

94 1796 318 1836 Palladiae
347 1804 534 1836 texuntur
574 1798 609 1836 in
650 1798 779 1837 ordine
808 1811 981 1850 pnfflme.
1042 1797 1210 1836 Lucilius
1242 1796 1311 1835 XI.
1354 1797 1403 1834 l'r.
1434 1811 1501 1834 xv.
1563 1796 1644 1834 Hic
1675 1795 1740 1834 ubi

93 1878 345 1915 consessum,
375 1866 584 1920 pellesque
615 1873 655 1905 uc
687 1867 720 1904 iu
753 1867 885 1905 ordine
916 1874 1062 1905 lentae.
1104 1866 1244 1905 Verum
1276 1878 1397 1917 neque
1429 1864 1582 1903 alteram
1612 1863 1738 1915 expli-

93 1934 272 1972 cationem
306 1935 565 1973 consuetudini
599 1947 812 1985 repugnare
852 1936 1034 1973 seimonis
1066 1938 1169 1985 puto.
1231 1932 1345 1974 Certe
1383 1936 1441 1973 sie
1472 1934 1638 1973 Lucilius
1669 1947 1736 1972 or-

93 2003 183 2042 ‹Iz'ne
213 2003 330 2051 dixit,
364 2002 411 2041 V.
440 2006 485 2041 l'r.
515 2019 598 2042 xiv.
640 2004 787 2043 Flebile
817 2018 939 2057 caepe
969 2004 1106 2052 simul,
1140 2004 1458 2057 lacrimosaeque
1488 2003 1620 2041 ordine
1651 2002 1736 2041 tal-

92 2071 170 2111 lae.
216 2071 253 2110 11.
285 2085 318 2110 e.
351 2071 465 2111 tollae
497 2085 565 2110 suo
597 2072 704 2111 loco:
744 2085 814 2110 nou
849 2077 887 2111 ut
918 2073 1046 2123 plures
1079 2072 1188 2112 tallas
1221 2085 1324 2110 tinam
1357 2074 1445 2122 post
1474 2072 1628 2110 alteram
1659 2083 1731 2122 ap-

92 2141 179 2190 poni
210 2140 326 2190 dicat,
368 2141 435 2179 sed
469 2145 507 2180 ut
538 2140 648 2179 tallas
689 2142 794 2180 iuxta
831 2140 927 2180 alios
968 2142 1088 2180 cibos.
1148 2141 1278 2193 Atque
1317 2140 1390 2180 1106
1427 2142 1602 2192 praefero
1631 2141 1730 2192 apud

92 2207 285 2248 Catonem.

188 2344 238 2384 V.
271 2348 337 2385 43.
370 2350 407 2385 4.
468 2357 751 2391 PASCANTUR
777 2356 1008 2397 SEGETES,
1035 2357 1248 2391 DlFFUSlS
1275 2357 1467 2392 lGNlBUS
1495 2357 1621 2390 AURA
1642 2360 1710 2389 etc.

92 2415 250 2454 Licebat
289 2415 341 2453 ita
379 2415 634 2466 distinguere:
686 2418 847 2457 Vz'einae
886 2417 1066 2468 flammae
1106 2421 1270 2469 rapiant
1306 2431 1356 2456 es
1394 2430 1428 2456 o.
1472 2419 1601 2465 viles,
1644 2417 1732 2456 Pa-

92 2491 260 2524 scuntur
291 2492 470 2535 seqetes:
503 2490 541 2525 ut
572 2494 728 2538 seyetes
755 2490 860 2524 essct
883 2486 1153 2535 accusativus,
1186 2490 1225 2525 et
1245 2488 1366 2539 pasci
1387 2486 1599 2525 dicerentur
1621 2486 1734 2537 flam-

91 2566 201 2603 mae,
243 2566 316 2605 quo
349 2553 454 2590 modo
486 2554 683 2593 Pr1sciano
715 2554 782 2593 lib.
815 2554 964 2594 XVlll.
1002 2558 1120 2594 1168.
1163 2555 1420 2603 observante,
1457 2555 1642 2602 Virgilius
1674 2554 1733 2592 lo·-

91 2623 215 2674 quitur
235 2621 460 2671 Georgdll.
476 2625 569 2662 314.
593 2624 1053 2664 Pascuntur—silvas.
1086 2624 1194 2674 Ego,
1213 2627 1251 2663 ut
1274 2623 1436 2662 alacrior
1461 2623 1565 2663 lieret
1590 2635 1731 2669 sermo,

90 2703 136 2729 ac
165 2692 287 2739 magis
320 2691 470 2739 varius,
502 2692 706 2741 seiungere
737 2692 832 2731 haec
863 2706 884 2731 a
916 2705 1032 2731 versu
1064 2692 1242 2743 praeced.
1274 2704 1389 2730 ausus
1414 2704 1512 2741 sum,
1541 2692 1732 2731 Pus-can-

90 2767 156 2798 tur
185 2767 367 2812 seyetes,
407 2761 445 2797 ut
476 2767 633 2810 seyeles
666 2762 916 2801 nominativus
947 2761 1020 2799 sit:
1060 2761 1132 2799 etsi
1178 2760 1268 2799 nihil
1310 2773 1405 2799 nunc
1437 2759 1555 2798 simile
1586 2759 1730 2808 haheo,

91 2830 348 2880 praeterquam
374 2826 472 2879 quod
494 2835 642 2878 pastus
662 2830 846 2879 reperitur
868 2829 1148 2879 significatione
1166 2830 1336 2880 passiva,
1358 2832 1557 2868 comestus.
1584 2827 1732 2867 Deinde

92 2909 142 2935 ex
173 2897 282 2935 Livio
312 2896 440 2935 XXV.
475 2911 555 2945 x11,
590 2899 653 2935 10.
694 2901 732 2936 et
762 2898 908 2950 quidem
939 2910 990 2937 ex
1022 2899 1182 2937 carmine
1213 2897 1349 2936 Marcii
1383 2897 1506 2941 vatis,
1538 2895 1728 2935 laudatur:

92 2979 179 3004 nam
203 2968 241 3005 z‘s
258 2967 394 3006 Divus
415 2968 640 3017 e.z·slinynet
656 2967 884 3018 perduelles
907 2974 1068 3007 vestros
1084 2996 1097 3016 ,
1120 2970 1188 3021 qui
1207 2973 1367 3006 vestros
1391 2977 1553 3016 campos
1573 2968 1731 3015 pascunt

90 3035 275 3086 placide.
365 3034 431 3075 Sic
462 3035 531 3072 iam
562 3033 748 3073 Domitius
780 3037 818 3074 et
849 3035 988 3074 Badius
1019 3047 1202 3085 accepere
1234 3037 1420 3084 nostrum,
1454 3034 1514 3085 qui
1538 3033 1728 3073 Poscan-
